3390 5542
563 279 740 332 Sternumenta
758 277 824 329 Dolil
843 279 976 330 Austriaci.
1083 339 1087 348 ,
1360 286 1421 347 611

103 471 224 519 narum
239 459 289 519 est
302 455 469 534 maximus,
492 453 634 537 cylinder
655 455 752 538 igitur
765 452 859 534 AGO,
876 452 959 519 oubo
981 451 1137 538 sphaerae
1159 455 1423 540 circumscriptus,

103 544 248 608 omnium
271 543 414 617 aliorum,
432 543 648 625 cylindrorum
669 544 703 606 in
725 542 872 626 sphaera,
894 549 931 607 ut
952 541 1030 622 AIC,
1054 543 1212 608 maximus
1233 549 1289 608 εει.

195 631 315 696 Eadem
339 633 565 698 demonstratio
588 637 693 716 potest
715 633 810 696 etiam
832 651 891 716 per
905 625 1035 696 schema
1058 635 1110 696 22.
1133 633 1166 696 in
1188 633 1275 697 huno
1295 635 1424 700 modum

102 719 238 784 institui.
285 719 425 802 Cylindri
447 727 513 785 tres
536 722 745 786 terminentur
766 721 800 784 iu
814 721 853 800 H,
868 720 905 800 G,
930 721 965 798 B,
990 723 1126 802 punctis,
1151 721 1283 786 eandem
1304 723 1422 788 haben·

103 817 154 874 ιεε
189 808 360 892 diagonion
389 809 450 890 GA,
481 809 573 874 bases
603 807 676 884 ΟΗ,’
697 807 759 888 OG,
785 807 846 886 ΟΒ,
876 807 1059 874 altitudines
1081 807 1149 889 HA,
1173 811 1241 889 GA,
1264 811 1329 877 BA.
1376 813 1424 876 Sit

102 903 215 962 autem
238 896 430 981 quadratum
454 897 507 963 OG
529 897 662 982 duplum
684 897 835 981 quadrati
857 877 924 977 GA,
947 903 979 962 et
995 895 1051 964 CH
1072 895 1206 978 brevior,
1232 897 1283 963 ΟΒ
1300 899 1426 983 longior

101 987 178 1068 ipsa
201 985 265 1052 ΟΟ.
311 987 510 1052 Descendunt
532 986 809 1070 perpendiculares
832 986 865 1050 in
888 986 951 1064 ΟΑ,
976 1006 1060 1069 quae
1082 987 1146 1052 sint
1169 986 1245 1068 HM,
1271 988 1334 1067 GL,
1358 987 1424 1053 ΒΚ.

104 1076 188 1140 Οειιι
208 1073 306 1156 igitur
329 1074 410 1142 CGA
432 1081 549 1156 rectus,
571 1076 633 1140 erit
653 1081 690 1144 ut
711 1075 906 1158 quadratum
929 1073 983 1140 OG
1005 1075 1047 1140 ad
1070 1076 1268 1158 quadratum
1291 1067 1427 1156 GA','sic
1457 1097 1463 1106 ·

102 1169 197 1226 recta
220 1163 271 1228 ΟΒ
294 1163 336 1228 ad
359 1169 479 1229 rectem
501 1165 564 1244 LA,
589 1164 688 1248 dupla
710 1163 830 1228 scilicet
852 1167 937 1248 ejus3
969 1169 1001 1227 et
1024 1169 1062 1228 ut
1085 1164 1282 1246 quadratum
1306 1165 1362 1230 CH
1384 1167 1424 1230 nd
1533 1173 1537 1200 ¹

102 1251 299 1334 quadratum
330 1253 405 1332 HA,
438 1253 483 1316 sic
514 1252 572 1318 ΟΜ
600 1253 641 1316 ad
664 1253 734 1332 MA,
759 1256 791 1316 et
812 1258 850 1316 ιιι
872 1251 1068 1334 quadratum
1091 1253 1143 1317 ΟΒ
1166 1253 1208 1316 ad
1230 1253 1427 1338 quadratum

102 1340 173 1420 BA,
204 1341 249 1405 sio
280 1339 334 1407 ΟΚ
364 1341 406 1405 ad
436 1341 502 1406 KA.
557 1341 602 1406 Ut
629 1361 704 1406 vero
732 1340 893 1424 quadr'at'a
923 1339 989 1421 GH,
1020 1340 1082 1420 CG,
1116 1339 1168 1406 ΟΒ
1206 1342 1290 1406 inter
1313 1363 1356 1422 se,
1381 1345 1426 1408 sic

102 1435 180 1492 sunt
202 1430 297 1493 etiam
331 1435 422 1494 bases
453 1430 666 1514 cylindrorum
689 1429 862 1494 circulares
883 1430 969 1494 inter
992 1450 1035 1494 se.
1082 1429 1187 1506 Quare
1209 1437 1247 1495 ut
1269 1429 1339 1512 ΟΜ,
1363 1431 1424 1510 ΟΒ,

104 1513 162 1581 CK
184 1517 268 1582 inter
290 1539 342 1598 se,
374 1519 421 1583 sio
451 1520 547 1584 etiarn
577 1523 651 1584 suut
672 1518 765 1584 bases
788 1518 1003 1602 cylindrorum
1024 1518 1107 1583 inter
1130 1539 1174 1584 se.
1220 1519 1427 1604 Componitur

103 1611 214 1670 autem
244 1607 411 1691 proportio
448 1609 662 1692 cylindrorum
693 1628 732 1672 ex
762 1608 968 1691 proportione
1000 1607 1123 1672 basium
1157 1612 1189 1671 et
1222 1610 1427 1693 proportione

103 1695 323 1761 altitudinum.
368 1697 452 1779 Ergo
475 1697 661 1780 rectaugula
682 1696 747 1760 tria
769 1695 829 1761 sub
845 1695 914 1776 ΟΜ,
940 1695 1000 1780 ΟΒ,
1025 1695 1090 1774 CK,
1114 1717 1197 1779 quae
1217 1693 1337 1763 habent
1352 1719 1426 1782 pro·

103 1783 288 1866 portionem
320 1782 462 1865 basium,
493 1791 525 1850 et
546 1785 606 1850 sub
633 1784 700 1858 HA,
725 1784 790 1863 GA,
815 1785 870 1850 BA
892 1782 1124 1863 altitudinibus,
1148 1783 1267 1850 habent
1287 1787 1371 1852 iuter
1393 1807 1427 1851 se

103 1872 348 1956 proportionem
378 1874 602 1957 cylindrorum.
653 1875 860 1938 Permutatim
883 1879 999 1952 autem,
1022 1879 1060 1939 ut
1080 1873 1151 1944 AM,
1175 1873 1238 1955 AL,
1263 1871 1321 1938 ΑΚ
1344 1875 1428 1940 ιιιιει·

102 1981 147 2038 εε,
180 1961 227 2025 sio
260 1967 336 2026 'suut
364 1963 449 2028 inter
477 1984 511 2028 se
541 1963 637 2027 etiam
665 1962 827 2044 quadrata
849 1961 1054 2028 altitudinum
1077 1961 1144 2042 AH,
1169 1961 1234 2042 AG,
1258 1961 1323 2028 AB.
1369 1963 1428 2027 Βει

103 2047 204 2130 igitur
227 2050 389 2133 quantitas
411 2052 524 2117 eadem
553 2051 621 2131 LM,
654 2071 738 2135 quae
761 2051 910 2136 adjicitur
932 2050 974 2115 ad
996 2050 1051 2114 LA
1073 2057 1105 2114 et
1126 2049 1272 2117 aufertur
1294 2051 1336 2116 ab
1357 2051 1425 2134 ΒΟ;

101 2145 137 2202 ει
167 2138 301 2203 vicissim
332 2141 493 2223 quantitas
522 2147 570 2205 est
594 2141 705 2204 eadem
727 2137 793 2219 LK,
816 2161 898 2222 quae
920 2138 1063 2204 aufertur
1085 2137 1127 2202 ab
1149 2139 1204 2203 LA
1226 2147 1259 2204 et
1280 2140 1427 2228 adjicitur

102 2225 148 2290 ad
178 2227 240 2292 ΒΟ.
288 2227 366 2292 Οιιιιι
394 2233 503 2293 autem
533 2229 585 2295 ΟΒ
614 2229 657 2292 ειι
686 2228 786 2311 dupla
815 2229 915 2311 ipsius
945 2227 1018 2308 LA,
1047 2229 1213 2312 proportio
1242 2229 1337 2312 igitur
1367 2230 1426 2296 ΟΜ

102 2313 260 2380 brevioris
282 2316 324 2380 ad
348 2316 398 2392 ΟΒ
420 2317 594 2401 longiorem
617 2323 665 2382 est
686 2321 790 2402 major
817 2315 947 2381 dimidia
969 2307 1176 2400 proportione
1198 2337 1306 2382 eversa
1327 2319 1425 2401 ipsius

102 2402 169 2468 MA
190 2409 281 2470 tauto
303 2403 453 2488 longioris
476 2407 518 2472 ad
542 2405 597 2472 LA
618 2405 802 2470 breviorem.
840 2406 885 2471 Ut
906 2406 935 2470 si
956 2404 1006 2470 ΟΒ
1018 2405 1060 2470 sit
1083 2409 1135 2485 20,
1158 2403 1213 2469 LA
1238 2411 1288 2486 10,
1311 2406 1426 2471 deinde

103 2492 167 2558 CM
193 2497 242 2571 19,
266 2491 328 2558 MA
354 2499 403 2574 11,
427 2496 655 2580 proportione
679 2493 721 2558 ad
747 2499 785 2558 19
809 2496 912 2577 major
929 2499 978 2558 est
999 2492 1127 2558 dimidia
1144 2495 1355 2576 proportione
1376 2495 1425 2578 ip·

102 2581 172 2646 sius
207 2586 243 2646 ll
269 2582 312 2646 ad
339 2587 395 2662 10,
428 2583 488 2650 hoc
518 2589 566 2650 est
597 2589 637 2648 22
661 2583 703 2648 ad
727 2587 780 2646 20.
833 2583 917 2648 Νειιι
947 2582 1110 2666 proportio
1135 2587 1174 2646 22
1200 2583 1242 2648 ad
1265 2587 1306 2649 20
1330 2582 1428 2648 habet

102 2670 171 2735 duo
206 2669 378 2751 elementa,
404 2677 444 2736 22
475 2673 517 2738 ad
548 2677 598 2738 21
621 2677 653 2736 ει
683 2676 721 2735 21
756 2671 799 2736 ad
822 2676 875 2751 20,
898 2691 1035 2754 quorum
1057 2677 1230 2752 utrumque
1251 2671 1355 2737 miuus
1378 2677 1428 2736 εει

102 2759 311 2842 proportione
335 2765 376 2826 20
399 2761 441 2825 ad
468 2767 516 2826 19.
562 2761 622 2825 Est
635 2759 731 2842 igitur
754 2761 919 2843 proportio
943 2757 1005 2823 MA
1027 2759 1069 2824 ad
1091 2757 1147 2823 LA
1162 2765 1195 2824 ει
1216 2760 1263 2824 sic
1277 2760 1427 2842 quadrati

103 2847 166 2912 HA
197 2848 239 2913 ad
269 2849 463 2932 quadratum
493 2849 551 2916 GA
581 2850 685 2912 minor
715 2867 813 2929 quam
844 2848 943 2932 dupla
967 2848 1188 2932 ‘proportionis
1216 2849 1268 2914 ΟΒ
1290 2848 1332 2914 ad
1357 2849 1426 2914 ΟΜ.

104 2933 171 3000 Sed
192 2949 355 3002 rectarum
376 2939 518 3021 ipsarum
542 2937 601 3002 HA
623 2937 666 3002 ad
690 2937 747 3001 GA
777 2937 941 3020 proportio
964 2942 1012 3001 est
1034 2936 1163 3001 dimidia
1186 2937 1425 3019 quadratorum,
1527 3013 1531 3022 .

104 3029 140 3088 et
170 3024 286 3108 duplae
316 3027 529 3111 proportionis
560 3027 689 3092 dimidia
719 3033 768 3090 εει
799 3026 920 3107 simpla.
973 3025 1058 3107 Ergo
1088 3025 1266 3090 altitudinis
1297 3025 1355 3091 HA
1385 3027 1428 3092 ad

103 3107 309 3180 altitudinem
324 3113 381 3178 GA
395 3117 560 3199 proportio
579 3117 681 3182 minor
697 3123 753 3194 est,
771 3136 869 3198 quarn
889 3113 940 3179 LO
962 3114 1004 3178 ad
1020 3113 1088 3193 ΜΟ,
1112 3115 1277 3198 proportio
1292 3112 1426 3180 basium.

103 3201 341 3284 Rectangulum
352 3204 449 3288 igitur
457 3203 517 3268 sub
529 3203 598 3284 HA,
612 3204 680 3284 ΟΜ,
693 3210 936 3287 repraesentans
949 3202 1124 3285 cylindrum
1145 3201 1238 3282 CHA,
1254 3204 1356 3268 minus
1379 3209 1429 3268 est

102 3291 292 3374 rectangulo
322 3291 380 3356 sub
410 3291 476 3372 GA,
499 3293 559 3369 ΟΒ,
579 3300 836 3380 repraesentante
871 3291 1047 3374 cylindrum
1071 3290 1168 3372 CGA,
1193 3293 1269 3374 quia
1295 3290 1355 3357 ΟΜ
1377 3297 1428 3357 εει

103 3379 234 3444 brevior
256 3382 289 3446 in
310 3401 369 3444 sua
390 3383 604 3464 proportione,
628 3379 687 3444 HA
710 3382 833 3464 longior
856 3383 887 3446 in
910 3378 1030 3460 sua.³³)

194 3467 284 3532 Idem
321 3469 557 3535 demonstratur
596 3470 694 3533 versis
727 3468 924 3550 argumentis
958 3468 1054 3532 etiam
1088 3467 1127 3532 de
1160 3467 1300 3550 cylindro
1334 3467 1425 3534 CBA.
1458 3465 1462 3473 ’

102 3555 192 3621 Nam
213 3560 377 3641 proportio
401 3555 456 3622 ΟΚ
475 3557 624 3639 longioris
647 3557 689 3621 ad
714 3557 764 3622 ΟΒ
788 3557 964 3620 breviorem
987 3563 1035 3620 εει
1057 3557 1162 3620 minor.
1182 3576 1277 3640 quam
1300 3557 1428 3622 dimidia

104 3646 322 3729 proportionis
345 3667 472 3712 eversae
494 3645 551 3708 ΑΚ
574 3645 725 3710 brevioris
748 3645 790 3710 ad
809 3642 863 3708 AL
891 3645 1074 3724 longiorem.
1121 3642 1165 3708 Ut
1186 3645 1213 3707 si
1236 3644 1287 3710 ΟΒ
1310 3646 1351 3710 sit
1374 3651 1425 3726 20,

107 3732 164 3798 LA
190 3739 240 3814 10,
271 3735 386 3800 deinde
416 3733 471 3799 ΟΚ
494 3739 550 3813 21,
581 3733 639 3798 KA
663 3739 692 3800 9.
738 3734 908 3816 Propertio
939 3737 980 3795 20
1003 3733 1046 3796 ad
1069 3737 1108 3796 21
1133 3733 1235 3798 minor
1258 3741 1306 3800 εει
1329 3755 1428 3819 quam

105 3821 238 3886 dimidia
249 3824 350 3906 ipsius
363 3829 381 3887 9
394 3823 436 3888 ad
452 3827 500 3902 10,
517 3823 567 3887 rel
586 3827 623 3888 18
640 3823 681 3887 ad
699 3827 750 3886 20.
783 3821 865 3884 Νειιι
877 3821 1092 3905 proportionis
1107 3825 1145 3885 18
1159 3822 1201 3885 ad
1218 3823 1427 3906 20‚elementa

105 3909 179 3988 duo,
197 3916 236 3976 18
252 3913 295 3976 ad
315 3918 352 3976 19
366 3918 399 3976 ει
417 3916 456 3977 19
469 3911 573 3989 adid,
586 3918 659 3975 sunt
670 3910 929 3995 singulamajora
939 3911 1146 3994 proportione
1158 3915 1199 3975 20
1212 3911 1254 3975 ad
1267 3918 1318 3978 21.
1349 3912 1427 3975 Pro·

104 3999 212 4082 portio
232 4001 331 4083 igitur
354 4001 408 4066 LA
421 4001 463 4064 ad
486 4000 553 4078 ΑΚ,
577 3999 638 4064 hoc
659 4007 708 4064 est
729 3999 881 4083 quadrati
902 3999 959 4065 GA
982 3999 1024 4063 ad
1047 3997 1239 4084 quadratum
1260 3999 1316 4064 AB
1326 4003 1428 4083 maj0r

106 4094 160 4152 est
178 4109 274 4171 quam
296 4074 403 4174 dupla‘
415 4087 470 4153 KG
489 4089 531 4154 ad
554 4089 622 4154 CL:
647 4095 677 4154 et
700 4089 746 4152 sie
761 4089 915 4152 linearum
936 4087 993 4154 GA
1015 4087 1057 4152 ad
1076 4087 1131 4153 AB
1147 4089 1310 4172 proportio
1325 4091 1428 4171 major

105 4183 156 4240 est
187 4191 287 4260 quam'
305 4175 360 4242 ΚΟ
383 4177 425 4242 ad
449 4177 517 4256 ΟΒ;
545 4197 605 4240 uec
627 4183 748 4260 quanto
771 4176 826 4241 BA
849 4175 975 4241 brevior
998 4182 1045 4241 est
1067 4177 1136 4262 ipsa
1160 4177 1217 4242 ΟΛ
1238 4178 1271 4241 in
1293 4195 1427 4258 propor-

105 4266 194 4330 tione
216 4285 283 4345 sua,
307 4273 397 4331 tanto
421 4266 556 4330 vicissim
570 4265 695 4348 longior
718 4270 767 4330 est
779 4265 834 4330 ΟΚ
858 4285 954 4347 quam
970 4265 1022 4331 CL
1043 4265 1078 4330 iu
1101 4286 1177 4345 sua;
1201 4271 1234 4328 et
1254 4269 1424 4346 rcotangu·

106 4352 175 4418 lum
198 4352 259 4418 sub
281 4353 345 4432 BA,
371 4353 425 4420 01<
443 4356 546 4420 minus
569 4360 616 4420 est
632 4352 819 4438 rectangulo
834 4352 895 4418 sub
907 4353 973 4433 GA,
987 4353 1055 4434 CL;
1078 4353 1219 4438 cylinder
1236 4351 1335 4436 igitur
1347 4351 1428 4417 CBA

105 4443 213 4509 minor
233 4442 376 4525 cylindro
400 4442 494 4525 CGA,
521 4444 606 4510 solus
629 4443 727 4526 igitur
750 4441 832 4508 CGA
856 4443 992 4508 omnium
1014 4444 1178 4507 maximus.

197 4553 436 4609 Corollarium
460 4557 481 4610 I.
531 4554 614 4610 Delia
649 4553 826 4624 cylindrecea
858 4554 916 4610 sina
952 4561 1057 4616 ventre,
1088 4553 1143 4605 sive
1163 4549 1295 4622 longioris
1324 4549 1426 4604 fuerint

105 4635 216 4706 figurae
237 4649 318 4706 quam
339 4635 492 4698 Austriace,
514 4635 571 4689 aire
591 4634 724 4696 curtioris,
744 4634 831 4687 minus
852 4641 915 4688 arnt
934 4630 1049 4703 capacia
1067 4631 1237 4688 scenicus.-

198 4731 440 4786 Gorollerium
459 4733 493 4786 1r
535 4733 618 4788 Patet
637 4731 708 4794 hinc,
729 4731 925 4801 bonoquodam
946 4737 975 4784 et
994 4727 1160 4800 geometrico
1181 4725 1263 4796 genio
1285 4743 1348 4780 esse
1369 4724 1425 4778 sac·

105 4821 180 4878 tum,
208 4813 281 4882 quod
306 4811 443 4866 Austriaci
464 4811 581 4868 rietorea
601 4813 726 4882 regulam
747 4811 818 4866 hanc
838 4800 982 4865 observent
1002 4805 1173 4862 construendi
1194 4807 1267 4869 dolii,
1291 4813 1323 4860 ut
1343 4804 1426 4858 tertia

1152 4899 1213 4948 39*
