3412 5538
222 281 285 350 166
697 296 803 363 Keplsrl
815 296 1091 362 studischrouolegles.

93 451 99 462 ‘
221 445 330 511 miouis
347 439 394 524 (ὅ.
410 445 459 507 vel
477 441 527 506 16.
537 434 656 522 Sept),
680 433 782 521 811888
805 440 920 504 iactam
940 440 1113 521 plenilunio.
1149 439 1258 506 Annus
1280 447 1330 504 est
1349 437 1575 514 88110101,

221 535 271 598 vel
287 534 316 596 4.
328 533 378 598 Ol.
395 531 439 607 0.,
455 552 551 602 annus
567 547 608 592 so.
624 551 651 592 a.
670 527 725 597 Ch.
741 523 807 592 376
823 528 871 591 vel
888 523 962 594 377.
999 529 1064 594 Sed
1078 539 1186 594 neutro
1201 531 1307 594 horum
1322 549 1470 594 annornm
1484 531 1574 592 inve-

221 624 304 686 nitur
325 621 521 704 plenilunium
542 617 633 681 dictis
656 618 770 682 diebus.
798 617 995 682 Permutatas
1017 639 1126 682 censeo
1143 620 1256 682 similes
1274 622 1337 684 iere
1354 619 1494 684 Graecas
1516 637 1575 680 vo-

222 713 324 786 culas,
345 719 381 774 ut
396 711 527 790 scriptor
542 727 596 788 pro
614 712 718 787 181888
735 706 884 787 legeritd
901 704 982 789 dury,
1003 729 1064 772 una
1086 733 1106 772 α
1121 711 1228 772 81888.
1263 709 1409 772 Patavina
1430 707 1577 772 conciliat

207 802 302 865 ‘huno
324 800 424 863 locum
445 817 504 860 non
523 796 630 860 melius
647 815 714 858 cnm
736 815 773 858 ea
788 795 859 858 anni
875 797 992 872 forma,
1014 799 1169 878 88881118
1185 816 1361 878 persuasam
1376 797 1465 872 nobis
1482 796 1576 876 cupit

223 885 283 952 (rid.
295 883 363 952 Pet)
399 887 543 936 Transitum
558 883 647 936 Xerxis
659 883 863 950 ponitKeplerus
875 886 900 936 in
915 885 977 936 illud
988 900 1046 946 rer,
1064 887 1130 954 8881
1143 888 1166 939 1.
1178 885 1335 952 Olympiadis
1347 893 1463 940 secutum
1478 891 1528 946 est,
1545 897 1576 936 ae

224 959 327 1026 prolude
337 973 401 1010 8888
410 957 435 1008 2.
449 957 604 1008 recensitum
616 955 693 1018 (scal.
706 955 760 1008 Em.
773 955 860 1022 Tamp.
872 955 913 1007 iol.
926 953 1006 1020 383.).

313 1100 381 1164 Tali
396 1097 654 1181 interpretatione
676 1098 736 1162 loci
750 1099 908 1162 Plutarchi
924 1105 956 1161 et
972 1099 1157 1163 correctione
1177 1097 1261 1164 vocis
1278 1099 1415 1166 Salamin
1429 1098 1461 1162 18
1476 1097 1575 1164 Arte-

223 1191 348 1262 misinm¹
358 1208 415 1271 ego
431 1209 492 1252 non
509 1190 606 1253 solum
617 1187 838 1251 ordinationem
852 1189 1447 1265 888888818818818Α11181,”88181188
1464 1205 1576 1250 annum

221 1281 320 1361 ipsum
336 1272 488 1359 (proxime
505 1284 682 1359 sequentem
698 1273 856 1360 Olympia)
872 1278 1109 1350 verisimiliorem
1123 1280 1317 1360 praestitisse
1333 1279 1392 1360 ajo.

309 1369 346 1431 In
362 1368 567 1449 descriptione
582 1385 702 1448 pugnae
719 1367 758 1428 ad
775 1365 996 1447 Gaugamelam
1009 1367 1193 1430 Plutarchus
1209 1369 1266 1431 sibi
1283 1387 1342 1431 non
1358 1373 1526 1449 repugnat,
1549 1365 1576 1428 si

222 1456 349 1539 eclipsin
365 1458 483 1520 confert
498 1458 528 1519 in
546 1450 600 1518 lo:
610 1455 723 1519 888818
741 1449 899 1537 (Raida),
922 1457 1067 1538 mysteria
1082 1458 1114 1519 in
1129 1459 1180 1520 20.
1216 1457 1301 1521 Dicit
1317 1457 1396 1520 enirn
1411 1475 1575 1538 expresse:

224 1548 325 1625 „circa
339 1547 428 1609 initia
442 1545 655 1628 mysteriorum
673 1543 838 1625 contigisse
855 1545 1018 1626 eclipsin“,
1039 1563 1095 1610 nec
1111 1545 1272 1630 quidquam
1288 1547 1400 1609 statuit
1414 1545 1500 1621 novi,
1525 1543 1577 1626 qni

222 1639 339 1700 188188
355 1637 403 1698 die
417 1634 582 1717 praecipua
598 1642 630 1697 81
646 1635 769 1716 signata
785 1635 923 1698 extendit
945 1635 975 1697 18
998 1637 1244 1716 praeparatorios
1266 1636 1332 1698 dies
1348 1635 1368 1698 5
1385 1643 1467 1697 8818.
1503 1635 1577 1698 Ν88

222 1725 338 1807 allegat
365 1725 549 1788 Plutarchus
577 1731 732 1786 vetustum
762 1722 976 1787 Calendarium
1005 1725 1158 1800 Atticum,
1189 1725 1244 1787 sed
1274 1724 1391 1804 allegat
1417 1731 1577 1803 receptum

217 1816 284 1897 jam
297 1821 370 1877 tnnc
384 1814 500 1895 passim
522 1820 555 1876 et
569 1813 731 1895 praecipue
753 1833 771 1875 a
785 1813 974 1878 Macedoniis
989 1814 1076 1877 Darii
1091 1813 1232 1877 hostibus
1249 1813 1365 1896 cyclum
1379 1813 1577 1886 Metonicum,

222 1923 310 1986 8888
324 1911 396 1985 post
411 1902 432 1966 6
449 1903 487 1966 ab
504 1921 539 1966 88
555 1902 643 1964 88818
660 1902 793 1964 correxit
809 1901 962 1984 Calippns.
998 1903 1181 1966 Plutarchus
1197 1903 1334 1966 8881881
1355 1903 1466 1965 nudum
1487 1920 1576 1963 men-

226 2011 290 2056 sem
303 1992 569 2066 Botdromionem,
591 2011 652 2054 non
675 1990 815 2072 apposito
840 1991 954 2053 dierum
974 2009 1106 2055 numero.
1142 1993 1178 2055 In
1199 1991 1355 2055 Metonica
1378 1991 1457 2054 enim
1479 1991 1579 2053 forma

224 2081 380 2146 nominata
391 2082 513 2163 eclipsis
522 2081 627 2144 Lunae
637 2079 767 2142 habetur
775 2099 831 2161 pro
842 2081 999 2142 nominata
1009 2081 1097 2143 Luna
1105 2081 1177 2144 XV.
1194 2101 1247 2144 seu
1262 2081 1454 2164 panselenos.
1486 2077 1578 2151 Quod

224 2179 326 2234 88188
347 2171 525 2234 vocabulum
539 2168 770 2244 Baedromionis
793 2170 933 2232 Atticum
956 2176 1006 2232 881
1029 2178 1061 2232 81
1074 2171 1223 2253 mysteria
1244 2167 1355 2234 fes'tnm
1374 2169 1578 2242 Athenarum,

223 2261 255 2324 id
270 2261 384 2324 factum
406 2279 473 2322 8888
494 2266 569 2340 puto
584 2259 856 2340 interpretationis·
869 2277 970 2321 cansa.
1006 2259 1144 2323 Attende
1168 2261 1248 2323 enird
1270 2259 1486 2341 repetitionem
1500 2257 1577 2320 Plu-

224 2349 337 2412 tarchi:
364 2349 413 2426 „in
429 2349 549 2412 deiectu
565 2349 684 2430 quidem
699 2354 771 2410 tunc
787 2347 874 2410 Luna
888 2347 1128 2424 Bobdroruionis,
1143 2349 1225 2412 circa
1239 2347 1327 2412 initia
1341 2347 1457 2430 Myst⁴⁴
1478 2347 1532 2410 dac.

311 2439 347 2501 In
363 2457 479 2502 summa
494 2444 584 2501 teneo
601 2444 633 2500 et
648 2437 721 2512 hoc,
742 2455 797 2518 per
812 2438 939 2499 formam
954 2438 1025 2501 anni
1042 2459 1061 2500 a
1076 2457 1123 2501 me
1138 2438 1329 2520 propositam
1343 2437 1463 2500 Lunam
1479 2435 1573 2500 181888

223 2526 462 2592 Boudromionis:
479 2546 556 2610 qnae
571 2527 629 2591 hoe
646 2546 724 2590 8888
741 2525 921 2590 (1818811188.

794 2805 1004 2818 -n-——n——uu——e-

293 3023 427 3078 Histiaeus
447 3023 571 3074 iacientes
584 3035 676 3082 eorem,
690 3037 754 3090 8888
776 3023 909 3087 eKepleri
927 3024 1138 3090 disquisitionibus
1157 3027 1338 3092 excerpsimus,
1356 3025 1471 3076 eddium
1491 3025 1579 3076 1118888

222 3097 255 3148 sd
273 3097 357 3146 888818
377 3108 451 3161 qnam
472 3095 502 3146 de
518 3093 1077 3160 88811888888881188881888818818818188,
1091 3111 1153 3163 quas
1166 3111 1242 3147 8888
1248 3095 1354 3163 Keplsri
1366 3097 1484 3164 scriptas,
1496 3111 1578 3164 88888

220 3182 278 3218 rere
290 3167 323 3220 ad
335 3167 432 3218 sulcem
444 3166 579 3231 perductae
592 3166 798 3229 deprehendimus
811 3167 836 3216 in
848 3165 903 3216 Vol.
918 3165 998 3220 XVII.
1011 3169 1072 3220 Mas.
1085 3167 1285 3219 Pulcorsnaium.

825 3341 856 3405 S.
873 3342 907 3405 P.
922 3344 961 3407 D.

310 3467 456 3543 Quaeris,
479 3465 549 3549 quid
566 3466 697 3530 sentiam
712 3466 748 3528 de
759 3467 873 3548 judicio
890 3467 1040 3550 Scaligeri
1055 3489 1145 3552 super
1161 3469 1241 3533 thesi
1258 3469 1490 3550 chronologica,
1512 3470 1576 3532 dis-

222 3564 342 3642 putata,
358 3565 393 3621 ut
408 3558 462 3633 ait,
479 3576 557 3618 8888
576 3555 669 3618 1608.
685 3553 780 3638 pridie
796 3555 868 3619 Idus
878 3559 1016 3622 Martios.
1045 3560 1154 3622 Dicam
1170 3559 1320 3623 brevibus.
1340 3559 1426 3641 Bene
1443 3558 1578 3640 explosit

226 3649 434 3730 interregnum
455 3646 535 3708 inter
556 3645 692 3708 Joaohaz
716 3652 748 3707 et
768 3645 902 3722 Joaoim,
931 3647 1018 3710 bonis
1040 3649 1209 3713 rationibus
1233 3668 1306 3710 usus
1331 3655 1394 3721 est,
1422 3649 1577 3729 primast

222 3737 368 3802 secunda.
414 3735 520 3800 Tertia
541 3754 614 3796 vero
637 3734 776 3797 (1888818
798 3743 848 3796 881
870 3755 908 3798 ex
924 3737 1055 3812 calculo,
1077 3760 1096 3800 a
1118 3758 1176 3819 quo
1198 3737 1323 3800 multum
1346 3737 1500 3800 diversum
1519 3755 1576 3818 ego

227 3846 344 3908 sequor.
374 3825 418 3888 Et
434 3843 544 3906 operae
560 3823 691 3903 pretium
707 3830 764 3898 est,
779 3824 927 3905 principia
937 3845 1004 3888 ruea
1018 3827 1174 3908 principiis
1191 3827 1256 3908 ejus
1267 3844 1426 3907 opponere.
1451 3827 1575 3890 Annum

223 3913 273 3979 14.
294 3915 444 3978 Ezechias
468 3913 545 3976 iacit
565 3913 692 3993 primum
720 3911 918 3976 hebdomadis
944 3916 1070 3978 annalis.
1115 3915 1240 3980 Falsum
1263 3915 1336 3990 hoc,
1366 3923 1472 3979 sextus
1497 3916 1575 3980 enim

222 4011 290 4068 erat
310 4002 517 4067 hebdomadis.
554 4002 625 4081 Ipse
647 4008 796 4082 provocat
817 4003 857 4064 ad
878 4003 991 4084 Esajae
1012 4003 1179 4068 XXXVII.
1202 4005 1262 4080 30,
1286 4005 1336 4086 qui
1358 4005 1403 4068 sio
1427 4013 1522 4068 88881
1545 4005 1574 4068 18

221 4092 423 4158 translatione
445 4091 587 4174 vulgata:
615 4091 758 4167 „comede
780 4090 847 4154 hoc¹
861 4086 928 4173 (14.
940 4088 1041 4176 regni)
1059 4113 1154 4169 anno,
1177 4113 1254 4175 quae
1271 4101 1379 4173 sponte
1395 4103 1572 4168 nascuntur,

225 4190 258 4246 et
272 4183 303 4246 in
320 4185 438 4245 88882.
453 4181 551 4264 pomis
567 4181 745 4255 1188888818
761 4199 840 4246 anno
857 4189 959 4245 autem
974 4183 1004 4246 3.
1021 4183 1168 4246 seminate
1185 4190 1217 4246 81
1232 4183 1367 4246 8811181*
1400 4184 1460 4246 Η18
1477 4203 1572 4266 argu-

221 4278 375 4335 mentatur
390 4270 530 4350 Scaliger
551 4269 694 4332 avoculs
712 4268 843 4346 „tertio“
869 4279 902 4333 et
923 4272 1068 4354 intelligit
1090 4273 1119 4336 3.
1129 4271 1343 4346 bebdomadis3
1366 4273 1499 4348 frustra,
1522 4293 1574 4336 cur

222 4363 300 4424 enim
322 4379 383 4422 non
406 4378 500 4441 aeque
525 4357 565 4420 sit
588 4358 697 4424 tertius
720 4381 739 4422 a
760 4359 935 4440 praesenti?
970 4361 1013 4424 Et
1035 4381 1087 4424 cur
1111 4361 1250 4424 voculam
1274 4361 1459 4426 numeralem
1483 4370 1574 4443 urget

221 4449 368 4531 Scaliger,
384 4449 591 4512 characterem
606 4447 705 4528 ipsum
720 4446 790 4510 anni
807 4449 942 4512 omittit?
965 4449 1185 4514 Curnonhuno
1201 4448 1372 4514 8888814.
1389 4443 1572 4530 (secundum

221 4539 339 4620 quidem
360 4538 530 4600 versionem
553 4531 723 4618 antiquam)
746 4536 957 4601 sabbathicum
985 4539 1004 4602 i.
1027 4559 1051 4602 e.
1081 4541 1241 4621 septimum
1264 4538 1464 4602 hebdomadis
1490 4540 1572 4616 18811,

222 4627 292 4709 8818
309 4628 385 4703 ,hoc
401 4646 481 4690 anno
496 4631 604 4707 sponte
620 4625 797 4690 nascentia“
818 4625 965 4706 jubentur
987 4629 1163 4692 comedere?
1201 4627 1381 4710 Quanquam
1403 4629 1499 4691 etiam
1514 4629 1571 4692 hoc

222 4715 331 4779 181888
347 4715 522 4790 8181818888
539 4732 599 4777 888
615 4715 693 4777 8818
707 4715 830 4797 propria
846 4723 894 4778 est
909 4718 1071 4781 translatio
1089 4737 1126 4780 ex
1135 4719 1286 4782 Hebraeo.
1312 4715 1365 4781 Sic
1381 4719 1461 4781 enim
1476 4717 1571 4782 habet

223 4803 519 4890 neocaesarius:
546 4804 688 4882 ,comede
710 4805 768 4868 hoc
792 4825 870 4870 auno
885 4807 1078 4887 proculcata,
1100 4816 1133 4872 et
1151 4808 1184 4872 in
1210 4825 1291 4872 8888
1307 4809 1447 4888 sequenti
1461 4815 1570 4891 sponte
