3412 5538
664 316 977 388 essenommnglsa
1307 393 1311 399 Ι
1424 295 1490 374 iit

143 453 279 531 tehsset,
306 461 426 541 accepi.
473 457 587 524 Tn'atia
607 481 680 526 sane
701 463 738 526 de
757 463 985 546 Magnificentia
1004 465 1070 528 Tua
1091 463 1171 530 circa
1193 467 1357 532 Posthatis
1380 468 1492 532 ieetm

144 544 380 625 nunciabantur,
396 550 522 614 dolente
537 571 584 614 me
599 552 757 632 plurimum
771 553 928 618 literarum
943 572 1043 630 causa,
1064 573 1181 638 unaque
1196 558 1299 620 multis
1315 556 1396 634 aliie,
1416 575 1492 640 quoe

145 633 247 716 religio
262 634 428 715 Romana,
450 660 564 722 quosve
584 639 786 706 beneficentia
806 643 932 724 Magnii
954 645 1038 706 Tuae
1060 645 1261 708 conciliasset
1306 643 1493 730 Suspicahar

146 729 245 786 tamen
261 745 342 807 ego,
364 729 468 792 studio
491 747 629 811 sparsum
650 733 939 814 rumoremMagnii.
955 733 1247 814 'luae‘parcentium
1261 736 1363 818 Teque
1382 735 1493 798 itinere

149 813 335 879 studentium
350 816 492 882 liberare.
537 817 673 901 Oumque
692 839 813 883 manum
827 821 952 902 hia'gnii.
968 823 1051 884 ibae
1066 822 1200 898 videam,
1222 824 1296 887 nihil
1311 825 1381 887 novi
1396 824 1494 886 morbi

149 903 316 968 accessisse
331 907 529 987 persuadecr,
544 911 744 990 quemqua'lu
759 909 867 972 scribis
882 911 1018 973 morbum
1033 911 1251 992 gravissimum,
1265 921 1400 976 veterem
1409 913 1494 976 illem

149 1009 211 1054 ease
233 993 405 1071 vomicam,
425 997 510 1078 eujus
532 998 591 1060 etsi
612 997 771 1074 linem,·te
788 993 974 1079 explicante,
996 998 1086 1063 didici
1108 1019 1165 1064 nec
1180 1001 1245 1064 sine
1265 1021 1402 1066 moerore
1417 1019 1493 1066 oon-

150 1082 262 1156 eidero,
284 1091 393 1148 tamen
414 1103 463 1148 me
478 1086 660 1150 ‘consolatur
681 1095 801 1150 erectus
822 1088 873 1151 ilie
889 1088 1015 1169 Magnis.
1031 1089 1114 1152 Tuae
1136 1091 1252 1154 animus
1275 1098 1308 1154 et
1327 1093 1492 1173 impertur-

148 1171 251 1234 batum
265 1171 344 1236 iilud
355 1174 599 1247 immortalitatis
615 1176 811 1251 desiderium,
833 1195 890 1260 quo
913 1178 950 1240 de
972 1177 1003 1240 iu
1025 1178 1124 1240 literis
1143 1181 1286 1256 testeris,
1309 1188 1342 1242 et
1362 1199 1421 1263 quo
1437 1197 1493 1243 ex-

148 1261 245 1341 emplo
260 1281 311 1326 me
326 1264 486 1345 plurimum
502 1265 669 1340 confirmas,
685 1266 734 1348 qni
750 1273 935 1347 compertum
949 1266 1056 1342 habeo,
1072 1269 1212 1351 centuplo
1227 1271 1329 1352 plures
1339 1269 1398 1332 mei
1409 1269 1493 1332 sini·
1546 1273 1549 1280 “

148 1350 198 1424 ies,
214 1369 308 1432 quam
317 1353 384 1428 tui,
398 1371 543 1436 meaeque
558 1370 648 1437 quam
656 1357 739 1418 Tnae
754 1355 946 1438 valetudinis,
960 1357 1094 1438 quotidie
1110 1358 1274 1439 exspirare.
1300 1357 1377 1422 Oum
1392 1365 1495 1422 antem

148 1439 325 1514 considero,
345 1442 486 1522 adjacere
501 1443 568 1506 'libi
591 1444 738 1519 dissolvi,
753 1445 809 1507 sed
829 1445 861 1506 in
883 1463 974 1507 carne
989 1445 1102 1508 diutins
1117 1464 1187 1508 esse
1210 1465 1249 1509 ex
1267 1466 1323 1510 usn
1338 1448 1495 1511 literarum

148 1545 230 1602 esse,
256 1547 315 1593 nec
335 1531 435 1595 minus
451 1551 489 1594 ex
511 1533 633 1614 scriptis
647 1533 773 1614 Magnis.
788 1535 872 1596 luae
885 1533 1030 1597 utilitatis
1052 1535 1156 1598 uenire
1172 1533 1373 1604 ad'eucicsies
1393 1536 1493 1599 reior-

147 1625 257 1692 matas,
274 1637 365 1700 qnam
381 1621 462 1683 solet
477 1639 515 1684 ex
530 1621 651 1703 agarico
668 1629 721 1685 ant
735 1623 921 1686 rhaberbaro
936 1622 1106 1686 redundare
1126 1624 1157 1686 in
1177 1625 1375 1687 ventriculum
1394 1625 1494 1687 noxiis

147 1701 323 1770 humoribus
337 1709 501 1790 repletum:
517 1718 657 1773 votorum
672 1711 787 1785 dubius,
803 1731 840 1773 ne
856 1729 922 1774 oum
937 1713 999 1775 tuis
1008 1712 1146 1793 imperite
1161 1731 1301 1795 pugnem,
1315 1714 1390 1777 iilud
1404 1713 1492 1776 unice

147 1795 284 1878 suspiro,
305 1805 341 1860 ut
357 1798 395 1861 de
410 1799 536 1880 Magnis.
551 1801 617 1862 Tua
630 1801 716 1864 Dens
730 1800 762 1862 id
777 1806 909 1877 statuat,
931 1801 1010 1883 quod
1029 1808 1062 1863 et
1076 1801 1144 1864 Tibi
1166 1808 1198 1864 et
1215 1802 1375 1866 Ecclesiae¹
1398 1802 1493 1865 adec-

147 1903 203 1966 que
227 1892 262 1948 st
288 1887 361 1948 mihi
386 1888 465 1950 sciat
489 1907 556 1951 ease
588 1887 822 1952 saluberrimum.
865 1890 972 1972 Neque
996 1908 1069 1953 sane
1094 1890 1215 1966 dubito,
1244 1899 1277 1954 te
1301 1890 1360 1955 hac
1384 1889 1495 1953 dduoia

147 1973 265 2038 Christi
281 1973 457 2039 Servatcris
472 1985 643 2060 ¹partaeque
663 1997 718 2060 per
732 1979 815 2042 iilum
840 1978 983 2042 coelestis
1007 1979 1223 2056 haereditatis,
1247 1980 1305 2043 hoc
1329 1985 1494 2054 contemtu,

146 2063 225 2148 qnod
241 2063 367 2138 scribis,
390 2066 540 2150 adeoque,
557 2068 636 2148 qnod
650 2067 849 2150 interpretor,
871 2067 939 2131 odic
956 2076 988 2130 et
1001 2068 1191 2150 poenitentia
1204 2069 1387 2132 inanitatem
1402 2067 1493 2148 hane

146 2152 248 2215 mundi
264 2147 410 2235 (quarum
425 2171 482 2236 ego
497 2175 638 2238 magnam
652 2165 773 2237 partem
789 2175 855 2220 esse
870 2163 944 2237 puto
961 2157 1094 2220 studium
1106 2158 1240 2238 partium
1255 2158 1411 2234 fervidum,
1425 2157 1493 2237 pri·

145 2241 259 2322 vilegia
282 2243 484 2306 beatitudinis
509 2246 736 2320 somniantium,
765 2245 881 2308 Romm
910 2246 987 2307 coeii
1009 2253 1115 2326 portas
1145 2247 1250 2311 unicas
1281 2246 1492 2321 statuentium

145 2329 276 2412 indeque
290 2339 401 2395 natum
412 2333 444 2395 in
458 2351 547 2416 reges
562 2335 728 2399 indirectos
749 2353 854 2416 regom
873 2351 987 2396 memm
1010 2334 1199 2416 obsequium,
1222 2351 1337 2397 merum
1353 2341 1492 2398 oontem-

145 2427 210 2482 tum
225 2439 340 2496 eornm,
355 2422 406 2503 qui
421 2423 595 2486 libertatem
610 2423 741 2505 amplexi
757 2432 836 2498 snut,
852 2421 993 2486 sinistras
1010 2423 1157 2486 dictorum
1173 2424 1379 2504 factorumque
1393 2423 1493 2486 inter-

145 2509 354 2590 pretationes,
378 2513 479 2592 quasi,
501 2514 580 2594 quod
595 2511 643 2576 hia
658 2513 765 2576 mediis
780 2511 908 2575 Romani
924 2529 1078 2574 sacrorum
1099 2511 1181 2592 regis
1202 2511 1342 2575 hostibus
1357 2517 1493 2587 nocetur,

144 2597 204 2660 Dei
218 2597 361 2662 hostibus
372 2607 526 2676 noceatur,
542 2602 622 2684 quod
633 2601 767 2664 vicissim
776 2601 901 2664 factioni
910 2600 1114 2664 validissimae
1123 2595 1249 2677 lucrefit,
1263 2601 1331 2663 Deo
1341 2601 1492 2664 ethiccie-

146 2685 210 2749 siae
226 2706 290 2751 non
306 2689 398 2752 aliter
412 2689 560 2754 lucreiieri
574 2687 706 2774 possit),
726 2690 793 2766 hao,
814 2691 947 2772 inquam,
968 2689 1151 2753 inanitetum
1164 2689 1252 2770 hujus
1267 2688 1370 2752 mnndi
1383 2689 1492 2770 poeni*

144 2775 244 2840 tentia
259 2785 402 2858 paratum
423 2785 456 2840 et
477 2780 645 2844 accinctum
659 2797 809 2862 nunquam
827 2798 887 2841 non
907 2785 1011 2861 aptum
1033 2797 1101 2841 esse
1121 2780 1232 2842 beatae
1252 2778 1296 2840 iiii
1316 2775 1492 2842 transitioni

144 2865 314 2929 faciendae.
344 2867 461 2931 Venies
475 2869 577 2950 igitur,
592 2869 618 2932 si
633 2871 709 2933 haec
723 2867 915 2951 praestiteris
929 2865 1012 2949 (Deo
1029 2867 1121 2930 etiam
1137 2867 1174 2930 de
1191 2867 1326 2944 occultis,
1347 2867 1385 2930 de
1398 2867 1490 2949 igno·

144 2955 224 3017 ratis
245 2955 402 3036 peccatis,
426 2955 465 3019 de
488 2959 626 3040 opinione
649 2959 746 3022 cultus
766 2959 833 3024 Deo
855 2955 997 3038 praestiti
1017 2957 1049 3020 in
1073 2957 1259 3039 quorundam
1283 2957 1491 3038 exagitatione

145 3043 308 3106 confessum
324 3052 357 3107 et
373 3043 582 3128 deprecatos),
597 3047 715 3122 venies,
736 3048 870 3130 inquam,
888 3047 923 3111 ¹in
937 3046 1022 3109 ilium
1037 3053 1156 3108 coetum
1171 3046 1344 3121 electorum,
1358 3045 1489 3128 mihique

143 3131 176 3194 in
190 3133 247 3196 illo
262 3151 375 3215 magno
398 3135 447 3198 die
469 3135 509 3200 ad
524 3137 655 3200 tribunal
673 3135 786 3201 (ihristi
802 3135 988 3216 comparenti
1003 3135 1095 3197 testis
1111 3134 1186 3209 eris,
1208 3153 1256 3198 me
1271 3134 1353 3198 nullo
1367 3135 1489 3218 private

145 3221 216 3284 odio
239 3223 272 3285 in
293 3223 484 3303 pontificem,
506 3225 679 3308 episcopos,
701 3225 887 3299 sacerdotes,
903 3225 957 3286 sed
972 3241 1054 3286 mero
1070 3223 1136 3286 zelo
1152 3223 1219 3298 Dei,
1242 3223 1343 3287 studio
1358 3224 1489 3288 manda·

142 3317 245 3374 torum
260 3319 295 3373 et
308 3312 508 3378 institutionis
525 3313 648 3390 Christi,
663 3333 735 3376 cora
747 3312 1019 3395 praemonitionum
1033 3313 1098 3394 ejus
1115 3319 1147 3374 et
1160 3313 1380 3394 Apostolorum
1395 3309 1489 3398 (quae

142 3399 340 3480 proclivitate
363 3421 480 3465 summa
498 3403 691 3466 mediocrium
716 3403 904 3482 ingeniorum
927 3402 957 3463 in
981 3401 1151 3464 Romanam
1174 3400 1259 3463 iliam
1280 3401 1488 3465 monarchiam

143 3489 193 3551 rel
208 3488 404 3571 tyrannidem
419 3491 657 3556 ecclesiasticam
671 3485 862 3571 trahuntur),
883 3489 940 3565 his,
954 3490 1090 3572 inquam,
1110 3489 1148 3552 de
1165 3489 1265 3552 causis
1279 3489 1311 3552 in
1325 3489 1379 3552 illa
1393 3490 1488 3553 liber·
1607 3515 1611 3530 ·

144 3583 211 3640 tete
227 3579 369 3655 stetisse,
390 3581 422 3644 iu
437 3573 568 3663 qnaDei
589 3582 736 3663 permissu
756 3587 943 3654 natussum,
964 3596 1061 3661 neque
1071 3579 1147 3661 jugo
1162 3578 1301 3642 Romano
1322 3577 1490 3660 mancipari

142 3665 224 3730 uitro
247 3667 382 3732 voluisse
400 3687 521 3746 eorum,
543 3671 593 3752 qui
614 3689 673 3734 nou
694 3677 814 3733 tantum
835 3669 1013 3732 ceremoniis
1033 3667 1290 3744 indifferentibus,
1314 3685 1390 3751 qnae
1414 3685 1488 3751 per·

145 3756 260 3820 similes
276 3764 349 3821 snut
362 3759 432 3834 iliis,
448 3780 467 3820 a
481 3760 587 3842 quibus
600 3761 640 3824 D.
655 3759 768 3823 Paulus
784 3757 917 3821 Galatas
932 3757 1052 3832 asserit,
1068 3755 1261 3822 Christianos
1277 3767 1413 3834 onerem,
1434 3757 1489 3830 sed

145 3845 237 3908 etiam
253 3847 350 3909 verba
365 3855 399 3909 et
412 3843 557 3911 mandata
567 3848 681 3913 Christi
697 3855 731 3911 et
736 3847 957 3929 Apostolorum
970 3845 1225 3927 periculosissime
1238 3847 1489 3930 interpretentur,

138 3932 189 4015 jus
205 3933 264 3999 hoc
279 3934 503 4016 interpretandi
518 3955 603 4000 suum
617 3935 703 4000 uuic'e
719 3937 884 4014 iacientes,
905 3954 1014 3998 seusus
1028 3935 1190 4010 humanos,
1201 3935 1388 4018 quibuscum
1402 3938 1488 4001 Deus

142 4041 196 4104 per
211 4043 285 4087 suos
300 4024 457 4088 ministres
477 4045 568 4110 agere
584 4024 691 4113 soiitos
707 4035 770 4100 eet,
792 4023 969 4107 simpiciter
984 4024 1193 4106 captivantes,
1213 4032 1249 4088 ut
1264 4023 1355 4090 aliter
1368 4026 1391 4089 ii
1401 4026 1487 4108 judi-

142 4131 212 4176 care
228 4132 291 4176 non
312 4113 447 4195 possint,
469 4135 557 4197 qnam
571 4115 844 4195 interpretamenta
864 4113 967 4176 verbis
989 4112 1100 4176 alicubi
1121 4114 1301 4176 ediametro
1324 4134 1393 4178 esse
1410 4133 1485 4178 con·

142 4202 246 4264 traria.
292 4201 363 4274 Quo
376 4203 599 4286 interpretandi
614 4204 721 4266 stricto
732 4203 800 4282 jure
816 4219 962 4265 concesso
976 4201 1052 4265 nihii
1067 4219 1157 4284 porro
1173 4202 1315 4279 defuerit,
1337 4203 1485 4285 ne'ipeis-

142 4289 216 4354 simo
231 4291 355 4375 quidem
369 4293 562 4356 Antichristo
578 4287 681 4374 (quem
694 4292 726 4354 in
741 4293 854 4373 templo
862 4291 922 4354 Dei
937 4297 971 4353 et
984 4291 1083 4372 ipsum
1098 4292 1204 4356 sedere
1219 4291 1295 4357 dicit
1309 4285 1485 4376 scriptura),

142 4397 199 4462 quo
213 4399 345 4464 regnum
361 4382 490 4445 suumin
506 4379 798 4458 ecclesiastabiiiat,
812 4377 928 4445 Christi
944 4386 1073 4444 evertat
1096 4447 1104 4468 ι

225 4471 318 4534 Haec
331 4489 401 4552 ego,
416 4471 572 4535 commotis
586 4470 700 4533 intimis
714 4469 910 4551 praecordiis,
931 4469 1016 4551 quasi
1031 4469 1216 4550 migraturos
1236 4489 1303 4535 cnm
1317 4469 1484 4551 migraturo

139 4553 224 4642 (quie
238 4559 409 4635 incertum,
430 4569 498 4624 uter
513 4560 642 4623 alterum
655 4553 864 4640 praevertat),
884 4557 1023 4639 responsi
1045 4557 1111 4620 loce
1134 4559 1175 4622 ad
1196 4567 1316 4642 partem
1336 4557 1485 4639 epistolae

135 4648 263 4733 Magnit
278 4649 368 4713 'ibae
385 4649 423 4712 de
438 4651 541 4712 morbo
557 4657 590 4711 et
602 4655 700 4712 morte
714 4647 850 4710 instante
869 4647 1053 4728 respondere
1072 4646 1162 4711 volui.
1207 4647 1320 4730 Spero,
1341 4646 1418 4709 haec
1438 4645 1485 4710 ite

135 4740 273 4823 excipias
289 4759 308 4803 a
324 4737 497 4813 scribente,
517 4739 562 4801 uti
577 4738 686 4802 solitus
701 4755 735 4800 es
751 4736 889 4818 excipere
904 4737 1078 4818 loquentem
1099 4743 1132 4799 et
1147 4737 1353 4822 damianum
1375 4735 1412 4799 de
1428 4753 1483 4800 ea-

134 4827 199 4896 dem
214 4827 364 4896 moria
408 4827 453 4900 hit
473 4827 608 4911 wamiis
630 4827 708 4890 alius
722 4825 885 4909 quispiam,
905 4824 1032 4889 nitardo
1052 4825 1185 4890 invidiae
1205 4823 1355 4908 periculo,
1375 4823 1484 4890 literar

1238 4923 1278 4982 80
