3406 5542
233 269 297 340 ttt
731 287 953 372 pannonum
966 285 1066 350 casm

234 435 341 500 occisis
361 436 424 500 suis
446 453 484 498 ox
502 432 668 496 Mariamne
690 430 760 494 filiis
782 450 861 494 auno
882 431 942 496 Jul.
957 429 1009 494 40.
1030 437 1171 512 utsupra
1184 429 1312 506 dictum,
1335 438 1434 496 totam
1453 429 1572 510 regim

174 521 179 532 '
234 524 451 607 suspicionibus
468 529 499 585 et
513 521 615 603 pravis
631 520 740 584 studiis
755 538 873 602 unaque
888 520 1012 584 horrore
1028 526 1060 583 ct
1073 527 1155 584 metu
1169 519 1337 602 promiscuo
1353 519 1544 602 impleverat

171 681 174 688 ,
320 612 464 677 Vicissim
475 631 542 674 cum
556 610 633 691 legis
649 610 680 672 iu
689 609 859 684 Matthaeo,
874 609 1034 684 Herodem,
1049 628 1114 672 cum
1129 609 1265 672 audisset
1278 627 1386 691 magos
1396 615 1571 690 supernato

231 723 303 785 rege
319 709 514 785 quaerentes,
529 701 684 762 turbatum
700 717 767 761 esse
784 704 815 760 ct
830 699 1001 761 universam
1015 698 1254 780 Hierosolymam
1269 717 1337 762 cum
1352 717 1397 773 eo,
1414 697 1521 779 cogita
1535 697 1572 758 de

231 793 331 856 causis
346 789 526 854 turbationis
542 789 630 869 hujus
646 796 678 850 et
694 806 732 849 ax
745 787 783 850 iis
799 794 1008 868 argumentum
1023 795 1093 850 texe
1109 787 1145 850 de
1160 795 1312 868 tempore,
1332 806 1388 869 per
1403 786 1572 850 conrrcxio·¹

231 902 299 946 nem
313 881 401 960 hujus
417 886 543 942 eventus
560 895 626 940 cum
640 876 769 940 historia
783 875 931 940 Romana.
974 877 1065 940 Anne
1080 883 1184 940 tantus
1199 895 1269 952 rex,
1284 884 1349 962 tam
1363 885 1452 940 vetus
1473 876 1573 956 impe-

230 971 332 1044 randi,
355 969 394 1032 ad
415 986 571 1048 magorum
590 967 709 1029 unicam
724 967 931 1049 quaestionem
948 965 984 1029 de
1000 983 1071 1046 rege
1085 965 1269 1029 Judaeomm
1283 973 1357 1030 nato
1373 965 1574 1029 conturbetur

231 1069 263 1123 et
277 1059 372 1121 omnis
388 1058 511 1138 iusuper
524 1055 546 1119 J
547 1056 716 1140 erosolyma
731 1074 798 1119 cum
813 1074 865 1131 eo,
887 1055 978 1118 nullis
1000 1055 1068 1118 aliis
1084 1054 1316 1118 circumstantiis
1333 1053 1573 1118 accedentibus?

229 1150 338 1212 Nonne
361 1165 411 1208 res
426 1146 494 1228 ipsa
510 1145 638 1219 clamat,
658 1145 738 1208 buno
763 1143 856 1206 fuisse
879 1144 1065 1226 campulum,
1087 1143 1135 1226 qui
1151 1145 1302 1208 Herodem
1323 1144 1475 1225 urgebat,
1493 1142 1574 1225 quod

135 1265 139 1276 ι
228 1235 381 1320 pharisaei
397 1241 615 1298 recusaverant
624 1233 845 1314 jurameutum
869 1233 947 1315 quod
970 1239 1068 1296 metus
1085 1239 1183 1308 esset,
1205 1252 1242 1296 ne
1259 1241 1307 1298 tot
1321 1251 1461 1307 numero,
1482 1238 1574 1294 tanta

230 1325 415 1388 auctoritate
430 1323 566 1387 homines
589 1329 711 1403 gentem
725 1321 909 1386 Judaeomm
923 1321 989 1403 regi
1003 1321 1202 1397 Parthorum,
1226 1322 1307 1386 hosti
1332 1331 1404 1385 tuuc
1424 1321 1573 1402 temporis

229 1415 333 1497 populi
348 1414 478 1476 Romani
495 1419 644 1492 occupata
658 1411 819 1486 Armenia,
841 1419 877 1474 nt
898 1431 988 1492 supra
1003 1411 1043 1474 ad
1058 1430 1167 1475 anuum
1182 1411 1233 1474 40.
1249 1418 1445 1486 annotatum,
1467 1411 1572 1474 conm-

227 1505 341 1567 liareut
356 1503 452 1584 adque
469 1500 669 1566 defectionem
684 1521 703 1564 a
717 1499 864 1564 Romanis
880 1501 1093 1564 sollicitarent:
1125 1519 1191 1564 com
1200 1500 1357 1582 Babylone
1373 1499 1432 1564 sub
1445 1499 1572 1580 imperio

228 1591 373 1656 Parthico
389 1591 502 1654 multae
517 1589 668 1672 myriades
683 1589 868 1654 Judaeorom
882 1589 1073 1670 babitarent,
1088 1607 1154 1652 cum
1169 1590 1253 1666 iude,
1269 1609 1311 1652 sc.
1326 1610 1363 1652 ex
1379 1589 1500 1652 oriente
1516 1589 1572 1650 ad·

227 1682 386 1746 venissent
399 1680 481 1760 magi
506 1680 543 1742 de
565 1698 637 1760 rege
652 1678 835 1742 Judaeorom
858 1684 1037 1762 quaerentes
1043 1698 1052 1756 ;
1075 1679 1213 1742 Herodes
1233 1699 1304 1742 vero
1326 1699 1382 1742 rex
1403 1677 1522 1742 amiam
1543 1683 1575 1740 et

230 1771 325 1834 cliens
342 1776 426 1832 esset
440 1769 543 1852 populi
557 1768 695 1830 Romani.
710 1847 714 1858 1

316 1859 373 1922 His
388 1858 547 1941 perpensis
563 1857 797 1921 circumstantiis
814 1857 917 1920 desine
932 1875 1021 1939 porro
1043 1857 1159 1931 mirari,
1181 1857 1331 1920 Herodem
1353 1858 1411 1920 boc
1434 1864 1573 1938 tempora

230 1967 333 2012 omues
350 1949 387 2010 de
402 1967 474 2029 rege
490 1965 596 2010 recens
612 1953 686 2010 nato
701 1964 852 2021 mmores,
873 1965 976 2010 omues
992 1945 1069 2008 adeo
1085 1965 1223 2010 susurros
1239 1953 1398 2028 suspectos
1412 1946 1572 2009 babuisse:

230 2045 262 2101 et
278 2055 344 2100 cum
360 2037 447 2101 audis
463 2042 636 2100 narrantem
651 2035 830 2118 Josephum,
846 2035 994 2116 quomodo'
1009 2036 1146 2098 Herodes
1158 2035 1395 2118 conspirationis
1409 2035 1472 2098 reis
1489 2053 1573 2098 com·

227 2127 324 2209 pertis
348 2147 409 2189 uon
430 2126 535 2208 paucis
558 2141 680 2188 numero
703 2125 809 2188 mortis
832 2124 1009 2206 supplicium
1037 2125 1232 2204 irrogaverit,
1262 2125 1335 2188 nihil
1357 2125 1480 2199 dubita,
1504 2125 1574 2206 quin

229 2216 334 2279 eodem
355 2224 490 2297 tempore
506 2213 612 2278 iisdem
629 2215 665 2276 de
682 2214 782 2277 causis
798 2221 830 2276 et
844 2214 977 2276 infantes
991 2213 1240 2276 Bethleemiticos
1263 2214 1302 2275 ad
1317 2233 1421 2277 necem
1445 2213 1572 2295 conqui-

229 2299 342 2368 siverit
387 2305 467 2367 Nam
482 2303 572 2367 iidem
586 2303 754 2385 pharisaei,
776 2302 827 2384 qui
848 2303 958 2366 ceteris
979 2302 1212 2383 conspirationis
1234 2303 1363 2366 consciis
1383 2302 1498 2365 indicio
1520 2321 1572 2364 suo

229 2414 321 2458 causa
336 2394 419 2456 fuere
441 2393 537 2467 necis,
560 2393 651 2456 etiam
666 2392 932 2457 bethleemiticum
947 2391 1132 2454 territorium
1148 2391 1252 2454 eodem
1267 2391 1377 2455 indicio
1394 2411 1449 2454 suo
1465 2391 1572 2472 perdi-

229 2485 345 2546 dcmut.
391 2480 486 2546 Simul
509 2488 611 2544 autem
632 2499 687 2563 per
707 2481 765 2544 bas
788 2480 1031 2544 circumstantias
1055 2481 1147 2542 etiam
1169 2481 1249 2544 circa
1268 2481 1395 2562 Josephi
1417 2479 1574 2544 silentium

229 2572 458 2636 admirationem
472 2571 596 2633 minues.
640 2570 793 2652 Josephus
809 2569 896 2644 euim,
911 2576 946 2632 ut
959 2568 1061 2644 vides,
1083 2570 1140 2632 boc
1156 2568 1222 2650 ipso
1238 2578 1388 2651 tempore,
1409 2587 1469 2650 qno
1488 2587 1591 2655 com-¹

227 2661 451 2725 memorandum
467 2660 523 2723 fnit
538 2648 769 2734 infanticidium,
792 2665 958 2740 occupatus
981 2666 1029 2721 est
1049 2659 1080 2720 in
1103 2659 1291 2739 explicandis
1304 2659 1391 2722 malie
1406 2659 1506 2739 ipsius
1522 2677 1573 2722 re·
1594 2665 1596 2670 '

225 2752 303 2832 giae,
320 2751 413 2812 caede
429 2750 660 2830 pharisaeomm·
678 2756 710 2810 et
724 2748 918 2828 plurimorum
933 2749 1014 2828 regis
1030 2748 1270 2810 domesticomm,
1314 2749 1470 2811 Iuiantum
1494 2749 1574 2810 enim

226 2840 385 2904 calamitas
400 2839 432 2901 id
448 2840 592 2920 temporis
607 2839 638 2900 iu
654 2836 772 2918 magnis
788 2845 820 2900 ct
835 2837 988 2916 atrocibus
1004 2855 1064 2900 uon
1080 2837 1137 2898 fuit
1152 2835 1272 2912 habita,
1288 2838 1313 2900 si
1327 2837 1403 2900 baec
1415 2838 1572 2918 grassedo

226 2929 265 2992 ad
287 2928 465 2993 firmandam
484 2928 653 3008 potentiam
668 2927 873 2990 Romanorum
895 2927 1034 3008 regisque
1049 2925 1180 2989 Herodis
1203 2933 1235 2988 et
1257 2927 1392 2990 tollenda
1414 2926 1574 2990 turbamm

226 3018 342 3081 semina
357 3018 456 3079 relata
472 3017 536 3078 luit.
581 3016 727 3080 Romanis
744 3017 881 3097 equidem
899 3033 981 3078 more
997 3015 1096 3095 patrio
1112 3015 1226 3078 licebat
1247 3016 1354 3078 tollere
1374 3016 1423 3078 vel
1441 3016 1574 3078 educare

225 3107 338 3171 liberos
354 3124 461 3168 recens
478 3111 567 3168 natos
589 3124 645 3186 pro
665 3104 761 3168 lubitu
767 3123 777 3180 ;
799 3112 890 3186 atque
914 3111 986 3168 ante
1008 3123 1103 3167 aunos
1124 3103 1166 3167 60
1190 3113 1313 3168 auctore
1327 3104 1410 3168 Julio
1425 3103 1573 3168 Maratbo

226 3197 306 3278 apud
329 3193 517 3269 Suetonium,
539 3192 685 3258 Cicerone
711 3201 742 3256 et
757 3193 892 3258 Antonio
916 3192 1012 3267 (losa,
1035 3213 1101 3255 curn
1121 3192 1290 3275 prodigium
1314 3195 1430 3258 Romae
1455 3194 1573 3258 factum

225 3291 310 3348 esset
331 3283 467 3366 publice,
493 3302 550 3366 quo
573 3281 811 3347 denunciabatur
832 3301 935 3362 regern
956 3281 1067 3364 populo
1089 3283 1226 3346 Romano
1249 3291 1387 3346 naturam
1410 3283 1575 3364 parturire,

226 3373 524 3437 senatusconsultum
540 3373 668 3447 lactum,
683 3379 720 3434 nt
733 3390 839 3456 neum,¹
849 3371 898 3452 qui
914 3390 950 3434 eo
967 3391 1045 3434 anuo
1061 3379 1152 3434 natos
1168 3379 1260 3446 esset,
1276 3371 1475 3446 educaretur,
1492 3372 1574 3462 quod

225 3471 326 3526 tamen
341 3479 513 3545 panccmm,
529 3463 578 3544 qui
593 3461 737 3542 gravidas
752 3479 862 3522 uxores
877 3460 1034 3536 haberent,
1049 3460 1267 3524 intercessione
1283 3461 1341 3524 fuit
1354 3461 1484 3524 irritum.

314 3551 395 3630 Quid
410 3569 482 3614 vero
499 3551 525 3614 si
538 3547 674 3633 Josepho
697 3569 791 3612 causa
806 3549 933 3625 silentii,
957 3549 1036 3630 quod
1059 3550 1267 3613 cmdelissima
1289 3551 1400 3613 caedes
1422 3551 1455 3614 in
1476 3550 1574 3614 diario

225 3642 358 3706 Herodis
381 3648 531 3703 annotata
546 3659 605 3702 non
621 3639 697 3706 fuit?
743 3636 823 3711 Quid
846 3638 871 3700 si
894 3646 1079 3720 compertum
1102 3638 1254 3720 Josepho,
1275 3641 1404 3722 primum
1425 3639 1574 3702 facinoris

224 3732 414 3794 inventorem
430 3738 462 3791 et
475 3729 689 3809 instigatorem
704 3729 796 3791 fuisse
805 3729 1003 3810 Antipatrum
1018 3728 1154 3809 adeoque
1170 3734 1202 3791 et
1216 3735 1461 3810 perpetratorem
1477 3747 1573 3810 prae-

206 3826 313 3886 textu
328 3818 464 3880 mandati
479 3819 576 3899 regii?
606 3818 664 3880 Hic
680 3818 759 3880 enim
774 3825 854 3892 erat,
870 3817 954 3897 cujus
968 3815 1072 3885 liberis
1087 3817 1242 3880 nocituros
1257 3819 1424 3900 putabatur
1440 3837 1498 3881 rex
1514 3837 1575 3882 uu-

98 3973 101 3980 ,
224 3927 279 3992 per
294 3916 400 3983 uatus3
415 3907 554 3970 Herodes
570 3907 634 3989 ipse
645 3907 711 3988 jam
726 3925 820 3970 senex
835 3923 958 3987 sperare
974 3924 1035 3968 uon
1049 3913 1189 3986 poterat,
1205 3926 1238 3970 sc
1255 3909 1294 3970 ad
1309 3908 1340 3970 id
1355 3925 1451 3989 usque
1467 3907 1574 3970 victu-

225 4016 305 4072 rum,
328 3996 424 4058 donec
446 3995 635 4060 adolesceret
658 3997 758 4060 infans
773 4002 846 4058 tuuc
861 4001 960 4058 natus.
1005 3995 1173 4076 Antipater
1194 3996 1430 4077 parricidialium
1453 3995 1574 4060 c'alum-

225 4088 342 4150 niarum
367 4085 478 4148 artilex
497 4086 592 4165 primo
609 4088 720 4148 fratres
735 4104 796 4148 uon
811 4085 945 4147 uterinos
961 4083 1029 4148 neci
1044 4084 1186 4160 dederat,
1210 4092 1245 4148 ut
1266 4086 1324 4150 sibi
1347 4085 1575 4150 successionem

176 4250 179 4256 Ι
225 4177 372 4250 firmaret,
393 4179 465 4256 post
481 4173 556 4236 alios
572 4177 682 4238 iratres
697 4175 813 4238 Romae
830 4174 976 4255 degentes
993 4175 1073 4255 apud
1087 4183 1207 4256 patrem
1229 4176 1309 4243 falso¹
1330 4175 1502 4252 detulerat,
1525 4175 1575 4240 bic

226 4265 353 4347 denique
376 4263 544 4343 Antipater
564 4264 661 4345 patris
685 4264 839 4327 custodem
860 4263 1237 4345 vicao,conspirationom
1258 4265 1472 4345 indagatorem
1498 4283 1574 4347 pro-

226 4356 340 4428 fessus,
362 4353 452 4414 fidem
467 4359 587 4415 tantam
603 4353 683 4436 apud
697 4361 816 4434 patrem
830 4357 997 4427 meruerat,
1019 4359 1055 4414 ut
1076 4360 1109 4415 et
1129 4353 1262 4417 infantes
1285 4362 1421 4416 mactare
1445 4361 1479 4416 et
1494 4353 1570 4418 nibil

224 4463 285 4505 uon
298 4449 476 4524 perpetrare
490 4443 588 4522 patris
603 4443 721 4506 uomiue
736 4449 843 4524 posset
856 4443 915 4505 boc
928 4447 1101 4522 praetextu,
1117 4445 1203 4523 quasi
1213 4443 1372 4506 securitati
1381 4443 1482 4525 patris
1493 4463 1571 4506 cou-

226 4533 355 4608 suleret3
376 4529 543 4611 Antipater
564 4531 690 4614 denique
713 4538 833 4612 patrem
845 4531 944 4611 ipsum
965 4548 1082 4593 veneno
1101 4531 1227 4612 petivit,
1249 4551 1307 4616 quo
1329 4533 1396 4614 ipso
1419 4533 1571 4596 maturius

225 4629 384 4701 regnaret,
407 4619 619 4702 convictusque
644 4620 766 4684 sceleris
788 4627 885 4682 morte
906 4619 963 4683 luit
985 4620 1112 4702 quinque
1135 4620 1201 4684 dies
1226 4631 1298 4686 aute
1324 4622 1441 4686 obitum
1462 4623 1571 4704 patris.

225 4708 331 4790 Itaque
348 4727 414 4780 cum
429 4709 497 4789 lego
514 4711 596 4788 apud
609 4711 800 4773 Matthaeum
814 4707 924 4789 plurali
939 4727 1077 4778 numero:
1102 4709 1247 4774 Defuncti
1263 4716 1347 4786 suut,
1371 4712 1422 4794 qui
1437 4729 1570 4795 quaere-
