3400 5538
684 250 765 304 noae
783 251 898 306 suaa.
1385 256 1448 320 535
1539 269 1543 292 ι

134 434 327 502 interpretum
353 432 449 492 luorum
468 447 533 486 vero
552 431 642 486 versio
663 431 749 486 sicubi
774 434 911 506 discrepat
930 439 962 489 ut
982 434 1026 490 bic
1046 435 1086 489 ab
1102 432 1243 506 originali,
1269 452 1323 490 non
1346 435 1450 506 poterit

134 514 174 568 illi
194 529 374 584 praerogare,
396 514 466 581 quad
487 523 616 566 consensa
636 513 754 582 probant
773 531 872 570 amnes.

225 594 271 648 23.
301 592 353 647 Hic
374 592 558 646 Grammatico
582 599 674 646 moret
694 591 843 661 jucundam
864 595 983 671 aliquam
1008 577 1193 666 quaestionem
1213 600 1295 650 extra
1320 595 1448 650 ordinem.

134 675 206 726 Gen.
227 689 288 742 cap.
309 673 357 726 IX.
379 677 600 727 commemoratur
621 671 714 742 aliqua
738 673 853 728 historia
878 675 1066 729 denudationis
1086 674 1159 728 Semi
1180 675 1273 743 (Noae)
1294 683 1323 728 et
1341 675 1450 728 ridetur

133 753 206 806 haec
226 752 342 806 historia
366 769 419 806 non
444 753 515 804 nude
543 760 655 822 propter
675 769 704 805 se
724 752 811 822 ipsam
835 756 942 816 relata,
968 757 1017 808 sed
1041 762 1153 824 propter
1179 754 1271 818 aliud,
1296 771 1392 824 nempe
1413 756 1449 808 ad

31 831 34 838 '
135 832 316 902 explicandas
337 847 442 893 causas,
464 848 512 886 car
531 833 595 886 talis
609 831 694 886 inerit
714 832 840 887 instituta
858 835 953 888 divisio
973 841 1074 888 torrae.
1098 835 1232 888 Voluntas
1244 835 1352 888 enimet
1367 836 1449 888 bene-

136 912 269 966 dictiones
283 912 361 964 Noae
374 911 491 965 ruerunt
510 911 569 979 ejus
588 913 649 966 liliis
670 915 841 968 oraculorum
861 915 920 968 loco
940 914 968 968 ia
989 915 1150 983 peragenda
1169 915 1222 967 liac
1236 913 1374 967 divisione.
1404 914 1450 968 Sic

134 993 208 1046 enim
229 990 434 1044 etiamJosua'
426 1007 453 1044 ιιι
474 991 603 1045 divisione
623 997 718 1044 terrae'
737 993 860 1062 respexit
880 996 920 1047 ad
931 993 1236 1050 testamentumdaoobi.
1266 994 1343 1055 Quod
1365 993 1450 1063 igitur
1527 1037 1530 1048 .

134 1070 221 1124 fuerit
239 1065 283 1123 hic
304 1086 400 1139 scopus
426 1069 602 1135 narrationis,
628 1072 736 1124 videtur
762 1072 887 1126 elucere
894 1090 932 1126 ex
952 1074 1090 1144 ingressu,
1118 1089 1196 1144 quern
1217 1074 1306 1127 Mases
1328 1073 1393 1126 iecit
1414 1075 1450 1127 ad

134 1151 224 1213 illam;
246 1151 284 1203 sio
303 1167 329 1203 ιι.
351 1155 442 1204 sonat:
464 1159 546 1202 eram
566 1167 631 1220 erpo
648 1150 810 1220 filiiNooc,
832 1154 882 1222 qai
902 1155 1011 1223 egrossi
1030 1161 1099 1206 sant
1119 1154 1155 1205 de
1175 1170 1261 1206 arca:
1281 1152 1451 1211 demoliens

134 1239 163 1282 et
182 1229 317 1300 Japtem
354 1229 451 1282 Porro
473 1227 587 1284 Otom'
575 1247 639 1300 spos
659 1239 702 1284 cst
723 1239 807 1300 pater
829 1231 954 1286 Canama
996 1232 1069 1286 Tres
1090 1234 1143 1286 isti
1158 1232 1219 1301 filis·
1239 1239 1309 1284 sant
1328 1231 1402 1290 Noc,
1423 1239 1451 1284 et

133 1311 171 1363 ab
192 1311 237 1362 lis
258 1310 472 1361 dissernimstum
492 1319 535 1362 est
555 1327 631 1362 ornae
649 1327 739 1380 genas
759 1311 896 1365 lorainam
916 1325 1006 1382 saper
1026 1313 1189 1365 anismam
1207 1311 1332 1366 Terram
1364 1311 1450 1374 Quasi

134 1390 241 1443 diceret
260 1390 363 1442 Moses:
384 1405 444 1442 cum
463 1389 513 1442 sim
533 1389 662 1452 dicturus,
683 1393 814 1460 quamodo
835 1391 923 1445 divisa
941 1392 977 1445 sit
991 1393 1077 1446 Terra
1096 1391 1168 1444 inter
1187 1392 1256 1446 lilios
1271 1393 1356 1454 Noae,
1378 1389 1450 1444 acci·

133 1469 208 1523 derit
226 1486 291 1523 vero
318 1468 458 1538 singulare
483 1469 585 1538 aliquid
607 1469 633 1524 in
653 1470 705 1524 hac
732 1470 861 1525 divisione
887 1487 947 1526 cum
974 1477 1047 1524 sorte
1068 1471 1194 1535 Canaan,
1220 1471 1265 1542 qui
1292 1479 1354 1526 erat
1379 1470 1450 1526 iilius

134 1549 241 1606 Chenai,
262 1549 332 1618 quod
353 1565 390 1600 sc.
412 1547 469 1618 ipse
488 1556 596 1618 partem
616 1549 714 1620 Syriae
740 1550 888 1604 obtinuerit
912 1558 995 1605 extra
1014 1556 1113 1604 sortem
1133 1550 1220 1620 patris
1241 1550 1283 1604 sui
1305 1551 1397 1613 Cham,
1418 1557 1449 1604 at

133 1628 179 1682 cui
201 1627 303 1698 obtigit
322 1627 417 1682 Africa
437 1635 466 1682 et
484 1628 590 1683 Arabia
609 1629 647 1683 cis
668 1635 698 1683 et
716 1631 791 1686 ultra
809 1645 885 1684 mare
904 1631 1023 1692 rubram,
1045 1645 1105 1684 cum
1125 1630 1231 1701 reliqua
1244 1630 1327 1700 Syria
1340 1635 1369 1684 at
1382 1630 1450 1686 Asia

133 1710 294 1762 traderetur
320 1707 428 1760 Semitis
453 1713 483 1762 et
506 1708 656 1777 inpendia
686 1709 766 1778 hujus
795 1709 881 1780 igitur
910 1709 1146 1764 extraordinariae
1175 1710 1256 1764 sartis
1282 1709 1450 1764 occasionem

133 1789 263 1858 pandam,
285 1787 363 1840 simul
378 1787 566 1841 etiamcaueas
587 1789 762 1853 indicaturus,
783 1807 831 1842 cnr
845 1792 955 1844 tandem
968 1789 1167 1844 terraCanaan
1187 1789 1299 1843 cesserit
1308 1788 1449 1852 Israelitis,

133 1883 170 1920 ex
192 1867 363 1936 arphaxado
385 1866 512 1930 oriundis,
533 1873 643 1938 etpost
663 1885 709 1924 eos
729 1869 849 1939 Assyriis
870 1886 907 1923 ex
926 1876 1013 1925 Assar
1032 1869 1154 1931 Semitis,
1180 1869 1256 1938 ipsae
1275 1886 1341 1922 vera
1361 1869 1449 1923 Cana·

132 1963 265 2002 aaeorum
285 1946 417 2018 reliquiae
437 1946 575 2016 dispersae
595 1947 696 2002 inerint
716 1948 744 2002 in
762 1949 902 2018 Europam
921 1948 1034 2018 Japheti
1054 1955 1162 2002 sortem.

224 2053 270 2108 24.
300 2053 362 2106 Jam
382 2055 453 2123 quod
472 2053 656 2108 narrationem
676 2054 761 2123 ipsam
782 2055 890 2118 attinet,
911 2055 1020 2127 qaaerit
1029 2053 1220 2118 Grammatico,
1241 2053 1264 2108 si
1272 2061 1354 2124 pater
1363 2055 1449 2108 Cham

132 2133 268 2202 peccarit,
289 2149 338 2186 cur
357 2135 418 2186 Noa
437 2132 580 2187 maledixit
599 2150 653 2189 naa
672 2133 754 2203 patri,
775 2137 822 2188 sed
842 2134 897 2188 lilio
918 2135 1031 2189 Caaaoa
1051 2140 1153 2204 puero?
1173 2135 1211 2188 Et
1230 2135 1338 2189 ridetur
1352 2135 1449 2188 Gram-

131 2212 261 2274 matioae,
282 2213 352 2282 quod
374 2213 458 2266 Cham
479 2213 545 2266 nihil
564 2213 727 2282 peccaverit,
748 2216 795 2267 sed
814 2216 885 2284 quod
904 2213 1017 2270 fortuito
1038 2214 1162 2269 inciderit
1175 2214 1202 2268 in
1216 2221 1389 2284 conspectum
1407 2215 1450 2268 rai

134 2292 334 2346 abominandae
364 2298 557 2362 correptusque
587 2293 699 2347 horrore
726 2293 876 2364 refugerit,
906 2311 956 2348 nec
981 2301 1104 2348 sanctum
1129 2293 1281 2363 putaverit,
1311 2295 1450 2348 oculorum

132 2389 245 2426 suoram
265 2371 385 2442 vestigia
405 2372 481 2443 sequi
502 2375 537 2426 ad
557 2375 706 2443 tegendum
725 2379 845 2444 patrem,
871 2375 1015 2445 potiusque
1036 2373 1139 2429 dixerit
1164 2374 1308 2436 fratribus,
1336 2391 1454 2450 quorum

132 2459 214 2506 erant
244 2451 332 2505 adirm
358 2452 429 2504 oculi
457 2452 531 2521 puri,
562 2469 628 2523 quos
655 2459 684 2506 et
703 2468 786 2555 puras
811 2453 1010 2517 custodierunt,
1041 2470 1137 2508 aversa
1167 2453 1292 2524 ingressu
1317 2453 1392 2507 facta
1414 2455 1448 2508 ad

131 2533 283 2603 tegendam
302 2537 416 2600 patrem.

224 2612 269 2666 25
300 2612 376 2672 Quod
397 2611 483 2681 igitur
508 2611 624 2682 legitur,
644 2611 706 2665 Noa
726 2611 941 2683 expergefactus
966 2612 1141 2666 maledixisse
1167 2627 1255 2706 puero
1274 2611 1401 2676 canaan,
1422 2613 1450 2666 id

131 2692 242 2745 ridetur
262 2708 316 2745 nan
336 2691 423 2760 patris
445 2691 503 2760 ejus
524 2690 609 2745 Cham
630 2690 725 2745 ultioni
751 2694 858 2754 datum,
879 2693 926 2745 sed
947 2709 1000 2746 non
1020 2693 1134 2745 obscure
1159 2709 1228 2762 puer
1248 2692 1307 2761 ipse
1327 2692 1449 2753 Canaan,
1498 2687 1500 2694 ’

130 2772 274 2841 impudens
295 2776 324 2822 et
343 2769 487 2839 petulans,
518 2771 644 2841 arguitur
665 2787 683 2824 a
702 2771 763 2824 Noa
782 2771 864 2840 hujsa
888 2771 971 2833 iacti,
997 2779 1029 2825 ut
1048 2771 1094 2843 qui
1120 2771 1219 2834 sciret,
1245 2779 1357 2842 praeter
1377 2772 1450 2826 hano

130 2867 247 2920 pueram
265 2849 399 2903 neminem
419 2851 503 2902 fuisse
524 2851 747 2904 intabernaaulo.
776 2852 863 2915 Alias,
883 2851 906 2903 si
921 2852 973 2905 hoo
993 2853 1079 2906 solum
1099 2851 1244 2916 didicisset,
1265 2852 1330 2922 quid
1349 2851 1450 2905 viderit

130 2929 203 2985 filins
224 2930 282 2998 ejus
303 2929 396 2992 Cham,
415 2937 471 2984 'non
491 2931 612 2999 aportuit
632 2930 723 2983 dicere
742 2933 847 2992 Mosen,
868 2931 940 3000 qaid
955 2932 1061 3001 jecerit
1081 2933 1138 2984 sibi
1153 2931 1238 3000 filias
1260 2933 1330 3003 ejas.

223 3025 268 3082 26.
297 3029 359 3081 Hac
380 3027 464 3097 igitur
485 3035 563 3080 sunto
585 3023 655 3082 duae
676 3028 871 3082 admonitiones
892 3027 1106 3091 Grannnaticae,
1127 3044 1209 3098 super
1229 3027 1261 3081 iis
1282 3036 1341 3082 esto
1361 3029 1449 3082 'ibeo-

131 3106 227 3177 lagiae
248 3107 389 3160 arbitrium
410 3108 555 3164 statuendi.
596 3107 680 3162 Filius
701 3125 737 3160 sc.
758 3107 836 3162 Noae
863 3107 949 3162 minor
968 3109 1012 3161 hic
1038 3115 1147 3162 sonaret
1172 3109 1345 3171 tantundem,
1358 3115 1450 3179 atqua

130 3203 230 3256 nepos,
256 3189 326 3257 quod
353 3194 382 3239 ct
401 3188 566 3242 Theodorias
595 3187 706 3256 placuit
748 3187 803 3242 Cur
823 3188 894 3242 enirn
918 3205 971 3244 non
1000 3189 1090 3258 potius
1119 3188 1255 3241 diceretur
1283 3189 1354 3243 illius
1384 3203 1449 3241 suus

131 3268 237 3324 Chaml
257 3268 295 3320 Et
314 3266 337 3319 si
358 3266 442 3320 Cham
462 3275 529 3321 natu
549 3268 680 3332 minimus,
701 3285 750 3322 cur
770 3268 840 3322 alias
859 3268 911 3320 hoc
931 3268 1025 3322 ordine
1045 3273 1235 3322 recensentur:
1261 3269 1341 3332 Sem·
1354 3267 1449 3332 Cham,

130 3347 274 3416 Japhothi

223 3427 269 3480 27.
300 3425 412 3480 Canaan
433 3443 486 3480 non
507 3425 580 3491 ideo,
601 3426 666 3498 qaia
685 3443 768 3496 nepos
788 3427 879 3488 Noae,
905 3425 976 3480 filius
997 3425 1056 3495 ejus
1075 3425 1162 3480 minor
1182 3425 1295 3502 dicitur,
1316 3429 1363 3480 sed
1385 3425 1451 3497 qaia

129 3507 195 3561 Noa
214 3505 285 3558 forte
306 3505 577 3577 adoptaritCanaan,
597 3507 669 3560 forte
688 3507 773 3575 primo
794 3513 888 3560 natum
901 3512 965 3575 post
984 3505 1121 3568 diluvium,
1141 3512 1174 3558 ut
1182 3506 1302 3559 lacobus
1316 3505 1450 3576 Ephraim

131 3593 163 3640 et
182 3587 319 3640 Manasse

223 3665 268 3718 28.
299 3665 343 3718 Sic
366 3663 574 3734 igiturCanaan
593 3637 682 3719 iactus
703 3671 745 3718 est
764 3663 849 3734 primo
871 3679 964 3718 sersus
974 3661 1056 3725 Semi
1078 3666 1185 3734 quando
1203 3663 1253 3719 mli
1273 3663 1356 3720 Lothi
1366 3663 1449 3720 Moab

131 3751 162 3798 et
182 3750 296 3799 Ammon
326 3752 494 3813 occuparunt
521 3745 661 3814 regionem
690 3745 1007 3808 transdoromam
1032 3744 1102 3798 lilius
1126 3744 1276 3799 Abrahami
1304 3763 1340 3799 ex
1360 3752 1449 3816 Agar,

130 3825 241 3886 lernaei,
262 3825 382 3879 Arabiae
406 3824 573 3878 contermina
597 3823 715 3878 obtinuit
734 3824 769 3877 ab
790 3823 889 3878 Herila
909 3826 943 3877 ad
965 3823 1018 3877 Sar
1043 3830 1072 3877 et
1091 3826 1228 3878 desertum
1248 3825 1373 3879 Pharan:
1399 3824 1448 3879 iiiii

132 3923 170 3958 ex
192 3903 314 3957 Cetlrura
331 3904 449 3958 Mediam
471 3911 499 3956 et
519 3903 603 3958 ceteri
623 3904 768 3958 orientales
788 3911 892 3972 partes,
913 3903 1011 3957 deinde
1028 3903 1076 3957 illii
1094 3903 1174 3966 Isaci,
1194 3905 1270 3958 Esau
1291 3905 1397 3975 quidem
1418 3912 1447 3958 et

131 3983 204 4039 filias
225 3982 283 4052 ejus
303 3985 415 4040 Amalec
435 3985 599 4048 Idumaeam,
620 3985 706 4037 Jacob
726 3999 790 4036 vera
811 3999 860 4036 sea
878 3981 1022 4037 israelitae
1042 3985 1152 4037 tandem
1170 3983 1325 4039 universam
1345 3991 1448 4038 terram

132 4065 248 4118 Canaan
270 4063 462 4117 intennediam.

225 4143 271 4196 29.
301 4143 448 4196 Posteriori
468 4149 590 4211 ternpore
610 4143 723 4197 Canaan
742 4141 832 4196 factas
853 4149 897 4195 est
920 4157 1014 4195 servus
1035 4141 1160 4211 Japheti,
1182 4147 1288 4214 quarrdo
1302 4141 1448 4196 Cananaei

132 4222 235 4278 residui
264 4223 378 4276 navibus
408 4222 522 4291 dispersi
550 4223 647 4276 sunt
639 4241 665 4276 m
692 4223 808 4286 insulas,
838 4221 866 4275 in
886 4222 1031 4276 Graeciam
1057 4229 1086 4276 et
1104 4222 1223 4278 ltaliam.
1263 4223 1310 4276 Uti
1328 4228 1448 4275 testatur

132 4301 272 4372 inscriptio
294 4303 393 4355 alicubi
411 4303 537 4359 inventa.
558 4301 620 4356 Nos
641 4319 738 4356 ιιιιιιιιι
760 4301 917 4361 Oaaaaocs',
938 4304 1152 4373 quos,frr9ar1it
1170 4302 1265 4356 Josua
1284 4303 1369 4354 latro.
1410 4302 1448 4354 Et

131 4382 249 4452 Hispani
269 4385 342 4450 apud
362 4382 523 4436 Strabonem
543 4388 676 4436 noverant
696 4397 826 4436 annorum
846 4397 975 4436 summam
995 4383 1170 4437 Hebraicam.

212 4463 259 4516 30.
288 4467 347 4517 Aut
366 4462 440 4515 dicat
459 4461 518 4533 quis
539 4462 734 4516 concinniorem
748 4460 829 4531 nujus
849 4461 1045 4515 maledictionis
1064 4479 1112 4515 seu
1126 4459 1332 4528 mancipationis
1353 4460 1446 4528 imple·

131 4543 240 4596 tionem
283 4543 364 4595 Forte
390 4541 528 4610 impletum
548 4549 590 4596 est
614 4544 664 4595 sub
689 4541 850 4610 captivitate
869 4541 1033 4611 Amyriaca,
1063 4548 1192 4613 quantum
1219 4540 1319 4594 attinet
1338 4557 1390 4594 aaa
1411 4541 1447 4592 ad
1550 4531 1557 4558 ¹

102 4651 107 4660 ·
131 4629 244 4694 gentem
265 4621 448 4684 Cananaeam,
469 4623 516 4674 sed
537 4623 572 4675 ad
592 4628 693 4676 terram
715 4622 773 4690 ejus
794 4636 842 4674 seu
864 4629 971 4676 sortem.

221 4703 268 4756 31.
298 4701 368 4754 Nam
389 4701 440 4754 etsi
460 4705 546 4756 amur
563 4702 616 4756 init
631 4700 792 4764 liliasSemi,
813 4700 917 4770 legitur
937 4707 1029 4755 tamea
1042 4718 1095 4776 non
1116 4706 1222 4760 tantum
1242 4697 1446 4762 initioNimrad‚

131 4799 147 4836 a
167 4782 297 4838 cnsnita
317 4781 406 4835 Chasa
426 4779 562 4845 oriundus,
583 4783 658 4838 illam
677 4780 786 4839 Arauris
806 4785 907 4836 sortem
927 4780 1092 4851 subjugasse
1113 4785 1141 4834 et
1161 4777 1320 4834 aedificasse
1330 4777 1446 4834 Ninirea
