3396 5540
572 260 577 271 ·
650 250 757 314 helogar
777 249 923 300 Uirrouicae.
1385 255 1447 312 435

127 421 159 484 in
184 424 236 485 76.
260 427 293 486 et
314 417 428 492 tamem
449 421 611 488 Christum
633 423 809 510 patientem
832 445 991 490 annorum
1012 429 1139 490 tantum
1156 428 1207 488 30.
1245 424 1329 504 Puto
1352 424 1450 506 igitur

128 516 249 592 patres,
277 531 350 576 cum
372 511 502 590 scirent,
528 511 697 578 Ohristum·
713 511 911 596 baptizatum
935 515 1030 578 luisse
1049 512 1179 581 Juliauo
1196 517 1247 592 73,
1271 535 1344 582 cunr
1367 521 1452 580 esset

128 613 288 664 annorum
303 599 395 683 quasi
413 603 464 680 30,
488 599 592 665 tribus
608 605 720 683 postca
733 601 945 684 Evangelistis
961 621 1131 684 perperam
1150 601 1333 682 intellectis,
1352 602 1451 674 fuisse

127 685 264 753 confisos
296 687 338 752 de
366 709 432 754 nno
462 681 530 754 aulo
561 689 713 772 paschate
742 689 910 756 ministerii
939 689 1073 767 Christi,
1106 689 1251 771 neglecto
1279 692 1452 774 Evangelio

127 773 273 858 ioannis,
297 777 443 859 neglecto
466 783 499 841 et
522 777 682 862 computo.
695 785 727 844 et
738 777 1010 846 annumeratione
1031 779 1185 862 temporis
1206 779 1316 844 adres
1332 778 1452 844 Christi

126 869 253 946 gestas,
284 885 324 930 ac
352 865 382 930 ai
408 865 554 934 Christus
584 866 695 932 statim
725 867 758 932 in
785 866 940 950 paschate
972 873 1127 949 sequente
1157 868 1235 934 anni
1258 873 1309 932 74.
1339 867 1453 935 fuisset

127 973 261 1036 passus:
290 953 376 1019 unde
399 961 464 1035 est,
492 955 579 1037 quod
607 953 738 1038 quidam
765 955 906 1037 illorum,
935 977 1016 1040 quos
1042 960 1231 1038 argumento
1253 953 1291 1022 Χ.
1320 957 1450 1036 adduxi,

127 1039 149 1106 J
150 1041 331 1125 erosolyme
346 1045 437 1126 ajrmt
459 1043 609 1110 cecidisse
625 1045 808 1128 apaseione
825 1065 890 1110 nou
906 1049 958 1110 40.
975 1044 1033 1110 sed
1047 1049 1099 1122 42,
1123 1045 1201 1129 quia
1223 1045 1342 1112 scilicet
1364 1052 1450 1120 tunc,

128 1151 201 1194 cum
222 1131 287 1196 ista
315 1129 516 1210 scribebant,
550 1134 733 1216 passionem
755 1153 794 1197 ex
817 1133 942 1198 incuria
969 1133 1153 1202 referebant
1178 1155 1242 1198 non
1264 1134 1298 1198 in
1321 1139 1373 1200 76.
1397 1131 1452 1200 sed

127 1219 160 1284 iu
185 1223 238 1284 74.
260 1218 437 1287 lulianum.
483 1219 600 1304 ltaque
622 1221 684 1286 hoc
707 1227 930 1304 argumentum
952 1222 985 1286 in
1007 1222 1112 1288 medio
1134 1220 1336 1304 relinquitur.

217 1307 355 1392 Reliqua
377 1329 453 1374 vero
480 1315 517 1374 12
546 1316 736 1392 argumenta
763 1312 807 1376 sic
833 1317 908 1376 sunt
934 1318 1135 1395 comparata,
1163 1317 1200 1376 ut
1223 1330 1298 1376 non,
1316 1309 1451 1398 rideam,

127 1395 209 1478 quid
232 1405 354 1462 contra·
368 1399 593 1464 auctoritatem
616 1404 649 1463 et
670 1419 862 1465 consensum
890 1407 940 1466 tot
967 1400 1174 1483 scriptorum,
1198 1399 1254 1482 qui
1276 1400 1353 1483 ipsis
1368 1399 1452 1482 hpo·

128 1485 223 1558 stolis
245 1486 390 1568 proxime
411 1493 642 1567 successerunt,
667 1489 771 1572 excipi
793 1487 887 1554 hodie
901 1490 1019 1572 possit.
1131 1495 1133 1502 ⁴

218 1573 294 1640 Tria
308 1575 438 1658 quidem
453 1577 538 1654 sunt,
554 1597 637 1659 quae
653 1574 846 1660 objiciuntur
860 1583 972 1662 aperte
981 1600 997 1641 :⁴
1008 1576 1039 1659 1)
1052 1577 1259 1656 astronomia,
1277 1575 1311 1658 2)
1324 1575 1452 1662 eclipsis

129 1682 150 1728 a
171 1662 347 1745 Phlegonte
368 1663 497 1747 prodita
517 1665 560 1732 ad
583 1679 704 1732 annum
726 1687 791 1732 non
811 1670 852 1729 76
876 1665 933 1732 aed
954 1670 995 1730 78
1018 1673 1051 1730 et
1075 1669 1109 1747 3)
1133 1671 1272 1748 quatuor
1294 1665 1453 1748 paschata

128 1751 163 1816 in
190 1751 391 1833 Evangeliis:
420 1759 461 1826 at
489 1759 656 1835 quartum,
692 1753 779 1838 quod
811 1753 976 1822 hominurn
1008 1775 1066 1820 ora
1098 1754 1272 1838 oculosque
1305 1752 1452 1834 obstruit,

129 1840 256 1906 occulte
278 1841 370 1920 latet,
392 1842 570 1911 auctoritas
596 1841 820 1926 theologorum
847 1863 1046 1926 nuperorum
1073 1842 1160 1926 apud
1192 1863 1302 1911 omnes
1334 1848 1452 1925 partes,
1566 1853 1570 1864 '

129 1949 216 2012 quae
238 1935 367 1994 tautum
390 1930 491 2010 valet,
520 1935 644 2010 utnon
666 1923 784 2014 possim
805 1954 870 1998 non
892 1932 1059 2014 deplorare
1086 1933 1202 1998 aetatis
1230 1932 1325 2016 hujus
1352 1930 1454 1996 inseii-

131 2017 275 2096 citatem,
299 2018 381 2084 adeo
396 2039 516 2102 paucos
533 2040 609 2098 esse,
634 2021 689 2104 qui
703 2020 789 2086 inter
810 2041 904 2086 veras
920 2021 1066 2089 ¹rationes
1081 2029 1113 2086 et
1129 2020 1231 2086 nudas
1247 2020 1455 2086 auctoritates

129 2107 330 2186 discernant,
355 2108 417 2191 qui
432 2107 647 2194 considerent,
671 2115 794 2174 veteres
816 2131 837 2176 a
858 2109 995 2193 Suslyga
1018 2113 1144 2194 etjam
1165 2131 1186 2174 a
1208 2130 1259 2176 me
1280 2108 1456 2192 productos

129 2196 178 2259 rei
199 2201 310 2278 gestae
340 2217 422 2279 pene
440 2196 602 2272 ιαῦτοπτας
629 2193 747 2277 luisse,
778 2199 971 2264 recentiores
999 2219 1074 2263 vero
1097 2197 1142 2262 ab
1165 2197 1359 2271 astronomis
1386 2216 1466 2274 esse·

129 2283 300 2367 deceptum
323 2283 404 2349 adeo
427 2286 587 2368 simplices
610 2307 688 2368 esse,
714 2287 907 2370 qui'literati
930 2288 1044 2353 volunt
1065 2285 1186 2364 haberi,
1210 2293 1246 2351 ut
1266 2283 1456 2366 atheologis

128 2373 294 2438 hodiernis
315 2373 348 2438 in
364 2373 425 2438 hac
446 2375 580 2440 materia
602 2375 766 2440 discedere
788 2373 950 2459 piaculum
972 2380 1105 2459 puteut;
1129 2375 1210 2440 adeo
1225 2373 1369 2458 denique
1386 2394 1454 2441 cor-
1574 2420 1580 2436 .

128 2467 229 2546 rupta
250 2461 519 2528 modulationem
542 2463 747 2547 quorundam
768 2464 904 2546 ingenia,
929 2470 974 2543 ut,
999 2465 1145 2554 quamvis
1167 2462 1321 2542 videntes,
1346 2461 1474 2526 coecos

129 2569 164 2613 se
187 2549 347 2628 simulent,
371 2571 412 2618 ue
427 2550 647 2634 theologorum
668 2559 797 2635 gentem
819 2552 939 2618 scilicet
961 2550 1124 2618 offendant
1145 2571 1323 2634 maresque
1346 2571 1456 2616 eorum

128 2639 196 2704 iras
217 2639 437 2722 experiantur.
483 2641 551 2722 Ego
573 2647 680 2720 motus
709 2641 770 2708 hoc
792 2641 939 2724 exemplo
962 2643 1007 2706 rei
1029 2663 1094 2708 nun
1121 2640 1203 2706 adeo
1231 2659 1369 2722 magnae
1392 2659 1455 2706 nou

129 2727 279 2808 diffiteor,
303 2749 354 2794 me
375 2728 417 2793 de
438 2749 549 2796 rerum
571 2751 697 2807 summa
719 2731 804 2796 male
827 2731 972 2796 ominari.
1017 2729 1114 2794 Video
1138 2730 1231 2808 enirn,
1256 2729 1344 2812 quod
1366 2727 1457 2794 ulcus

128 2821 273 2972 qrupptdpe
295 2817 462 2900 dignitatis
477 2819 535 2886 viri
556 2825 689 2901 tangere
704 2819 807 2886 nolint
828 2819 999 2906 potiusque
1023 2816 1205 2886 exitialibus
1225 2818 1310 2882 inter
1324 2837 1359 2882 se
1375 2817 1456 2886 odiis

155 2904 162 2918 '
244 2905 362 2970 lentur.
1208 2969 1210 2974 ,
1377 2905 1381 2912 ’

129 2905 186 2990 ‘hg
220 2992 284 3060 Sed
307 2993 348 3060 de
369 2993 420 3060 his
446 2995 544 3078 plura
569 2997 663 3079 queri
689 3017 753 3062 non
782 3001 831 3062 est
858 2995 955 3080 hujus
980 2995 1061 3060 loci:
1089 2995 1219 3066 illorum
1246 3013 1320 3060 vero
1346 2993 1455 3070 trium,

131 3103 219 3167 qnae
240 3083 346 3148 solent
367 3083 460 3168 objici
484 3105 569 3150 auno
594 3084 810 3170 verulano,
835 3086 987 3168 primum,
1011 3085 1051 3150 de
1072 3083 1289 3160 astronomiae
1310 3082 1456 3148 dissensu

129 3173 165 3236 iu
182 3171 310 3237 ratione
331 3172 506 3256 paschatis,
522 3176 591 3257 jam
606 3179 656 3240 est
670 3173 704 3240 in
719 3172 937 3257 superioribus
951 3172 1075 3258 prolixe
1090 3172 1292 3240 dissolutum.
1304 3249 1309 3262 .
1323 3169 1457 3244 Ostendi

130 3259 227 3340 euim,
251 3259 292 3325 de
308 3260 460 3344 paschate
481 3259 682 3328 dudaeorum
704 3269 847 3346 tempore
861 3262 980 3328 Christi
1002 3262 1089 3328 intra
1103 3260 1204 3326 tridui
1218 3267 1276 3326 aut
1290 3259 1458 3343 quatridui

130 3349 275 3431 spatium
305 3349 512 3433 pronunciari
534 3350 637 3430 ‘tertio
660 3352 711 3416 die
733 3371 772 3416 ex
793 3352 990 3418 aenonomia
1017 3371 1082 3417 non
1112 3370 1224 3434 posse,
1254 3369 1328 3413 cum
1350 3346 1458 3431 cyclus

129 3437 197 3502 illis
221 3438 361 3504 usitatus
385 3443 510 3505 tantam
533 3439 701 3510 leuitatem
722 3439 884 3522 admittat.

223 3527 317 3607 Quod
347 3527 481 3611 eclipsin
518 3529 637 3594 attinet
664 3528 869 3610 Phlegontis,
905 3527 952 3594 ita
987 3527 1118 3610 quidem
1147 3532 1212 3593 est:
1245 3523 1460 3608 Hieronymus

132 3615 240 3696 uertit,
264 3623 381 3700 quarto
403 3637 489 3682 auno
511 3617 637 3700 Olymp.
661 3615 754 3682 CCII.
777 3633 927 3697 magnam
949 3615 1082 3701 eclipsin
1105 3622 1140 3680 et
1160 3635 1238 3697 prae
1260 3614 1333 3680 aliis
1355 3613 1459 3678 excel·

131 3703 270 3770 lentem,
301 3707 344 3770 At
365 3704 451 3770 idem
473 3705 687 3786 hieronymus
710 3705 881 3787 adscripsit
904 3704 967 3771 ista
989 3701 1087 3768 verba
1108 3703 1151 3768 ad
1173 3723 1294 3768 anuum
1318 3708 1347 3768 2.
1372 3702 1459 3766 illius

133 3791 334 3876 Olympiadis
362 3817 383 3860 a
412 3793 463 3858 die
491 3793 607 3862 ludim
634 3791 792 3877 Olympici
817 3791 977 3877 inceptae,
1006 3793 1038 3858 id
1069 3796 1130 3858 est'
1146 3791 1188 3856 ad
1209 3791 1377 3858 lulianum
1407 3794 1459 3854 76.

132 3881 178 3946 Et
192 3879 360 3962 Eusebius,
382 3903 420 3947 ex
436 3903 501 3964 quo
516 3883 614 3948 vertit
628 3883 692 3948 ista
706 3879 927 3964 Hieronymus,
945 3880 1056 3946 eodem
1071 3901 1157 3946 anno
1173 3877 1460 3946 diversissimorum

131 3975 315 4054 temporum
330 3977 453 4050 eventa,
478 3969 565 4054 quod
581 3976 629 4035 est
645 3977 737 4036 extra
759 3971 1017 4051 controversiam,
1042 3974 1219 4034 coacervat.
1250 3968 1348 4044 Adde,
1374 3967 1460 4050 quod

133 4057 276 4126 Graecus
292 4059 423 4127 Eusebii
444 4066 553 4126 textus
574 4057 742 4141 ambiguus
759 4065 807 4124 est
822 4065 855 4123 et
873 4058 1026 4123 lubricus.
1057 4058 1187 4124 Nescias
1203 4058 1297 4134 enim,
1326 4063 1461 4139 »quarto

131 4169 249 4227 anuo«
284 4169 327 4214 an
355 4148 542 4231 simphciter
577 4169 680 4214 ranno
707 4169 783 4214 vcro
814 4147 939 4230 Olymp.
964 4145 1075 4212 conr
1110 4147 1222 4228 legas?
1252 4166 1335 4212 aune
1365 4163 1461 4208 unam
1587 4212 1589 4220 ,

132 4237 265 4303 literam
286 4241 307 4316 β
329 4237 379 4301 vel
401 4266 417 4320 y
439 4239 589 4304 omissam
617 4238 818 4322 suspiceris·
832 4243 870 4302 ut
891 4236 1061 4318 legendum
1082 4236 1141 4302 sit:
1169 4234 1310 4300 secundo
1332 4253 1417 4299 anno
1440 4252 1462 4296 a

132 4326 184 4392 dic
206 4325 438 4409 Olympiorum,
463 4326 514 4392 vel
536 4326 633 4392 tertio
656 4349 677 4392 a
699 4326 767 4392 Gal.
790 4322 865 4390 Jan.
889 4323 1151 4390 antecedentibus
1171 4322 1319 4407 Olympia
1340 4340 1462 4385 annum
1498 4352 1501 4360 v

132 4413 351 4498 auspicando:
376 4421 409 4480 et
431 4415 458 4480 si
478 4415 577 4498 legas,
601 4417 671 4500 ipso
693 4415 750 4482 illo
773 4425 858 4480 anno
875 4413 999 4498 Olymp.
1017 4413 1121 4493 0011,
1145 4419 1183 4482 ut
1205 4417 1254 4476 est
1276 4401 1406 4494 quidem
1427 4409 1462 4472 in

132 4503 259 4570 Graeco
282 4509 391 4568 textu:
414 4523 456 4592 rep
472 4513 503 4570 te
518 4507 576 4570 trra
590 4529 649 4587 της,
670 4504 923 4570 consentientem
945 4504 1084 4568 invenies
1107 4499 1352 4568 astronomiam:
1376 4517 1462 4562 auno

131 4594 218 4658 euim
243 4597 297 4658 74.
314 4591 455 4670 Juliano,
479 4613 544 4676 quo
560 4593 725 4678 Olympias
747 4599 822 4658 acta
844 4599 902 4672 est,
926 4591 988 4656 fuit
1011 4596 1066 4656 74.
1087 4586 1376 4671 Novembrishora
1398 4605 1463 4650 rma

130 4688 232 4768 atque
255 4681 364 4748 altera
385 4688 461 4748 ante
482 4681 647 4750 meridiem
670 4681 799 4766 eclipsis
821 4679 904 4746 Solis
926 4681 960 4746 in
975 4681 1051 4746 Asia
1072 4679 1124 4745 ael
1139 4677 1232 4760 Syria
1253 4675 1372 4744 totalis.
1410 4673 1463 4738 Ita

129 4771 295 4838 Graecum
318 4776 443 4834 textum
467 4770 651 4851 Phlegontis
679 4770 889 4851 astronomia,
913 4769 975 4836 hoc
998 4775 1046 4833 est
1068 4787 1180 4832 rerum·
1201 4771 1318 4830 natura
1341 4767 1462 4830 tuetur.

1189 4873 1250 4921 28}
