3396 5540
640 275 757 338 11616366·
767 245 912 324 Clrrouicde.
1372 280 1433 338 461

116 441 314 528 6666666616,
328 447 384 512 sod
409 469 446 512 ex
469 449 703 530 computatione
725 470 781 512 sou
805 446 838 511 S.
862 447 1077 535 Chrysostomi
1098 471 1156 514 seu
1180 449 1313 516 Romani
1336 451 1435 516 alicu·

112 543 180 623 jus,
202 559 242 602 ex
264 558 403 619 (366666
426 537 598 602 traditione
620 535 653 600 8.
677 535 920 620 (166366666666
943 536 1000 601 1116
1022 539 1154 620 accepit,
1177 547 1211 602 66
1224 561 1292 604 osse
1308 539 1437 622 quidem

118 628 303 692 desumtum
333 646 372 692 cx
403 647 488 691 annio
516 626 652 694 Juliano
677 630 729 704 46,
761 647 800 690 ac
822 627 849 690 si
871 625 1015 693 Christus
1037 647 1123 692 auno
1147 629 1435 708 4616661666-

117 721 232 798 ceptus
264 719 348 778 esset
377 719 410 780 et
439 715 483 780 sic
506 713 676 797 Dionysius
706 713 749 780 ah
770 715 991 782 incarnatione
1013 736 1068 780 seu
1091 715 1297 798 corrccptioue
1320 717 1439 784 Christi

117 808 316 868 numeraret
345 802 416 868 Sed
432 803 507 885 quid
531 823 588 884 ego
601 803 681 870 haec
695 823 846 886 rasoque,
869 824 943 874 cum
958 803 991 868 in
1005 803 1221 886 supen'oribus
1237 804 1438 886 scripserim?

208 893 331 958 Parum
359 890 470 956 abesse
500 899 589 976 puto,
620 893 699 974 quur
720 890 768 956 alt
754 896 805 956 ter
826 889 1001 960 alterumt
987 893 1232 994 triumphemus;
1264 901 1358 975 agot
1344 895 1439 958 6666

118 986 224 1047 morte
247 980 437 1046 Herodiset
423 981 562 1048 6666611
583 979 714 1046 Juliano
737 983 789 1059 40,
812 984 850 1046 tu
872 1001 923 1044 66
946 979 986 1044 66
1009 1001 1093 1046 6666
1109 983 1264 1066 passionis
1281 985 1332 1046 76.
1356 983 1440 1051 Nam

118 1072 146 1136 61
175 1075 291 1134 contra
313 1068 524 1170 Epiphanium
539 1062 638 1136 nulla
659 1068 720 1136 erit
740 1069 894 1152 exceptio
920 1089 978 1152 ego
1002 1070 1162 1138 calamum
1184 1076 1258 1152 post
1278 1070 1440 1136 fornacem

117 1159 225 1244 663666
211 1165 280 1224 666
303 1158 474 1240 requiram
508 1169 551 1230 116
569 1170 696 1235 margine:
720 1157 836 1224 allusio
860 1157 901 1222 ad
924 1157 978 1222 lib.
1002 1157 1166 1223 66866116
1189 1157 1383 1242 novaSerp.
1407 1181 1438 1242 p.

124 1183 184 1314 l3b
210 1245 266 1329 [ll.
291 1245 382 1328 709]3
371 1245 440 1324 366
462 1267 608 1312 reversus
630 1246 738 1330 quiete
759 1267 811 1313 mc
833 1267 1021 1330 componam
1044 1247 1086 1314 66
1106 1245 1266 1329 subsellia,
1289 1253 1323 1312 66
1346 1270 1442 1331 porro

119 1337 299 1402 anthimus.
344 1338 451 1418 Atque
473 1356 513 1403 66
535 1333 594 1400 6161
616 1357 654 1402 ax
676 1356 747 1402 meo
763 1355 913 1400 concessu
928 1336 1029 1400 alium
1043 1336 1214 1410 acinacem,
1238 1357 1303 1419 quo
1317 1357 1442 1402 mecum

120 1445 253 1508 pugnes.
298 1425 366 1506 Ego
385 1427 452 1508 jam
475 1422 596 1506 pridem
618 1445 727 1492 versor
740 1424 774 1488 iu
788 1424 837 1490 his
853 1421 1107 1506 cogitationibus
1128 1424 1327 1490 Judaeorurn
1339 1445 1442 1490 66666

118 1520 197 1580 ante
228 1511 440 1580 Thalmudioa
473 1519 620 1596 tempora
653 1513 704 1596 vel
736 1519 823 1580 certe
857 1519 931 1578 ante
966 1513 1183 1596 captivitatem
1214 1511 1441 1596 Babylonicum

119 1623 231 1668 omnes
253 1602 408 1686 incepisse
431 1621 451 1664 a
472 1601 555 1666 feria
576 1603 690 1686 prima,
717 1622 801 1684 quae
822 1601 983 1670 novilunio
1006 1601 1203 1684 praecedenti
1227 1600 1276 1666 vel
1299 1603 1443 1684 sequenti

119 1691 252 1774 propior
282 1694 384 1778 esset.
429 1691 481 1758 816
510 1691 594 1756 enan
623 1709 750 1773 semper
783 1695 832 1756 10.
861 1689 929 1756 dies
955 1691 1093 1768 mensis,
1125 1711 1189 1774 quo
1212 1687 1440 1774 operabantur,

119 1779 291 1862 seligentes
321 1798 449 1860 agnum
481 1783 565 1846 66666
594 1778 676 1847 feria
707 1785 736 1844 3.
779 1779 987 1846 Accedebant
1015 1779 1097 1842 61166
1121 1779 1294 1844 nonnullae
1317 1781 1440 1862 conjec-

120 1879 227 1954 turae,
257 1867 313 1932 sed
341 1887 392 1932 me
422 1867 556 1934 retinuit
587 1888 691 1934 annus
721 1867 935 1952 Dionysianus
966 1873 1017 1946 66,
1048 1888 1113 1948 (366
1143 1867 1262 1949 pascha
1283 1867 1441 1950 Josephus

121 1955 333 2022 celebratum
352 1957 399 2021 ait
429 1960 459 2020 8
491 1955 627 2035 xantici,
659 1973 744 2039 quae
773 1956 836 2022 1616
861 1955 994 2022 feriat.
1040 1957 1082 2022 Et
1104 1954 1238 2022 tradunt
1252 1955 1384 2041 166661,
1403 1975 1443 2020 se

119 2046 195 2110 inde
224 2065 245 2110 a
275 2045 461 2128 captivitate
480 2006 677 2128 Babylonica
707 2065 784 2110 usos
813 2043 875 2110 hoc
897 2064 1011 2144 genere
1033 2045 1092 2108 fest
1079 2049 1187 2110 torum
1210 2063 1249 2110 ex
1252 2005 1444 2110 traditione

119 2134 268 2218 magistri
297 2133 479 2218 cujusdam,
502 2140 602 2236 ..puto
622 2132 758 2204 Hillelis
805 2135 871 2198 Nec
900 2133 965 2198 scio
994 2133 1097 2212 hodie,
1133 2133 1187 2214 qu
1218 2138 1320 2218 neget,
1356 2133 1442 2215 ipsos
1529 2194 1533 2200 .

120 2243 245 2288 aunum
275 2244 349 2288 cum
380 2222 508 2288 Luna
500 2223 671 2306 mcepisse3
701 2222 762 2288 nisi
790 2221 872 2288 forte
895 2221 1091 2299 intermediis
1115 2227 1158 2286 40
1181 2228 1253 2305 post
1274 2238 1452 2288 ascensum

121 2312 250 2378 Domini
287 2311 380 2376 annis
404 2309 543 2415 aliquid
576 2317 751 2390 noverunt,
789 2311 1004 2376 invalescente
1038 2331 1078 2392 po
1080 2311 1181 2377 tentia
1214 2310 1442 2379 Romanorum.

120 2402 235 2484 neque
264 2405 374 2466 16666
402 2400 518 2484 1636616
544 2360 763 2466 stomachatus
790 2400 888 2467 videri
910 2398 1010 2464 debeo
1031 2399 1117 2481 (pag.
1145 2397 1220 2479 135)
1243 2419 1350 2480 neque
1371 2419 1443 2462 mea

47 2497 51 2509 “
120 2488 336 2556 stomachatio
359 2510 417 2572 pro
439 2494 627 2570 argumento
649 2489 757 2571 negati
778 2488 855 2553 anni
874 2493 892 2550 t·
896 2494 925 2556 6.
941 2487 1044 2570 accipi
1058 2486 1168 2554 debet:
1193 2505 1267 2562 nam
1283 2487 1322 2552 66
1336 2493 1439 2560 astro·
1564 2511 1568 2516 ·

120 2579 230 2644 nomia
251 2576 447 2662 loquebatur
469 2575 606 2660 Suslyga
627 2576 820 2654 contemtim,
844 2597 882 2641 ac
904 2576 930 2642 61
951 2575 1009 2642 1116
1031 2581 1163 2660 propter
1185 2575 1379 2654 errorculos,
1408 2576 1443 2640 in

120 2667 242 2749 quibus
258 2665 424 2736 elimandis
436 2665 544 2734 adhuc
558 2665 738 2745 laboratur,
761 2665 795 2733 16
810 2664 942 2735 dubium
957 2663 1061 2730 vocari
1075 2666 1175 2748 possit
1185 2663 1271 2730 circa
1281 2665 1442 2746 intumum

120 2756 258 2820 biduum
279 2762 338 2820 aut
358 2755 512 2820 triduum.

129 2873 131 2877 ·
211 2845 264 2910 Me
306 2865 372 2910 non
411 2843 599 2927 percepisti,
639 2841 716 2908 dum
749 2841 945 2923 Scaligerum
985 2839 1066 2908 facio
1100 2845 1207 2908 tecum
1240 2839 1442 2908 contendere.

121 2932 195 3000 Tibi
223 2932 330 3000 tribuo
360 2931 444 2998 diem
467 2931 692 3010 natalitium,
684 2931 745 3033 rpsi
768 2951 896 2998 anuum.
941 2930 990 2996 Ex
1011 2931 1206 2996 auctoritate
1227 2929 1443 3014 Chrysostomi

121 3029 159 3086 tu
182 3042 305 3106 pugnas
327 3042 387 3103 pro
409 3019 460 3086 616
485 3025 536 3084 26.
560 3020 637 3086 Dec.
660 3020 724 3084 et
715 3019 863 3086 irasceris
878 3019 949 3104 ipsi,
971 3018 1044 3085 huic
1059 3018 1244 3084 auctoritati
1258 3019 1441 3100 refraganti,

122 3117 157 3174 ct
179 3115 306 3194 practer
329 3109 537 3174 auctoritates
560 3114 751 3192 argumenta
771 3107 889 3176 adfers.
941 3108 1029 3174 ldem
1052 3107 1147 3190 plane
1168 3111 1202 3172 et
1225 3105 1365 3188 Scaliger
1385 3128 1444 3189 pro

122 3221 209 3264 anno
232 3205 285 3263 43.
307 3198 439 3266 Juliano
460 3205 582 3298 pugnat
605 3218 644 3266 ex
665 3197 860 3264 auctoritate
880 3195 1051 3283 Epiphauii
1074 3202 1107 3260 et
1128 3195 1217 3264 tibi
1209 3196 1305 3262 nasci
1325 3201 1443 3278 potest,

122 3309 188 3354 non
218 3287 319 3352 stanti
349 3285 587 3351 auctoritati
567 3285 814 3370 Epiphaniust
844 3287 1040 3369 argumentis
1070 3285 1173 3350 ulitur
1195 3305 1258 3385 pro
1278 3303 1362 3349 anuo
1384 3305 1444 3348 suo
1563 3323 1589 3344 μ
1689 3299 1690 3308 ’

121 3377 229 3442 altero
256 3377 477 3454 astronomica,
509 3375 596 3458 quod
625 3395 765 3459 663666
788 3379 837 3440 666
859 3395 910 3442 66
932 3379 1153 3442 astronomum
1174 3372 1306 3436 maximi
1327 3371 1442 3449 facere,

122 3467 184 3532 616
175 3465 311 3530 'dextra
325 3464 456 3544 solvam,
480 3464 584 3530 altero
598 3463 640 3528 ab
654 3463 835 3546 Evangelist
836 3484 874 3530 ac
888 3467 1021 3528 numero
1036 3462 1186 3541 deducto,
1201 3460 1289 3544 quod
1303 3481 1445 3543 aequum

123 3559 175 3618 cst
208 3559 242 3618 tc
276 3553 461 3636 theologum
494 3553 602 3636 magni
630 3551 749 3633 lacere;
785 3551 838 3616 hic
866 3571 980 3618 666666
1011 3557 1060 3614 666
1090 3570 1233 3617 meorum
1262 3547 1442 3616 verborum.

125 3643 195 3708 Etsi
216 3643 314 3708 ctiam
336 3641 377 3706 de
396 3642 445 3708 616
461 3634 643 3724 hujusmodi
656 3648 732 3714 6666
746 3640 977 3705 excusationes.
999 3639 1124 3706 Nam'sr
1139 3638 1272 3706 616666
1287 3636 1444 3716 16666111,

123 3732 203 3796 61616
224 3731 286 3796 hoc
307 3752 346 3796 cx
360 3731 562 3806 anctoritate
584 3728 776 3812 Epiphanii,
798 3729 847 3796 sin
869 3727 1039 3796 Octobrem
1061 3725 1214 3806 nominat,
1243 3727 1382 3811 primum
1403 3726 1445 3792 de

34 3851 41 3862 =
123 3841 210 3886 anno
249 3820 351 3886 credit
386 3819 579 3902 Epiphanio,
619 3816 735 3882 deinde
773 3816 857 3882 diem
893 3837 932 3882 ex
968 3821 1158 3898 6633666666
1189 3815 1446 3899 ephemeriarum

64 3987 68 3994 Ι
123 3911 305 3992 investigat,
341 3907 429 3991 quod
458 3912 683 3989 argumentum
712 3905 842 3970 maximi
870 3904 961 3972 iacis.
1013 3903 1096 3974 Nam
1126 3903 1154 3968 si
1181 3903 1330 3972 Christus
1360 3909 1446 3968 esset

124 4006 221 4064 66666
244 4019 330 4063 auno
351 4003 417 4074 43,.
428 3997 556 4060 666166
579 3993 712 4060 Octobri
733 3994 847 4060 1616666
868 3999 972 4072 natus,
996 3994 1060 4060 sira
1080 4014 1102 4058 a
1122 3993 1356 4070 Macchabaeis,
1380 3993 1445 4056 sive

124 4085 372 4152 adasolatione
402 4084 555 4168 postremi
582 4083 693 4167 templi
719 4081 919 4184 ephemerina
941 4101 1111 4148 numerare
1133 4081 1337 4166 incipiamus:
1369 4101 1443 4144 con·
1473 4117 1480 4130 -

10 4187 15 4196 '
123 4176 229 4262 oqrtio
252 4197 283 4240 ιι.
308 4173 465 4240 caderet
456 4195 490 4240 ιιι
506 4172 711 4240 Januariuar.
758 4171 800 4238 Et
823 4172 951 4238 omnino
972 4171 1006 4236 in
1028 4171 1066 4236 116
1080 4170 1183 4236 verbis
1198 4169 1258 4236 hoc
1273 4168 1444 4236 contendo:

124 4287 188 4332 non
203 4284 275 4330 esse
288 4261 434 4330 acerbius
448 4260 666 4340 tractandum,
680 4261 710 4325 si
723 4262 798 4344 quis
809 4261 905 4340 dicat,
920 4259 1043 4343 ahquid
1053 4260 1138 4327 hunc
1149 4259 1199 4324 rel
1214 4259 1306 4324 illum
1321 4263 1447 4339 patrem

123 4353 281 4432 1616111666
314 4373 387 4418 666
415 4351 502 4420 idem
529 4357 561 4416 et
584 4357 621 4418 tu
642 4309 750 4418 dicas.-
787 4347 840 4416 Sic
862 4349 1036 4432 castigatur
1058 4351 1126 4432 ejus
1146 4345 1348 4412 immodestia
1371 4345 1444 4423 oris,

124 4449 160 4510 ut
182 4440 334 4527 quaestio
356 4439 444 4522 haec,
467 4461 510 4506 aa
532 4440 669 4523 scriptor
691 4445 823 4506 6666666
845 4437 950 4521 decipi
965 4443 1022 4522 pot
1007 4437 1116 4517 tuerit,
1140 4435 1306 4510 6611116666
1320 4425 1446 4515 integra
1505 4491 1509 4496 .

123 4537 266 4599 maneat.

176 4619 282 4702 Neg
283 4639 320 4684 as
347 4621 380 4684 te
407 4617 613 4686 traditionem
636 4620 789 4694 66666666,
822 4607 899 4682 dum¹
921 4635 1018 4698 negm
1041 4614 1203 4682 Christum
1225 4619 1338 4678 natum
1359 4631 1446 4677 anno

120 4717 174 4776 43.
223 4708 392 4775 Concedas
412 4708 510 4790 igitur
533 4712 566 4770 et
588 4705 758 4787 scaligero,
781 4665 872 4770 illum
895 4727 960 4770 non
975 4711 1117 4768 aremare
1131 4699 1346 4802 6661616666,
1368 4698 1447 4764 dum

119 4806 219 4883 negat
244 4797 404 4866 Christum
434 4801 546 4862 natum
571 4801 621 4859 26.
646 4791 845 4874 Decembris,
877 4793 940 4858 salt
928 4803 992 4858 tem
1014 4793 1047 4856 in
1070 4792 1153 4856 hiat
1139 4789 1283 4858 terminis
1303 4808 1444 4858 maneas

1176 4897 1234 4945 as

1287 5121 1303 5179 l.
