<?xml version="1.0" encoding="UTF-8"?>
<!DOCTYPE html PUBLIC "-//W3C//DTD XHTML 1.0 Transitional//EN"
    "http://www.w3.org/TR/xhtml1/DTD/xhtml1-transitional.dtd">
<html xmlns="http://www.w3.org/1999/xhtml" xml:lang="en" lang="en">
 <head>
  <title>
</title>
<meta http-equiv="Content-Type" content="text/html;charset=utf-8" />
  <meta name='ocr-system' content='tesseract 3.04.00' />
  <meta name='ocr-capabilities' content='ocr_page ocr_carea ocr_par ocr_line ocrx_word'/>
</head>
<body>
  <div class='ocr_page' id='page_1' title='image "./joanniskepleria00unkngoog_0177.png"; bbox 0 0 3412 5538; ppageno 0'>
   <div class='ocr_carea' id='block_1_1' title="bbox 242 283 1181 373">
    <p class='ocr_par' dir='ltr' id='par_1_1' title="bbox 242 283 1181 373">
     <span class='ocr_line' id='line_1_1' title="bbox 242 283 1181 373; baseline 0.004 -23"><span class='ocrx_word' id='word_1_1' title='bbox 242 283 305 354; x_wconf 83' lang='lat'><strong>158</strong></span> <span class='ocrx_word' id='word_1_2' title='bbox 470 347 476 373; x_wconf 73' lang='grc'><strong>,</strong></span> <span class='ocrx_word' id='word_1_3' title='bbox 620 306 623 316; x_wconf 94' lang='grc'><strong><em>·</em></strong></span> <span class='ocrx_word' id='word_1_4' title='bbox 715 297 1181 370; x_wconf 60' lang='grc' dir='ltr'><strong>ιιιῃιιιιιιιιιιιιιιιοιιιιιιι.Δ</strong></span> 
     </span>
    </p>
   </div>
   <div class='ocr_carea' id='block_1_2' title="bbox 237 443 1602 2666">
    <p class='ocr_par' dir='ltr' id='par_1_2' title="bbox 237 443 1602 2666">
     <span class='ocr_line' id='line_1_2' title="bbox 239 443 1591 528; baseline -0.001 -20"><span class='ocrx_word' id='word_1_5' title='bbox 239 445 317 508; x_wconf 81' lang='lat' dir='ltr'><strong>rius.</strong></span> <span class='ocrx_word' id='word_1_6' title='bbox 353 444 403 510; x_wconf 81' lang='lat' dir='ltr'><strong>Ad</strong></span> <span class='ocrx_word' id='word_1_7' title='bbox 424 444 591 526; x_wconf 71' lang='lat' dir='ltr'>Augustini</span> <span class='ocrx_word' id='word_1_8' title='bbox 613 445 727 513; x_wconf 87' lang='lat' dir='ltr'><strong>dictum</strong></span> <span class='ocrx_word' id='word_1_9' title='bbox 741 451 840 524; x_wconf 68' lang='lat' dir='ltr'><strong>(real.</strong></span> <span class='ocrx_word' id='word_1_10' title='bbox 852 448 890 517; x_wconf 78' lang='lat'><strong>⁷.)</strong></span> <span class='ocrx_word' id='word_1_11' title='bbox 908 447 1093 528; x_wconf 89' lang='lat' dir='ltr'><strong>respondeo,</strong></span> <span class='ocrx_word' id='word_1_12' title='bbox 1112 449 1232 526; x_wconf 84' lang='lat' dir='ltr'><strong>patrem</strong></span> <span class='ocrx_word' id='word_1_13' title='bbox 1250 443 1334 508; x_wconf 89' lang='lat' dir='ltr'><strong>illum</strong></span> <span class='ocrx_word' id='word_1_14' title='bbox 1354 443 1508 508; x_wconf 71' lang='lat' dir='ltr'><strong>intem</strong></span> <span class='ocrx_word' id='word_1_15' title='bbox 1521 461 1591 524; x_wconf 75' lang='lat' dir='ltr'><strong>my-</strong></span> 
     </span>
     <span class='ocr_line' id='line_1_3' title="bbox 239 529 1588 618; baseline -0.002 -19"><span class='ocrx_word' id='word_1_16' title='bbox 239 535 336 599; x_wconf 84' lang='lat' dir='ltr'><strong>sterio</strong></span> <span class='ocrx_word' id='word_1_17' title='bbox 346 534 457 598; x_wconf 87' lang='lat' dir='ltr'><strong>senarii</strong></span> <span class='ocrx_word' id='word_1_18' title='bbox 466 533 611 597; x_wconf 89' lang='lat' dir='ltr'><strong>eliciendo</strong></span> <span class='ocrx_word' id='word_1_19' title='bbox 622 553 703 616; x_wconf 84' lang='lat' dir='ltr'><strong>vaga</strong></span> <span class='ocrx_word' id='word_1_20' title='bbox 710 533 890 610; x_wconf 87' lang='lat' dir='ltr'><strong>intentione,</strong></span> <span class='ocrx_word' id='word_1_21' title='bbox 905 535 1046 598; x_wconf 88' lang='lat' dir='ltr'><strong>aLunari</strong></span> <span class='ocrx_word' id='word_1_22' title='bbox 1063 529 1182 618; x_wconf 87' lang='lat' dir='ltr'><strong>quidem</strong></span> <span class='ocrx_word' id='word_1_23' title='bbox 1197 552 1276 598; x_wconf 79' lang='lat' dir='ltr'><strong>anno</strong></span> <span class='ocrx_word' id='word_1_24' title='bbox 1287 533 1433 616; x_wconf 85' lang='lat' dir='ltr'><strong>coepisse,</strong></span> <span class='ocrx_word' id='word_1_25' title='bbox 1449 533 1481 595; x_wconf 91' lang='lat' dir='ltr'><strong>in</strong></span> <span class='ocrx_word' id='word_1_26' title='bbox 1492 531 1588 596; x_wconf 86' lang='lat' dir='ltr'><strong>Sola·</strong></span> 
     </span>
     <span class='ocr_line' id='line_1_4' title="bbox 239 621 1591 705; baseline -0.002 -18"><span class='ocrx_word' id='word_1_27' title='bbox 239 643 305 688; x_wconf 88' lang='lat' dir='ltr'><strong>rem</strong></span> <span class='ocrx_word' id='word_1_28' title='bbox 319 642 393 686; x_wconf 90' lang='lat' dir='ltr'><strong>vero</strong></span> <span class='ocrx_word' id='word_1_29' title='bbox 409 622 535 704; x_wconf 91' lang='lat' dir='ltr'><strong>denique</strong></span> <span class='ocrx_word' id='word_1_30' title='bbox 552 622 709 704; x_wconf 89' lang='lat' dir='ltr'><strong>delapsum</strong></span> <span class='ocrx_word' id='word_1_31' title='bbox 724 643 802 687; x_wconf 84' lang='lat' dir='ltr'><strong>esse.</strong></span> <span class='ocrx_word' id='word_1_32' title='bbox 832 621 987 694; x_wconf 83' lang='lat' dir='ltr'><strong>Quantum</strong></span> <span class='ocrx_word' id='word_1_33' title='bbox 1001 624 1095 705; x_wconf 88' lang='lat' dir='ltr'><strong>igitur</strong></span> <span class='ocrx_word' id='word_1_34' title='bbox 1110 624 1150 687; x_wconf 90' lang='lat' dir='ltr'><strong>ad</strong></span> <span class='ocrx_word' id='word_1_35' title='bbox 1164 623 1257 704; x_wconf 88' lang='lat' dir='ltr'><strong>prius,</strong></span> <span class='ocrx_word' id='word_1_36' title='bbox 1272 641 1377 698; x_wconf 84' lang='lat' dir='ltr'><strong>annus,</strong></span> <span class='ocrx_word' id='word_1_37' title='bbox 1391 623 1500 704; x_wconf 84' lang='lat' dir='ltr'><strong>inquit,</strong></span> <span class='ocrx_word' id='word_1_38' title='bbox 1512 641 1591 684; x_wconf 89' lang='lat' dir='ltr'><strong>unus</strong></span> 
     </span>
     <span class='ocr_line' id='line_1_5' title="bbox 240 705 1591 796; baseline -0.002 -19"><span class='ocrx_word' id='word_1_39' title='bbox 240 712 361 777; x_wconf 76' lang='lat' dir='ltr'><strong>sesamo</strong></span> <span class='ocrx_word' id='word_1_40' title='bbox 375 712 473 793; x_wconf 91' lang='lat' dir='ltr'><strong>pollet</strong></span> <span class='ocrx_word' id='word_1_41' title='bbox 489 705 522 792; x_wconf 86' lang='lat' dir='ltr'><strong>(i.</strong></span> <span class='ocrx_word' id='word_1_42' title='bbox 538 731 563 774; x_wconf 91' lang='lat' dir='ltr'><strong>e.</strong></span> <span class='ocrx_word' id='word_1_43' title='bbox 580 713 681 776; x_wconf 80' lang='lat' dir='ltr'><strong>sexies</strong></span> <span class='ocrx_word' id='word_1_44' title='bbox 697 712 739 778; x_wconf 88' lang='grc'><strong>60</strong></span> <span class='ocrx_word' id='word_1_45' title='bbox 756 713 821 776; x_wconf 90' lang='lat' dir='ltr'><strong>dies</strong></span> <span class='ocrx_word' id='word_1_46' title='bbox 836 707 964 796; x_wconf 86' lang='lat' dir='ltr'><strong>habet),</strong></span> <span class='ocrx_word' id='word_1_47' title='bbox 986 714 1013 777; x_wconf 88' lang='lat' dir='ltr'><strong>si</strong></span> <span class='ocrx_word' id='word_1_48' title='bbox 1031 714 1206 776; x_wconf 77' lang='lat' dir='ltr'><strong>laurenses</strong></span> <span class='ocrx_word' id='word_1_49' title='bbox 1221 712 1332 794; x_wconf 75' lang='lat' dir='ltr'><strong>integri</strong></span> <span class='ocrx_word' id='word_1_50' title='bbox 1349 711 1591 785; x_wconf 74' lang='lat' dir='ltr'>considerentur,</span> 
     </span>
     <span class='ocr_line' id='line_1_6' title="bbox 239 800 1590 885; baseline -0.002 -19"><span class='ocrx_word' id='word_1_51' title='bbox 239 821 315 885; x_wconf 84' lang='lat' dir='ltr'><strong>quos</strong></span> <span class='ocrx_word' id='word_1_52' title='bbox 330 801 439 864; x_wconf 90' lang='lat' dir='ltr'><strong>triceni</strong></span> <span class='ocrx_word' id='word_1_53' title='bbox 454 800 519 864; x_wconf 89' lang='lat' dir='ltr'><strong>dies</strong></span> <span class='ocrx_word' id='word_1_54' title='bbox 535 802 696 884; x_wconf 87' lang='lat' dir='ltr'><strong>complent</strong></span> <span class='ocrx_word' id='word_1_55' title='bbox 735 802 876 866; x_wconf 89' lang='lat' dir='ltr'><strong>Nondum</strong></span> <span class='ocrx_word' id='word_1_56' title='bbox 892 803 981 878; x_wconf 88' lang='lat' dir='ltr'><strong>dicit,</strong></span> <span class='ocrx_word' id='word_1_57' title='bbox 1005 802 1031 865; x_wconf 90' lang='lat' dir='ltr'><strong>si</strong></span> <span class='ocrx_word' id='word_1_58' title='bbox 1046 801 1272 868; x_wconf 82' lang='lat' dir='ltr'><strong>dissimulentur</strong></span> <span class='ocrx_word' id='word_1_59' title='bbox 1287 801 1307 866; x_wconf 82' lang='grc' dir='ltr'>ὅ</span> <span class='ocrx_word' id='word_1_60' title='bbox 1325 820 1534 883; x_wconf 84' lang='lat' dir='ltr'><strong>epagomenae</strong></span> <span class='ocrx_word' id='word_1_61' title='bbox 1550 801 1590 864; x_wconf 86' lang='lat' dir='ltr'><strong>ad</strong></span> 
     </span>
     <span class='ocr_line' id='line_1_7' title="bbox 239 890 1589 974; baseline -0.001 -20"><span class='ocrx_word' id='word_1_62' title='bbox 239 890 449 973; x_wconf 88' lang='lat' dir='ltr'><strong>complendum</strong></span> <span class='ocrx_word' id='word_1_63' title='bbox 464 907 575 952; x_wconf 88' lang='lat' dir='ltr'><strong>annum</strong></span> <span class='ocrx_word' id='word_1_64' title='bbox 590 891 745 968; x_wconf 85' lang='lat' dir='ltr'><strong>Solarem,</strong></span> <span class='ocrx_word' id='word_1_65' title='bbox 768 891 821 955; x_wconf 89' lang='lat' dir='ltr'><strong>sed</strong></span> <span class='ocrx_word' id='word_1_66' title='bbox 843 892 901 956; x_wconf 89' lang='lat' dir='ltr'><strong>hoc</strong></span> <span class='ocrx_word' id='word_1_67' title='bbox 923 891 1058 956; x_wconf 87' lang='lat' dir='ltr'><strong>vicissim</strong></span> <span class='ocrx_word' id='word_1_68' title='bbox 1068 892 1178 954; x_wconf 80' lang='lat' dir='ltr'><strong>addit:</strong></span> <span class='ocrx_word' id='word_1_69' title='bbox 1211 891 1324 966; x_wconf 81' lang='lat' dir='ltr'><strong>,talem</strong></span> <span class='ocrx_word' id='word_1_70' title='bbox 1339 891 1449 974; x_wconf 91' lang='lat' dir='ltr'><strong>quippe</strong></span> <span class='ocrx_word' id='word_1_71' title='bbox 1464 897 1589 953; x_wconf 87' lang='lat' dir='ltr'><strong>veteres</strong></span> 
     </span>
     <span class='ocr_line' id='line_1_8' title="bbox 240 979 1591 1062; baseline -0.004 -17"><span class='ocrx_word' id='word_1_72' title='bbox 240 981 449 1053; x_wconf 80' lang='lat' dir='ltr'><strong>observarunt,</strong></span> <span class='ocrx_word' id='word_1_73' title='bbox 464 998 551 1060; x_wconf 90' lang='lat' dir='ltr'><strong>quem</strong></span> <span class='ocrx_word' id='word_1_74' title='bbox 567 980 710 1044; x_wconf 78' lang='lat' dir='ltr'><strong>circuitus</strong></span> <span class='ocrx_word' id='word_1_75' title='bbox 725 981 856 1044; x_wconf 87' lang='lat' dir='ltr'><strong>Lunaris</strong></span> <span class='ocrx_word' id='word_1_76' title='bbox 872 980 1038 1046; x_wconf 85' lang='lat' dir='ltr'><strong>ostendit“.</strong></span> <span class='ocrx_word' id='word_1_77' title='bbox 1065 980 1162 1062; x_wconf 87' lang='lat' dir='ltr'><strong>Atqui</strong></span> <span class='ocrx_word' id='word_1_78' title='bbox 1178 979 1274 1043; x_wconf 89' lang='lat' dir='ltr'><strong>annn&#39;s</strong></span> <span class='ocrx_word' id='word_1_79' title='bbox 1290 980 1426 1061; x_wconf 76' lang='lat' dir='ltr'><strong>simplex,</strong></span> <span class='ocrx_word' id='word_1_80' title='bbox 1450 997 1541 1062; x_wconf 86' lang='lat' dir='ltr'><strong>quem</strong></span> <span class='ocrx_word' id='word_1_81' title='bbox 1555 985 1591 1042; x_wconf 90' lang='lat' dir='ltr'><strong>ut</strong></span> 
     </span>
     <span class='ocr_line' id='line_1_9' title="bbox 239 1066 1590 1152; baseline -0.001 -19"><span class='ocrx_word' id='word_1_82' title='bbox 239 1068 366 1134; x_wconf 76' lang='lat' dir='ltr'><strong>onomtu</strong></span> <span class='ocrx_word' id='word_1_83' title='bbox 380 1066 494 1130; x_wconf 85' lang='lat' dir='ltr'><strong>Lunari</strong></span> <span class='ocrx_word' id='word_1_84' title='bbox 511 1076 667 1132; x_wconf 82' lang='lat' dir='ltr'><strong>ostensam</strong></span> <span class='ocrx_word' id='word_1_85' title='bbox 681 1078 803 1134; x_wconf 87' lang='lat' dir='ltr'><strong>veteres</strong></span> <span class='ocrx_word' id='word_1_86' title='bbox 819 1069 1035 1145; x_wconf 75' lang='lat' dir='ltr'><strong>observarant,</strong></span> <span class='ocrx_word' id='word_1_87' title='bbox 1051 1089 1149 1133; x_wconf 90' lang='lat' dir='ltr'><strong>annus</strong></span> <span class='ocrx_word' id='word_1_88' title='bbox 1164 1069 1207 1144; x_wconf 90' lang='lat' dir='ltr'><strong>is,</strong></span> <span class='ocrx_word' id='word_1_89' title='bbox 1221 1069 1358 1150; x_wconf 82' lang='lat' dir='ltr'><strong>inquam,</strong></span> <span class='ocrx_word' id='word_1_90' title='bbox 1379 1088 1451 1131; x_wconf 91' lang='lat' dir='ltr'><strong>vere</strong></span> <span class='ocrx_word' id='word_1_91' title='bbox 1467 1068 1590 1152; x_wconf 85' lang='lat' dir='ltr'><strong>quidem</strong></span> 
     </span>
     <span class='ocr_line' id='line_1_10' title="bbox 238 1156 1591 1240; baseline -0.001 -17"><span class='ocrx_word' id='word_1_92' title='bbox 238 1157 345 1223; x_wconf 89' lang='lat' dir='ltr'><strong>habuit</strong></span> <span class='ocrx_word' id='word_1_93' title='bbox 367 1156 432 1220; x_wconf 89' lang='lat' dir='ltr'><strong>dies</strong></span> <span class='ocrx_word' id='word_1_94' title='bbox 447 1156 522 1232; x_wconf 79' lang='lat'><strong>354,</strong></span> <span class='ocrx_word' id='word_1_95' title='bbox 537 1159 672 1240; x_wconf 87' lang='lat' dir='ltr'><strong>reputati</strong></span> <span class='ocrx_word' id='word_1_96' title='bbox 694 1179 767 1222; x_wconf 90' lang='lat' dir='ltr'><strong>vero</strong></span> <span class='ocrx_word' id='word_1_97' title='bbox 783 1167 855 1224; x_wconf 91' lang='lat' dir='ltr'><strong>sunt</strong></span> <span class='ocrx_word' id='word_1_98' title='bbox 875 1159 898 1222; x_wconf 90' lang='lat' dir='ltr'><strong>ii</strong></span> <span class='ocrx_word' id='word_1_99' title='bbox 912 1178 967 1240; x_wconf 91' lang='lat' dir='ltr'><strong>pro</strong></span> <span class='ocrx_word' id='word_1_100' title='bbox 989 1159 1095 1224; x_wconf 89' lang='lat' dir='ltr'><strong>diebus</strong></span> <span class='ocrx_word' id='word_1_101' title='bbox 1110 1157 1191 1233; x_wconf 83' lang='lat'><strong>360,</strong></span> <span class='ocrx_word' id='word_1_102' title='bbox 1213 1165 1340 1239; x_wconf 88' lang='lat' dir='ltr'><strong>propter</strong></span> <span class='ocrx_word' id='word_1_103' title='bbox 1363 1158 1405 1220; x_wconf 82' lang='lat'><strong>12</strong></span> <span class='ocrx_word' id='word_1_104' title='bbox 1425 1162 1591 1240; x_wconf 76' lang='lat' dir='ltr'><strong>rprarrcbcc</strong></span> 
     </span>
     <span class='ocr_line' id='line_1_11' title="bbox 237 1247 1590 1330; baseline -0.001 -18"><span class='ocrx_word' id='word_1_105' title='bbox 237 1247 393 1312; x_wconf 87' lang='lat' dir='ltr'><strong>mensium</strong></span> <span class='ocrx_word' id='word_1_106' title='bbox 430 1247 554 1310; x_wconf 89' lang='lat' dir='ltr'><strong>Annum</strong></span> <span class='ocrx_word' id='word_1_107' title='bbox 574 1267 664 1322; x_wconf 88' lang='lat' dir='ltr'><strong>vero,</strong></span> <span class='ocrx_word' id='word_1_108' title='bbox 686 1248 737 1330; x_wconf 91' lang='lat' dir='ltr'><strong>qui</strong></span> <span class='ocrx_word' id='word_1_109' title='bbox 752 1248 817 1312; x_wconf 83' lang='lat'><strong>360</strong></span> <span class='ocrx_word' id='word_1_110' title='bbox 833 1267 904 1312; x_wconf 87' lang='lat' dir='ltr'><strong>vore</strong></span> <span class='ocrx_word' id='word_1_111' title='bbox 927 1248 1032 1312; x_wconf 88' lang='lat' dir='ltr'><strong>diebus</strong></span> <span class='ocrx_word' id='word_1_112' title='bbox 1055 1254 1192 1322; x_wconf 83' lang='lat' dir='ltr'><strong>constet,</strong></span> <span class='ocrx_word' id='word_1_113' title='bbox 1214 1267 1275 1313; x_wconf 92' lang='lat' dir='ltr'><strong>non</strong></span> <span class='ocrx_word' id='word_1_114' title='bbox 1291 1247 1427 1310; x_wconf 80' lang='lat' dir='ltr'><strong>ostendit</strong></span> <span class='ocrx_word' id='word_1_115' title='bbox 1443 1248 1590 1312; x_wconf 83' lang='lat' dir='ltr'><strong>circuitus</strong></span> 
     </span>
     <span class='ocr_line' id='line_1_12' title="bbox 237 1334 1591 1420; baseline 0 -20"><span class='ocrx_word' id='word_1_116' title='bbox 237 1335 380 1400; x_wconf 86' lang='lat' dir='ltr'><strong>Lunaris.</strong></span> <span class='ocrx_word' id='word_1_117' title='bbox 423 1335 491 1398; x_wconf 90' lang='lat' dir='ltr'><strong>Nec</strong></span> <span class='ocrx_word' id='word_1_118' title='bbox 511 1336 575 1400; x_wconf 89' lang='lat' dir='ltr'><strong>ulla</strong></span> <span class='ocrx_word' id='word_1_119' title='bbox 597 1343 685 1400; x_wconf 87' lang='lat' dir='ltr'><strong>aetas</strong></span> <span class='ocrx_word' id='word_1_120' title='bbox 707 1344 771 1402; x_wconf 85' lang='lat' dir='ltr'><strong>tarn</strong></span> <span class='ocrx_word' id='word_1_121' title='bbox 793 1338 850 1400; x_wconf 84' lang='lat' dir='ltr'><strong>linit</strong></span> <span class='ocrx_word' id='word_1_122' title='bbox 871 1338 970 1413; x_wconf 90' lang='lat' dir='ltr'><strong>rudis,</strong></span> <span class='ocrx_word' id='word_1_123' title='bbox 991 1356 1069 1420; x_wconf 87' lang='lat' dir='ltr'><strong>quae</strong></span> <span class='ocrx_word' id='word_1_124' title='bbox 1090 1355 1201 1400; x_wconf 90' lang='lat' dir='ltr'><strong>annum</strong></span> <span class='ocrx_word' id='word_1_125' title='bbox 1214 1336 1366 1400; x_wconf 81' lang='lat' dir='ltr'><strong>Lucerem</strong></span> <span class='ocrx_word' id='word_1_126' title='bbox 1386 1334 1452 1402; x_wconf 85' lang='lat'><strong>360</strong></span> <span class='ocrx_word' id='word_1_127' title='bbox 1474 1337 1591 1400; x_wconf 81' lang='lat' dir='ltr'><strong>diemm</strong></span> 
     </span>
     <span class='ocr_line' id='line_1_13' title="bbox 239 1423 1590 1508; baseline -0.001 -17"><span class='ocrx_word' id='word_1_128' title='bbox 239 1429 374 1499; x_wconf 85' lang='lat' dir='ltr'><strong>faceret,</strong></span> <span class='ocrx_word' id='word_1_129' title='bbox 398 1423 468 1488; x_wconf 87' lang='lat' dir='ltr'><strong>huic</strong></span> <span class='ocrx_word' id='word_1_130' title='bbox 486 1423 619 1507; x_wconf 90' lang='lat' dir='ltr'><strong>opinioni</strong></span> <span class='ocrx_word' id='word_1_131' title='bbox 650 1445 722 1489; x_wconf 88' lang='lat' dir='ltr'><strong>snae</strong></span> <span class='ocrx_word' id='word_1_132' title='bbox 744 1427 904 1507; x_wconf 76' lang='lat' dir='ltr'><strong>indulgens</strong></span> <span class='ocrx_word' id='word_1_133' title='bbox 930 1427 962 1489; x_wconf 91' lang='lat' dir='ltr'><strong>in</strong></span> <span class='ocrx_word' id='word_1_134' title='bbox 983 1426 1106 1508; x_wconf 88' lang='lat' dir='ltr'><strong>publica</strong></span> <span class='ocrx_word' id='word_1_135' title='bbox 1130 1425 1321 1489; x_wconf 86' lang='lat' dir='ltr'><strong>ordinatione</strong></span> <span class='ocrx_word' id='word_1_136' title='bbox 1346 1425 1417 1490; x_wconf 84' lang='lat' dir='ltr'><strong>anni</strong></span> <span class='ocrx_word' id='word_1_137' title='bbox 1443 1435 1590 1508; x_wconf 79' lang='lat' dir='ltr'><strong>tauquam</strong></span> 
     </span>
     <span class='ocr_line' id='line_1_14' title="bbox 237 1514 1591 1598; baseline -0.001 -20"><span class='ocrx_word' id='word_1_138' title='bbox 237 1514 377 1589; x_wconf 87' lang='lat' dir='ltr'><strong>Lunaris,</strong></span> <span class='ocrx_word' id='word_1_139' title='bbox 392 1521 428 1576; x_wconf 90' lang='lat' dir='ltr'><strong>nt</strong></span> <span class='ocrx_word' id='word_1_140' title='bbox 441 1514 540 1589; x_wconf 89' lang='lat' dir='ltr'><strong>mirer,</strong></span> <span class='ocrx_word' id='word_1_141' title='bbox 554 1515 717 1578; x_wconf 87' lang='lat' dir='ltr'><strong>Petavium</strong></span> <span class='ocrx_word' id='word_1_142' title='bbox 728 1523 760 1588; x_wconf 89' lang='lat'><strong>(1,</strong></span> <span class='ocrx_word' id='word_1_143' title='bbox 770 1520 806 1586; x_wconf 88' lang='lat'><strong>8.)</strong></span> <span class='ocrx_word' id='word_1_144' title='bbox 825 1516 883 1579; x_wconf 91' lang='lat' dir='ltr'><strong>hoc</strong></span> <span class='ocrx_word' id='word_1_145' title='bbox 898 1516 1068 1586; x_wconf 86' lang='lat' dir='ltr'><strong>hominibus</strong></span> <span class='ocrx_word' id='word_1_146' title='bbox 1082 1514 1266 1597; x_wconf 89' lang='lat' dir='ltr'><strong>persuadere</strong></span> <span class='ocrx_word' id='word_1_147' title='bbox 1279 1516 1367 1578; x_wconf 90' lang='lat' dir='ltr'><strong>velle.</strong></span> <span class='ocrx_word' id='word_1_148' title='bbox 1412 1516 1493 1580; x_wconf 82' lang='lat' dir='ltr'><strong>Nam</strong></span> <span class='ocrx_word' id='word_1_149' title='bbox 1509 1515 1591 1598; x_wconf 91' lang='lat' dir='ltr'><strong>qnod</strong></span> 
     </span>
     <span class='ocr_line' id='line_1_15' title="bbox 237 1602 1591 1686; baseline 0.002 -22"><span class='ocrx_word' id='word_1_150' title='bbox 237 1608 273 1676; x_wconf 86' lang='lat'><strong>(1,</strong></span> <span class='ocrx_word' id='word_1_151' title='bbox 291 1605 329 1675; x_wconf 80' lang='grc'><strong>7.)</strong></span> <span class='ocrx_word' id='word_1_152' title='bbox 349 1621 387 1666; x_wconf 84' lang='lat' dir='ltr'><strong>ex</strong></span> <span class='ocrx_word' id='word_1_153' title='bbox 401 1602 550 1685; x_wconf 84' lang='lat' dir='ltr'><strong>Dionysio</strong></span> <span class='ocrx_word' id='word_1_154' title='bbox 571 1603 696 1667; x_wconf 88' lang='lat' dir='ltr'><strong>Abbate</strong></span> <span class='ocrx_word' id='word_1_155' title='bbox 719 1605 821 1680; x_wconf 85' lang='lat' dir='ltr'><strong>affert,</strong></span> <span class='ocrx_word' id='word_1_156' title='bbox 847 1605 901 1668; x_wconf 87' lang='lat' dir='ltr'><strong>illa</strong></span> <span class='ocrx_word' id='word_1_157' title='bbox 922 1624 1086 1686; x_wconf 84' lang='lat' dir='ltr'><strong>paucorum</strong></span> <span class='ocrx_word' id='word_1_158' title='bbox 1107 1611 1211 1670; x_wconf 88' lang='lat' dir='ltr'><strong>aetate</strong></span> <span class='ocrx_word' id='word_1_159' title='bbox 1238 1603 1379 1686; x_wconf 80' lang='lat' dir='ltr'><strong>Dionysii</strong></span> <span class='ocrx_word' id='word_1_160' title='bbox 1402 1605 1459 1668; x_wconf 82' lang='lat' dir='ltr'><strong>biit</strong></span> <span class='ocrx_word' id='word_1_161' title='bbox 1485 1605 1591 1668; x_wconf 89' lang='lat' dir='ltr'><strong>hallu-</strong></span> 
     </span>
     <span class='ocr_line' id='line_1_16' title="bbox 239 1692 1602 1776; baseline 0 -19"><span class='ocrx_word' id='word_1_162' title='bbox 239 1693 368 1768; x_wconf 88' lang='lat' dir='ltr'><strong>cinatio,</strong></span> <span class='ocrx_word' id='word_1_163' title='bbox 391 1692 498 1774; x_wconf 92' lang='lat' dir='ltr'><strong>quibus</strong></span> <span class='ocrx_word' id='word_1_164' title='bbox 514 1693 630 1756; x_wconf 86' lang='lat' dir='ltr'><strong>animus</strong></span> <span class='ocrx_word' id='word_1_165' title='bbox 646 1694 770 1757; x_wconf 86' lang='lat' dir='ltr'><strong>errabat</strong></span> <span class='ocrx_word' id='word_1_166' title='bbox 784 1694 815 1758; x_wconf 90' lang='lat' dir='ltr'><strong>in</strong></span> <span class='ocrx_word' id='word_1_167' title='bbox 832 1713 910 1756; x_wconf 88' lang='lat' dir='ltr'><strong>anno</strong></span> <span class='ocrx_word' id='word_1_168' title='bbox 927 1693 1042 1770; x_wconf 83' lang='lat' dir='ltr'><strong>Solaci,</strong></span> <span class='ocrx_word' id='word_1_169' title='bbox 1065 1713 1153 1776; x_wconf 90' lang='lat' dir='ltr'><strong>quern</strong></span> <span class='ocrx_word' id='word_1_170' title='bbox 1168 1700 1272 1756; x_wconf 62' lang='lat' dir='ltr'><strong>umen</strong></span> <span class='ocrx_word' id='word_1_171' title='bbox 1286 1694 1388 1758; x_wconf 89' lang='lat' dir='ltr'><strong>verbis</strong></span> <span class='ocrx_word' id='word_1_172' title='bbox 1402 1712 1458 1775; x_wconf 88' lang='lat' dir='ltr'><strong>pro</strong></span> <span class='ocrx_word' id='word_1_173' title='bbox 1473 1692 1602 1758; x_wconf 85' lang='lat' dir='ltr'><strong>Lunari&#39;</strong></span> 
     </span>
     <span class='ocr_line' id='line_1_17' title="bbox 238 1779 1595 1866; baseline 0.001 -21"><span class='ocrx_word' id='word_1_174' title='bbox 238 1782 449 1845; x_wconf 75' lang='lat' dir='ltr'><strong>venditabant</strong></span> <span class='ocrx_word' id='word_1_175' title='bbox 480 1779 659 1865; x_wconf 87' lang='lat' dir='ltr'><strong>Quanquam</strong></span> <span class='ocrx_word' id='word_1_176' title='bbox 674 1784 756 1847; x_wconf 89' lang='lat' dir='ltr'><strong>baud</strong></span> <span class='ocrx_word' id='word_1_177' title='bbox 776 1783 959 1846; x_wconf 88' lang='lat' dir='ltr'><strong>credendum</strong></span> <span class='ocrx_word' id='word_1_178' title='bbox 974 1790 1035 1858; x_wconf 89' lang='lat' dir='ltr'><strong>est,</strong></span> <span class='ocrx_word' id='word_1_179' title='bbox 1056 1783 1237 1866; x_wconf 85' lang='lat' dir='ltr'><strong>Dionysium</strong></span> <span class='ocrx_word' id='word_1_180' title='bbox 1250 1782 1407 1864; x_wconf 87' lang='lat' dir='ltr'><strong>indulgere</strong></span> <span class='ocrx_word' id='word_1_181' title='bbox 1429 1783 1595 1857; x_wconf 88' lang='lat' dir='ltr'><strong>erroribus,</strong></span> 
     </span>
     <span class='ocr_line' id='line_1_18' title="bbox 239 1869 1592 1954; baseline 0 -18"><span class='ocrx_word' id='word_1_182' title='bbox 239 1890 278 1936; x_wconf 85' lang='lat' dir='ltr'><strong>ex</strong></span> <span class='ocrx_word' id='word_1_183' title='bbox 292 1870 383 1934; x_wconf 90' lang='lat' dir='ltr'><strong>trivio</strong></span> <span class='ocrx_word' id='word_1_184' title='bbox 398 1871 518 1952; x_wconf 89' lang='lat' dir='ltr'><strong>petitis,</strong></span> <span class='ocrx_word' id='word_1_185' title='bbox 536 1872 714 1936; x_wconf 88' lang='lat' dir='ltr'><strong>refutandis.</strong></span> <span class='ocrx_word' id='word_1_186' title='bbox 750 1869 831 1942; x_wconf 86' lang='lat' dir='ltr'><strong>Quin</strong></span> <span class='ocrx_word' id='word_1_187' title='bbox 851 1873 952 1954; x_wconf 88' lang='lat' dir='ltr'><strong>potins</strong></span> <span class='ocrx_word' id='word_1_188' title='bbox 971 1871 1023 1936; x_wconf 94' lang='lat' dir='ltr'><strong>ille</strong></span> <span class='ocrx_word' id='word_1_189' title='bbox 1038 1873 1090 1936; x_wconf 91' lang='lat' dir='ltr'><strong>vel</strong></span> <span class='ocrx_word' id='word_1_190' title='bbox 1108 1872 1272 1953; x_wconf 77' lang='lat' dir='ltr'><strong>scriptores</strong></span> <span class='ocrx_word' id='word_1_191' title='bbox 1288 1873 1423 1936; x_wconf 83' lang='lat' dir='ltr'><strong>celebres</strong></span> <span class='ocrx_word' id='word_1_192' title='bbox 1444 1873 1495 1936; x_wconf 88' lang='lat' dir='ltr'><strong>vel</strong></span> <span class='ocrx_word' id='word_1_193' title='bbox 1508 1873 1592 1936; x_wconf 87' lang='lat' dir='ltr'><strong>hunc</strong></span> 
     </span>
     <span class='ocr_line' id='line_1_19' title="bbox 238 1960 1593 2043; baseline 0 -19"><span class='ocrx_word' id='word_1_194' title='bbox 238 1961 337 2043; x_wconf 87' lang='lat' dir='ltr'><strong>ipsum</strong></span> <span class='ocrx_word' id='word_1_195' title='bbox 357 1960 537 2040; x_wconf 84' lang='lat' dir='ltr'><strong>Augustini,</strong></span> <span class='ocrx_word' id='word_1_196' title='bbox 560 1967 706 2042; x_wconf 87' lang='lat' dir='ltr'><strong>tanquam</strong></span> <span class='ocrx_word' id='word_1_197' title='bbox 721 1962 881 2024; x_wconf 84' lang='lat' dir='ltr'><strong>coaetanei</strong></span> <span class='ocrx_word' id='word_1_198' title='bbox 901 1969 954 2025; x_wconf 88' lang='lat' dir='ltr'><strong>aut</strong></span> <span class='ocrx_word' id='word_1_199' title='bbox 978 1981 1011 2024; x_wconf 88' lang='lat' dir='ltr'><strong>se</strong></span> <span class='ocrx_word' id='word_1_200' title='bbox 1026 1962 1162 2042; x_wconf 84' lang='lat' dir='ltr'><strong>proxime</strong></span> <span class='ocrx_word' id='word_1_201' title='bbox 1185 1961 1414 2038; x_wconf 87' lang='lat' dir='ltr'><strong>antecedentis,</strong></span> <span class='ocrx_word' id='word_1_202' title='bbox 1435 1963 1537 2024; x_wconf 91' lang='lat' dir='ltr'><strong>locum</strong></span> <span class='ocrx_word' id='word_1_203' title='bbox 1553 1979 1593 2024; x_wconf 73' lang='lat' dir='ltr'><strong>en</strong></span> 
     </span>
     <span class='ocr_line' id='line_1_20' title="bbox 239 2049 1590 2134; baseline 0 -21"><span class='ocrx_word' id='word_1_204' title='bbox 239 2051 378 2132; x_wconf 83' lang='lat' dir='ltr'><strong>professo</strong></span> <span class='ocrx_word' id='word_1_205' title='bbox 395 2067 522 2130; x_wconf 80' lang='lat' dir='ltr'><strong>arguere</strong></span> <span class='ocrx_word' id='word_1_206' title='bbox 537 2050 671 2126; x_wconf 87' lang='lat' dir='ltr'><strong>videtur,</strong></span> <span class='ocrx_word' id='word_1_207' title='bbox 691 2051 718 2114; x_wconf 91' lang='lat' dir='ltr'><strong>si</strong></span> <span class='ocrx_word' id='word_1_208' title='bbox 733 2051 820 2114; x_wconf 89' lang='lat' dir='ltr'><strong>simul</strong></span> <span class='ocrx_word' id='word_1_209' title='bbox 835 2051 867 2113; x_wconf 91' lang='lat' dir='ltr'><strong>in</strong></span> <span class='ocrx_word' id='word_1_210' title='bbox 886 2051 1160 2115; x_wconf 85' lang='lat' dir='ltr'><strong>considerationem</strong></span> <span class='ocrx_word' id='word_1_211' title='bbox 1180 2049 1315 2115; x_wconf 87' lang='lat' dir='ltr'><strong>adducas</strong></span> <span class='ocrx_word' id='word_1_212' title='bbox 1334 2051 1452 2134; x_wconf 86' lang='lat' dir='ltr'><strong>reliqua</strong></span> <span class='ocrx_word' id='word_1_213' title='bbox 1467 2051 1505 2114; x_wconf 91' lang='lat' dir='ltr'><strong>de</strong></span> <span class='ocrx_word' id='word_1_214' title='bbox 1520 2051 1590 2114; x_wconf 90' lang='lat' dir='ltr'><strong>loco</strong></span> 
     </span>
     <span class='ocr_line' id='line_1_21' title="bbox 237 2138 1591 2222; baseline 0.001 -20"><span class='ocrx_word' id='word_1_215' title='bbox 237 2138 442 2219; x_wconf 74' lang='lat' dir='ltr'><strong>Augustinid,</strong></span> <span class='ocrx_word' id='word_1_216' title='bbox 456 2143 492 2209; x_wconf 89' lang='lat'><strong>8.)</strong></span> <span class='ocrx_word' id='word_1_217' title='bbox 510 2139 669 2221; x_wconf 85' lang='lat' dir='ltr'><strong>producta,</strong></span> <span class='ocrx_word' id='word_1_218' title='bbox 690 2147 725 2202; x_wconf 89' lang='lat' dir='ltr'><strong>ut</strong></span> <span class='ocrx_word' id='word_1_219' title='bbox 740 2139 891 2222; x_wconf 88' lang='lat' dir='ltr'><strong>quaejam</strong></span> <span class='ocrx_word' id='word_1_220' title='bbox 908 2141 1027 2204; x_wconf 89' lang='lat' dir='ltr'><strong>omnino</strong></span> <span class='ocrx_word' id='word_1_221' title='bbox 1043 2146 1076 2202; x_wconf 91' lang='lat' dir='ltr'><strong>et</strong></span> <span class='ocrx_word' id='word_1_222' title='bbox 1092 2140 1131 2202; x_wconf 91' lang='lat' dir='ltr'><strong>de</strong></span> <span class='ocrx_word' id='word_1_223' title='bbox 1145 2140 1165 2203; x_wconf 84' lang='lat' dir='ltr'><strong>b</strong></span> <span class='ocrx_word' id='word_1_224' title='bbox 1181 2140 1376 2220; x_wconf 83' lang='lat' dir='ltr'><strong>epagomenis</strong></span> <span class='ocrx_word' id='word_1_225' title='bbox 1392 2147 1506 2221; x_wconf 85' lang='lat' dir='ltr'><strong>agunt;</strong></span> <span class='ocrx_word' id='word_1_226' title='bbox 1529 2141 1591 2204; x_wconf 81' lang='lat' dir='ltr'><strong>bs-</strong></span> 
     </span>
     <span class='ocr_line' id='line_1_22' title="bbox 238 2227 1591 2311; baseline 0 -19"><span class='ocrx_word' id='word_1_227' title='bbox 238 2247 305 2292; x_wconf 91' lang='lat' dir='ltr'><strong>rum</strong></span> <span class='ocrx_word' id='word_1_228' title='bbox 320 2228 398 2292; x_wconf 89' lang='lat' dir='ltr'><strong>enim</strong></span> <span class='ocrx_word' id='word_1_229' title='bbox 413 2227 566 2291; x_wconf 88' lang='lat' dir='ltr'><strong>mentione</strong></span> <span class='ocrx_word' id='word_1_230' title='bbox 577 2228 643 2307; x_wconf 87' lang='lat' dir='ltr'><strong>jam</strong></span> <span class='ocrx_word' id='word_1_231' title='bbox 657 2229 719 2306; x_wconf 87' lang='lat' dir='ltr'><strong>ills,</strong></span> <span class='ocrx_word' id='word_1_232' title='bbox 735 2247 811 2310; x_wconf 85' lang='lat' dir='ltr'><strong>qnae</strong></span> <span class='ocrx_word' id='word_1_233' title='bbox 828 2229 865 2291; x_wconf 93' lang='lat' dir='ltr'><strong>de</strong></span> <span class='ocrx_word' id='word_1_234' title='bbox 883 2230 923 2292; x_wconf 82' lang='lat'><strong>12</strong></span> <span class='ocrx_word' id='word_1_235' title='bbox 938 2229 1036 2311; x_wconf 90' lang='lat' dir='ltr'><strong>plenis</strong></span> <span class='ocrx_word' id='word_1_236' title='bbox 1052 2229 1204 2292; x_wconf 88' lang='lat' dir='ltr'><strong>mensibus</strong></span> <span class='ocrx_word' id='word_1_237' title='bbox 1219 2228 1306 2304; x_wconf 83' lang='lat' dir='ltr'><strong>dixit,</strong></span> <span class='ocrx_word' id='word_1_238' title='bbox 1325 2248 1386 2300; x_wconf 90' lang='lat' dir='ltr'><strong>non</strong></span> <span class='ocrx_word' id='word_1_239' title='bbox 1402 2228 1533 2310; x_wconf 86' lang='lat' dir='ltr'><strong>amplius</strong></span> <span class='ocrx_word' id='word_1_240' title='bbox 1550 2228 1591 2292; x_wconf 86' lang='lat' dir='ltr'><strong>ad</strong></span> 
     </span>
     <span class='ocr_line' id='line_1_23' title="bbox 237 2315 1591 2400; baseline 0.001 -20"><span class='ocrx_word' id='word_1_241' title='bbox 237 2315 390 2380; x_wconf 85' lang='lat' dir='ltr'><strong>Lunarem</strong></span> <span class='ocrx_word' id='word_1_242' title='bbox 404 2315 555 2380; x_wconf 89' lang='lat' dir='ltr'><strong>rationem</strong></span> <span class='ocrx_word' id='word_1_243' title='bbox 569 2323 604 2379; x_wconf 89' lang='lat' dir='ltr'><strong>ut</strong></span> <span class='ocrx_word' id='word_1_244' title='bbox 618 2317 701 2398; x_wconf 90' lang='lat' dir='ltr'><strong>prius</strong></span> <span class='ocrx_word' id='word_1_245' title='bbox 716 2326 846 2399; x_wconf 89' lang='lat' dir='ltr'><strong>possunt</strong></span> <span class='ocrx_word' id='word_1_246' title='bbox 860 2319 999 2400; x_wconf 86' lang='lat' dir='ltr'><strong>expendi.</strong></span> <span class='ocrx_word' id='word_1_247' title='bbox 1033 2317 1121 2381; x_wconf 88' lang='lat' dir='ltr'><strong>Unde</strong></span> <span class='ocrx_word' id='word_1_248' title='bbox 1136 2317 1249 2398; x_wconf 91' lang='lat' dir='ltr'><strong>liquido</strong></span> <span class='ocrx_word' id='word_1_249' title='bbox 1266 2325 1402 2394; x_wconf 89' lang='lat' dir='ltr'><strong>constat,</strong></span> <span class='ocrx_word' id='word_1_250' title='bbox 1425 2335 1464 2382; x_wconf 87' lang='lat' dir='ltr'><strong>ex</strong></span> <span class='ocrx_word' id='word_1_251' title='bbox 1479 2319 1591 2400; x_wconf 84' lang='lat' dir='ltr'><strong>Augu·</strong></span> 
     </span>
     <span class='ocr_line' id='line_1_24' title="bbox 239 2405 1591 2488; baseline 0.001 -18"><span class='ocrx_word' id='word_1_252' title='bbox 239 2406 320 2472; x_wconf 89' lang='lat' dir='ltr'><strong>etino</strong></span> <span class='ocrx_word' id='word_1_253' title='bbox 337 2414 371 2470; x_wconf 87' lang='lat' dir='ltr'><strong>et</strong></span> <span class='ocrx_word' id='word_1_254' title='bbox 383 2405 533 2487; x_wconf 84' lang='lat' dir='ltr'><strong>Dionysio</strong></span> <span class='ocrx_word' id='word_1_255' title='bbox 549 2425 610 2469; x_wconf 91' lang='lat' dir='ltr'><strong>non</strong></span> <span class='ocrx_word' id='word_1_256' title='bbox 624 2407 763 2488; x_wconf 85' lang='lat' dir='ltr'><strong>probari,</strong></span> <span class='ocrx_word' id='word_1_257' title='bbox 785 2427 896 2470; x_wconf 85' lang='lat' dir='ltr'><strong>annum</strong></span> <span class='ocrx_word' id='word_1_258' title='bbox 912 2408 982 2470; x_wconf 89' lang='lat' dir='ltr'><strong>dum</strong></span> <span class='ocrx_word' id='word_1_259' title='bbox 998 2429 1017 2470; x_wconf 88' lang='lat' dir='ltr'><strong>a</strong></span> <span class='ocrx_word' id='word_1_260' title='bbox 1031 2405 1185 2473; x_wconf 86' lang='lat' dir='ltr'><strong>veteribus</strong></span> <span class='ocrx_word' id='word_1_261' title='bbox 1200 2425 1255 2486; x_wconf 89' lang='lat' dir='ltr'><strong>pro</strong></span> <span class='ocrx_word' id='word_1_262' title='bbox 1270 2407 1385 2472; x_wconf 87' lang='lat' dir='ltr'><strong>Lunari</strong></span> <span class='ocrx_word' id='word_1_263' title='bbox 1402 2408 1591 2472; x_wconf 83' lang='lat' dir='ltr'><strong>celebratum</strong></span> 
     </span>
     <span class='ocr_line' id='line_1_25' title="bbox 239 2495 1590 2579; baseline 0.001 -20"><span class='ocrx_word' id='word_1_264' title='bbox 239 2516 323 2570; x_wconf 89' lang='lat' dir='ltr'><strong>esse,</strong></span> <span class='ocrx_word' id='word_1_265' title='bbox 347 2495 397 2578; x_wconf 88' lang='lat' dir='ltr'><strong>qui</strong></span> <span class='ocrx_word' id='word_1_266' title='bbox 417 2495 589 2566; x_wconf 80' lang='lat' dir='ltr'><strong>tricenariis</strong></span> <span class='ocrx_word' id='word_1_267' title='bbox 612 2503 770 2559; x_wconf 87' lang='lat' dir='ltr'><strong>constaret</strong></span> <span class='ocrx_word' id='word_1_268' title='bbox 788 2497 949 2561; x_wconf 88' lang='lat' dir='ltr'><strong>mensibus.</strong></span> <span class='ocrx_word' id='word_1_269' title='bbox 988 2496 1077 2560; x_wconf 87' lang='lat' dir='ltr'><strong>Alias</strong></span> <span class='ocrx_word' id='word_1_270' title='bbox 1098 2495 1125 2558; x_wconf 90' lang='lat' dir='ltr'><strong>si</strong></span> <span class='ocrx_word' id='word_1_271' title='bbox 1144 2496 1247 2559; x_wconf 87' lang='lat' dir='ltr'><strong>deleas</strong></span> <span class='ocrx_word' id='word_1_272' title='bbox 1266 2495 1299 2559; x_wconf 91' lang='lat' dir='ltr'><strong>in</strong></span> <span class='ocrx_word' id='word_1_273' title='bbox 1317 2503 1407 2561; x_wconf 87' lang='lat' dir='ltr'><strong>textu</strong></span> <span class='ocrx_word' id='word_1_274' title='bbox 1422 2497 1590 2579; x_wconf 82' lang='lat' dir='ltr'><strong>Augustini</strong></span> 
     </span>
     <span class='ocr_line' id='line_1_26' title="bbox 238 2583 1590 2666; baseline 0 -16"><span class='ocrx_word' id='word_1_275' title='bbox 238 2585 441 2666; x_wconf 60' lang='lat' dir='ltr'><strong>reiectionem</strong></span> <span class='ocrx_word' id='word_1_276' title='bbox 455 2584 553 2648; x_wconf 86' lang='lat' dir='ltr'><strong>illam:</strong></span> <span class='ocrx_word' id='word_1_277' title='bbox 573 2605 680 2666; x_wconf 83' lang='lat' dir='ltr'><strong>„quem</strong></span> <span class='ocrx_word' id='word_1_278' title='bbox 695 2586 838 2648; x_wconf 88' lang='lat' dir='ltr'><strong>circuitus</strong></span> <span class='ocrx_word' id='word_1_279' title='bbox 846 2586 978 2652; x_wconf 88' lang='lat' dir='ltr'><strong>Lunaris</strong></span> <span class='ocrx_word' id='word_1_280' title='bbox 994 2585 1161 2660; x_wconf 84' lang='lat' dir='ltr'><strong>ostendit“,</strong></span> <span class='ocrx_word' id='word_1_281' title='bbox 1176 2583 1247 2648; x_wconf 87' lang='lat' dir='ltr'><strong>tnnc</strong></span> <span class='ocrx_word' id='word_1_282' title='bbox 1263 2585 1381 2648; x_wconf 85' lang='lat' dir='ltr'><strong>facilius</strong></span> <span class='ocrx_word' id='word_1_283' title='bbox 1391 2585 1590 2666; x_wconf 86' lang='lat' dir='ltr'><strong>transigimus</strong></span> 
     </span>
    </p>
   </div>
   <div class='ocr_carea' id='block_1_3' title="bbox 119 2669 1590 2759">
    <p class='ocr_par' dir='ltr' id='par_1_3' title="bbox 119 2669 1590 2759">
     <span class='ocr_line' id='line_1_27' title="bbox 119 2669 1590 2759; baseline 0.001 -21"><span class='ocrx_word' id='word_1_284' title='bbox 119 2716 121 2722; x_wconf 90' lang='lat'>-</span> <span class='ocrx_word' id='word_1_285' title='bbox 239 2693 307 2738; x_wconf 89' lang='lat' dir='ltr'><strong>cum</strong></span> <span class='ocrx_word' id='word_1_286' title='bbox 321 2673 505 2755; x_wconf 84' lang='lat' dir='ltr'><strong>Augustino,</strong></span> <span class='ocrx_word' id='word_1_287' title='bbox 520 2674 600 2757; x_wconf 86' lang='lat' dir='ltr'><strong>quod</strong></span> <span class='ocrx_word' id='word_1_288' title='bbox 614 2675 756 2757; x_wconf 89' lang='lat' dir='ltr'><strong>loquatur</strong></span> <span class='ocrx_word' id='word_1_289' title='bbox 771 2695 813 2738; x_wconf 87' lang='lat' dir='ltr'><strong>sc.</strong></span> <span class='ocrx_word' id='word_1_290' title='bbox 830 2675 868 2738; x_wconf 91' lang='lat' dir='ltr'><strong>de</strong></span> <span class='ocrx_word' id='word_1_291' title='bbox 879 2695 959 2740; x_wconf 90' lang='lat' dir='ltr'><strong>anno</strong></span> <span class='ocrx_word' id='word_1_292' title='bbox 968 2675 1122 2757; x_wconf 89' lang='lat' dir='ltr'><strong>primaevo</strong></span> <span class='ocrx_word' id='word_1_293' title='bbox 1132 2673 1271 2738; x_wconf 86' lang='lat' dir='ltr'><strong>Asiatico</strong></span> <span class='ocrx_word' id='word_1_294' title='bbox 1288 2669 1399 2751; x_wconf 90' lang='lat' dir='ltr'><strong>Solari,</strong></span> <span class='ocrx_word' id='word_1_295' title='bbox 1414 2675 1506 2759; x_wconf 90' lang='lat' dir='ltr'><strong>idque</strong></span> <span class='ocrx_word' id='word_1_296' title='bbox 1521 2695 1590 2740; x_wconf 87' lang='lat' dir='ltr'><strong>cum</strong></span> 
     </span>
    </p>
   </div>
   <div class='ocr_carea' id='block_1_4' title="bbox 237 2761 1647 4185">
    <p class='ocr_par' dir='ltr' id='par_1_4' title="bbox 239 2761 1588 2935">
     <span class='ocr_line' id='line_1_28' title="bbox 240 2761 1588 2848; baseline 0.001 -20"><span class='ocrx_word' id='word_1_297' title='bbox 240 2763 380 2828; x_wconf 86' lang='lat' dir='ltr'><strong>Gemino.</strong></span> <span class='ocrx_word' id='word_1_298' title='bbox 409 2763 517 2845; x_wconf 84' lang='lat' dir='ltr'><strong>Itaque</strong></span> <span class='ocrx_word' id='word_1_299' title='bbox 533 2783 595 2826; x_wconf 92' lang='lat' dir='ltr'><strong>non</strong></span> <span class='ocrx_word' id='word_1_300' title='bbox 608 2764 775 2844; x_wconf 88' lang='lat' dir='ltr'><strong>pertinebit</strong></span> <span class='ocrx_word' id='word_1_301' title='bbox 796 2765 861 2844; x_wconf 90' lang='lat' dir='ltr'><strong>ejus</strong></span> <span class='ocrx_word' id='word_1_302' title='bbox 876 2765 961 2829; x_wconf 90' lang='lat' dir='ltr'><strong>locus</strong></span> <span class='ocrx_word' id='word_1_303' title='bbox 977 2766 1018 2828; x_wconf 88' lang='lat' dir='ltr'><strong>ad</strong></span> <span class='ocrx_word' id='word_1_304' title='bbox 1033 2763 1116 2832; x_wconf 81' lang='lat' dir='ltr'><strong>illam</strong></span> <span class='ocrx_word' id='word_1_305' title='bbox 1128 2761 1243 2828; x_wconf 87' lang='lat' dir='ltr'><strong>Graeci</strong></span> <span class='ocrx_word' id='word_1_306' title='bbox 1259 2762 1330 2830; x_wconf 88' lang='lat' dir='ltr'><strong>anni</strong></span> <span class='ocrx_word' id='word_1_307' title='bbox 1344 2766 1489 2842; x_wconf 81' lang='lat' dir='ltr'><strong>sormam,</strong></span> <span class='ocrx_word' id='word_1_308' title='bbox 1511 2783 1588 2848; x_wconf 83' lang='lat' dir='ltr'><strong>quae</strong></span> 
     </span>
     <span class='ocr_line' id='line_1_29' title="bbox 239 2852 841 2935; baseline -0.005 -17"><span class='ocrx_word' id='word_1_309' title='bbox 239 2852 283 2918; x_wconf 76' lang='lat'><strong>50</strong></span> <span class='ocrx_word' id='word_1_310' title='bbox 297 2853 329 2916; x_wconf 92' lang='lat' dir='ltr'><strong>in</strong></span> <span class='ocrx_word' id='word_1_311' title='bbox 344 2852 546 2916; x_wconf 84' lang='lat' dir='ltr'><strong>tetrabteride</strong></span> <span class='ocrx_word' id='word_1_312' title='bbox 560 2871 681 2916; x_wconf 88' lang='lat' dir='ltr'><strong>menses</strong></span> <span class='ocrx_word' id='word_1_313' title='bbox 698 2853 841 2935; x_wconf 83' lang='lat' dir='ltr'><strong>explieat</strong></span> 
     </span>
    </p>

    <p class='ocr_par' dir='ltr' id='par_1_5' title="bbox 237 2941 1647 3738">
     <span class='ocr_line' id='line_1_30' title="bbox 326 2941 1590 3023; baseline 0.003 -19"><span class='ocrx_word' id='word_1_314' title='bbox 326 2941 460 3006; x_wconf 86' lang='lat' dir='ltr'><strong>Desinat</strong></span> <span class='ocrx_word' id='word_1_315' title='bbox 479 2941 572 3022; x_wconf 89' lang='lat' dir='ltr'><strong>igitur</strong></span> <span class='ocrx_word' id='word_1_316' title='bbox 593 2941 739 3006; x_wconf 84' lang='lat' dir='ltr'><strong>Petavius</strong></span> <span class='ocrx_word' id='word_1_317' title='bbox 762 2941 938 3018; x_wconf 87' lang='lat' dir='ltr'><strong>Geminum,</strong></span> <span class='ocrx_word' id='word_1_318' title='bbox 967 2941 1181 3017; x_wconf 82' lang='lat' dir='ltr'><strong>Censorinum,</strong></span> <span class='ocrx_word' id='word_1_319' title='bbox 1205 2941 1281 3004; x_wconf 87' lang='lat' dir='ltr'><strong>alios</strong></span> <span class='ocrx_word' id='word_1_320' title='bbox 1304 2949 1447 3006; x_wconf 86' lang='lat' dir='ltr'><strong>auctores</strong></span> <span class='ocrx_word' id='word_1_321' title='bbox 1465 2941 1590 3023; x_wconf 80' lang='lat' dir='ltr'><strong>jactare</strong></span> 
     </span>
     <span class='ocr_line' id='line_1_31' title="bbox 239 3029 1590 3112; baseline 0.001 -18"><span class='ocrx_word' id='word_1_322' title='bbox 239 3029 383 3096; x_wconf 81' lang='lat' dir='ltr'><strong>affirmati</strong></span> <span class='ocrx_word' id='word_1_323' title='bbox 399 3031 462 3106; x_wconf 89' lang='lat' dir='ltr'><strong>sui,</strong></span> <span class='ocrx_word' id='word_1_324' title='bbox 484 3030 564 3112; x_wconf 90' lang='lat' dir='ltr'><strong>quod</strong></span> <span class='ocrx_word' id='word_1_325' title='bbox 584 3037 706 3096; x_wconf 89' lang='lat' dir='ltr'><strong>veteres</strong></span> <span class='ocrx_word' id='word_1_326' title='bbox 727 3031 866 3096; x_wconf 88' lang='lat' dir='ltr'><strong>Lunares</strong></span> <span class='ocrx_word' id='word_1_327' title='bbox 887 3050 1009 3094; x_wconf 89' lang='lat' dir='ltr'><strong>menses</strong></span> <span class='ocrx_word' id='word_1_328' title='bbox 1032 3050 1136 3095; x_wconf 86' lang='lat' dir='ltr'><strong>omnes</strong></span> <span class='ocrx_word' id='word_1_329' title='bbox 1156 3032 1199 3093; x_wconf 88' lang='grc'><strong>30</strong></span> <span class='ocrx_word' id='word_1_330' title='bbox 1220 3031 1335 3102; x_wconf 86' lang='lat' dir='ltr'><strong>dierum</strong></span> <span class='ocrx_word' id='word_1_331' title='bbox 1357 3033 1590 3096; x_wconf 80' lang='lat' dir='ltr'><strong>aestimaverint</strong></span> 
     </span>
     <span class='ocr_line' id='line_1_32' title="bbox 240 3119 1591 3203; baseline 0.001 -19"><span class='ocrx_word' id='word_1_332' title='bbox 240 3119 536 3202; x_wconf 86' lang='lat' dir='ltr'><strong>celebraverintque,</strong></span> <span class='ocrx_word' id='word_1_333' title='bbox 558 3120 601 3182; x_wconf 93' lang='lat' dir='ltr'><strong>illi</strong></span> <span class='ocrx_word' id='word_1_334' title='bbox 624 3121 703 3186; x_wconf 89' lang='lat' dir='ltr'><strong>enim</strong></span> <span class='ocrx_word' id='word_1_335' title='bbox 726 3121 763 3183; x_wconf 88' lang='lat' dir='ltr'><strong>de</strong></span> <span class='ocrx_word' id='word_1_336' title='bbox 785 3121 939 3187; x_wconf 87' lang='lat' dir='ltr'><strong>mensibus</strong></span> <span class='ocrx_word' id='word_1_337' title='bbox 961 3121 1122 3202; x_wconf 88' lang='lat' dir='ltr'><strong>loquuntur</strong></span> <span class='ocrx_word' id='word_1_338' title='bbox 1147 3119 1217 3184; x_wconf 88' lang='lat' dir='ltr'><strong>anni</strong></span> <span class='ocrx_word' id='word_1_339' title='bbox 1234 3119 1353 3185; x_wconf 81' lang='lat' dir='ltr'><strong>Solaria</strong></span> <span class='ocrx_word' id='word_1_340' title='bbox 1377 3121 1469 3186; x_wconf 89' lang='lat' dir='ltr'><strong>etde</strong></span> <span class='ocrx_word' id='word_1_341' title='bbox 1491 3121 1591 3203; x_wconf 82' lang='lat' dir='ltr'><strong>prima</strong></span> 
     </span>
     <span class='ocr_line' id='line_1_33' title="bbox 240 3209 1590 3292; baseline 0.002 -20"><span class='ocrx_word' id='word_1_342' title='bbox 240 3209 401 3274; x_wconf 86' lang='lat' dir='ltr'><strong>occasione</strong></span> <span class='ocrx_word' id='word_1_343' title='bbox 416 3209 531 3272; x_wconf 88' lang='lat' dir='ltr'><strong>numeri</strong></span> <span class='ocrx_word' id='word_1_344' title='bbox 546 3210 590 3272; x_wconf 84' lang='lat'><strong>30</strong></span> <span class='ocrx_word' id='word_1_345' title='bbox 606 3210 636 3272; x_wconf 91' lang='lat' dir='ltr'><strong>in</strong></span> <span class='ocrx_word' id='word_1_346' title='bbox 651 3229 785 3274; x_wconf 90' lang='lat' dir='ltr'><strong>mensem</strong></span> <span class='ocrx_word' id='word_1_347' title='bbox 801 3210 951 3291; x_wconf 87' lang='lat' dir='ltr'><strong>adoptati,</strong></span> <span class='ocrx_word' id='word_1_348' title='bbox 967 3209 1156 3292; x_wconf 88' lang='lat' dir='ltr'><strong>Augustinus</strong></span> <span class='ocrx_word' id='word_1_349' title='bbox 1172 3229 1253 3284; x_wconf 91' lang='lat' dir='ltr'><strong>vero,</strong></span> <span class='ocrx_word' id='word_1_350' title='bbox 1270 3227 1336 3272; x_wconf 89' lang='lat' dir='ltr'><strong>cnm</strong></span> <span class='ocrx_word' id='word_1_351' title='bbox 1351 3210 1440 3291; x_wconf 87' lang='lat' dir='ltr'><strong>lapsu</strong></span> <span class='ocrx_word' id='word_1_352' title='bbox 1454 3211 1590 3274; x_wconf 80' lang='lat' dir='ltr'><strong>fortasse</strong></span> 
     </span>
     <span class='ocr_line' id='line_1_34' title="bbox 238 3297 1591 3380; baseline -0.001 -16"><span class='ocrx_word' id='word_1_353' title='bbox 238 3299 401 3364; x_wconf 88' lang='lat' dir='ltr'><strong>memoriae</strong></span> <span class='ocrx_word' id='word_1_354' title='bbox 416 3299 555 3362; x_wconf 88' lang='lat' dir='ltr'><strong>voculam</strong></span> <span class='ocrx_word' id='word_1_355' title='bbox 564 3299 658 3362; x_wconf 86' lang='lat' dir='ltr'><strong>talem</strong></span> <span class='ocrx_word' id='word_1_356' title='bbox 668 3299 851 3380; x_wconf 83' lang='lat' dir='ltr'><strong>scripsisset,</strong></span> <span class='ocrx_word' id='word_1_357' title='bbox 866 3299 1015 3380; x_wconf 80' lang='lat' dir='ltr'><strong>Dionysio</strong></span> <span class='ocrx_word' id='word_1_358' title='bbox 1031 3297 1089 3362; x_wconf 88' lang='lat' dir='ltr'><strong>sibi</strong></span> <span class='ocrx_word' id='word_1_359' title='bbox 1104 3305 1208 3361; x_wconf 88' lang='lat' dir='ltr'><strong>aetate</strong></span> <span class='ocrx_word' id='word_1_360' title='bbox 1217 3298 1353 3380; x_wconf 86' lang='lat' dir='ltr'><strong>proximo</strong></span> <span class='ocrx_word' id='word_1_361' title='bbox 1362 3319 1489 3374; x_wconf 85' lang='lat' dir='ltr'><strong>oausam</strong></span> <span class='ocrx_word' id='word_1_362' title='bbox 1496 3301 1591 3375; x_wconf 83' lang='lat' dir='ltr'><strong>dedit,</strong></span> 
     </span>
     <span class='ocr_line' id='line_1_35' title="bbox 239 3387 1589 3469; baseline 0 -17"><span class='ocrx_word' id='word_1_363' title='bbox 239 3388 461 3452; x_wconf 87' lang='lat' dir='ltr'><strong>absurditatem</strong></span> <span class='ocrx_word' id='word_1_364' title='bbox 481 3387 556 3450; x_wconf 87' lang='lat' dir='ltr'><strong>dieti</strong></span> <span class='ocrx_word' id='word_1_365' title='bbox 574 3389 739 3452; x_wconf 85' lang='lat' dir='ltr'><strong>refellendi.</strong></span> <span class='ocrx_word' id='word_1_366' title='bbox 773 3387 951 3469; x_wconf 88' lang='lat' dir='ltr'><strong>Perpendat</strong></span> <span class='ocrx_word' id='word_1_367' title='bbox 970 3388 1131 3462; x_wconf 75' lang='lat' dir='ltr'><strong>Petamus,</strong></span> <span class='ocrx_word' id='word_1_368' title='bbox 1153 3395 1298 3469; x_wconf 87' lang='lat' dir='ltr'><strong>quantam</strong></span> <span class='ocrx_word' id='word_1_369' title='bbox 1313 3389 1467 3452; x_wconf 86' lang='lat' dir='ltr'><strong>veteribus</strong></span> <span class='ocrx_word' id='word_1_370' title='bbox 1483 3391 1589 3453; x_wconf 81' lang='lat' dir='ltr'><strong>doior-</strong></span> 
     </span>
     <span class='ocr_line' id='line_1_36' title="bbox 239 3471 1589 3554; baseline 0.001 -13"><span class='ocrx_word' id='word_1_371' title='bbox 239 3477 379 3542; x_wconf 82' lang='lat' dir='ltr'><strong>mitatem</strong></span> <span class='ocrx_word' id='word_1_372' title='bbox 394 3477 524 3552; x_wconf 86' lang='lat' dir='ltr'><strong>tribuat,</strong></span> <span class='ocrx_word' id='word_1_373' title='bbox 547 3476 617 3539; x_wconf 91' lang='lat' dir='ltr'><strong>anni</strong></span> <span class='ocrx_word' id='word_1_374' title='bbox 633 3497 674 3542; x_wconf 81' lang='lat' dir='ltr'><strong>sc</strong></span> <span class='ocrx_word' id='word_1_375' title='bbox 693 3477 825 3541; x_wconf 87' lang='lat' dir='ltr'><strong>Lunaris</strong></span> <span class='ocrx_word' id='word_1_376' title='bbox 841 3477 956 3540; x_wconf 89' lang='lat' dir='ltr'><strong>dierum</strong></span> <span class='ocrx_word' id='word_1_377' title='bbox 971 3471 1049 3554; x_wconf 79' lang='lat'><strong>375,</strong></span> <span class='ocrx_word' id='word_1_378' title='bbox 1072 3477 1143 3540; x_wconf 90' lang='lat' dir='ltr'><strong>dnm</strong></span> <span class='ocrx_word' id='word_1_379' title='bbox 1156 3477 1346 3543; x_wconf 87' lang='lat' dir='ltr'><strong>Herodotum</strong></span> <span class='ocrx_word' id='word_1_380' title='bbox 1368 3477 1494 3542; x_wconf 89' lang='lat' dir='ltr'><strong>abtorto</strong></span> <span class='ocrx_word' id='word_1_381' title='bbox 1511 3479 1589 3542; x_wconf 90' lang='lat' dir='ltr'><strong>collo</strong></span> 
     </span>
     <span class='ocr_line' id='line_1_37' title="bbox 238 3564 1588 3648; baseline 0.001 -19"><span class='ocrx_word' id='word_1_382' title='bbox 238 3567 336 3630; x_wconf 90' lang='lat' dir='ltr'><strong>trabit</strong></span> <span class='ocrx_word' id='word_1_383' title='bbox 351 3567 391 3630; x_wconf 90' lang='lat' dir='ltr'><strong>ad</strong></span> <span class='ocrx_word' id='word_1_384' title='bbox 405 3565 612 3629; x_wconf 88' lang='lat' dir='ltr'><strong>testimonium</strong></span> <span class='ocrx_word' id='word_1_385' title='bbox 626 3565 696 3630; x_wconf 88' lang='lat' dir='ltr'><strong>huic</strong></span> <span class='ocrx_word' id='word_1_386' title='bbox 706 3566 838 3647; x_wconf 91' lang='lat' dir='ltr'><strong>opinioni</strong></span> <span class='ocrx_word' id='word_1_387' title='bbox 847 3565 1072 3648; x_wconf 85' lang='lat' dir='ltr'><strong>perhibendum.</strong></span> <span class='ocrx_word' id='word_1_388' title='bbox 1096 3567 1164 3628; x_wconf 90' lang='lat' dir='ltr'><strong>Hoc</strong></span> <span class='ocrx_word' id='word_1_389' title='bbox 1179 3564 1316 3648; x_wconf 86' lang='lat' dir='ltr'><strong>equidem</strong></span> <span class='ocrx_word' id='word_1_390' title='bbox 1332 3566 1455 3646; x_wconf 89' lang='lat' dir='ltr'><strong>gravius</strong></span> <span class='ocrx_word' id='word_1_391' title='bbox 1465 3575 1516 3632; x_wconf 87' lang='lat' dir='ltr'><strong>ost</strong></span> <span class='ocrx_word' id='word_1_392' title='bbox 1530 3567 1588 3630; x_wconf 83' lang='lat' dir='ltr'><strong>sd-</strong></span> 
     </span>
     <span class='ocr_line' id='line_1_38' title="bbox 237 3651 1647 3738; baseline -0.001 -18"><span class='ocrx_word' id='word_1_393' title='bbox 237 3657 363 3720; x_wconf 86' lang='lat' dir='ltr'><strong>missum</strong></span> <span class='ocrx_word' id='word_1_394' title='bbox 377 3656 409 3718; x_wconf 92' lang='lat' dir='ltr'><strong>in</strong></span> <span class='ocrx_word' id='word_1_395' title='bbox 423 3654 622 3730; x_wconf 83' lang='lat' dir='ltr'><strong>Herodotum,</strong></span> <span class='ocrx_word' id='word_1_396' title='bbox 637 3675 727 3737; x_wconf 90' lang='lat' dir='ltr'><strong>quam</strong></span> <span class='ocrx_word' id='word_1_397' title='bbox 741 3655 811 3718; x_wconf 85' lang='lat' dir='ltr'><strong>falsi</strong></span> <span class='ocrx_word' id='word_1_398' title='bbox 826 3656 918 3730; x_wconf 90' lang='lat' dir='ltr'><strong>illum,</strong></span> <span class='ocrx_word' id='word_1_399' title='bbox 933 3654 1012 3736; x_wconf 92' lang='lat' dir='ltr'><strong>quod</strong></span> <span class='ocrx_word' id='word_1_400' title='bbox 1022 3651 1181 3735; x_wconf 87' lang='lat' dir='ltr'><strong>Scaligero</strong></span> <span class='ocrx_word' id='word_1_401' title='bbox 1197 3655 1371 3736; x_wconf 87' lang='lat' dir='ltr'><strong>exprobrat,</strong></span> <span class='ocrx_word' id='word_1_402' title='bbox 1386 3675 1472 3720; x_wconf 89' lang='lat' dir='ltr'><strong>reum</strong></span> <span class='ocrx_word' id='word_1_403' title='bbox 1487 3675 1589 3738; x_wconf 82' lang='lat' dir='ltr'><strong>agere.</strong></span> <span class='ocrx_word' id='word_1_404' title='bbox 1646 3723 1647 3728; x_wconf 56' lang='grc'>,</span> 
     </span>
    </p>

    <p class='ocr_par' dir='ltr' id='par_1_6' title="bbox 238 3742 1590 4185">
     <span class='ocr_line' id='line_1_39' title="bbox 328 3742 1590 3826; baseline 0.001 -17"><span class='ocrx_word' id='word_1_405' title='bbox 328 3742 445 3824; x_wconf 90' lang='lat' dir='ltr'><strong>Objieit</strong></span> <span class='ocrx_word' id='word_1_406' title='bbox 465 3744 612 3807; x_wconf 86' lang='lat' dir='ltr'><strong>Petavius</strong></span> <span class='ocrx_word' id='word_1_407' title='bbox 637 3749 668 3814; x_wconf 85' lang='lat'><strong>(1,</strong></span> <span class='ocrx_word' id='word_1_408' title='bbox 680 3749 718 3816; x_wconf 87' lang='lat'><strong>8.)</strong></span> <span class='ocrx_word' id='word_1_409' title='bbox 736 3744 863 3807; x_wconf 89' lang='lat' dir='ltr'><strong>Diodori</strong></span> <span class='ocrx_word' id='word_1_410' title='bbox 879 3744 990 3819; x_wconf 81' lang='lat' dir='ltr'><strong>locum,</strong></span> <span class='ocrx_word' id='word_1_411' title='bbox 1013 3743 1064 3826; x_wconf 92' lang='lat' dir='ltr'><strong>qni</strong></span> <span class='ocrx_word' id='word_1_412' title='bbox 1086 3751 1199 3808; x_wconf 85' lang='lat' dir='ltr'><strong>testem</strong></span> <span class='ocrx_word' id='word_1_413' title='bbox 1219 3742 1368 3825; x_wconf 88' lang='lat' dir='ltr'><strong>quendam</strong></span> <span class='ocrx_word' id='word_1_414' title='bbox 1383 3746 1535 3810; x_wconf 88' lang='lat' dir='ltr'><strong>mendacii</strong></span> <span class='ocrx_word' id='word_1_415' title='bbox 1551 3765 1590 3810; x_wconf 84' lang='lat' dir='ltr'><strong>ex</strong></span> 
     </span>
     <span class='ocr_line' id='line_1_40' title="bbox 240 3831 1587 3914; baseline 0.001 -17"><span class='ocrx_word' id='word_1_416' title='bbox 240 3854 276 3897; x_wconf 89' lang='lat' dir='ltr'><strong>eo</strong></span> <span class='ocrx_word' id='word_1_417' title='bbox 295 3835 465 3897; x_wconf 90' lang='lat' dir='ltr'><strong>convictum</strong></span> <span class='ocrx_word' id='word_1_418' title='bbox 481 3833 603 3909; x_wconf 86' lang='lat' dir='ltr'><strong>scribit,</strong></span> <span class='ocrx_word' id='word_1_419' title='bbox 625 3832 704 3914; x_wconf 89' lang='lat' dir='ltr'><strong>quod</strong></span> <span class='ocrx_word' id='word_1_420' title='bbox 725 3833 839 3898; x_wconf 89' lang='lat' dir='ltr'><strong>vidisse</strong></span> <span class='ocrx_word' id='word_1_421' title='bbox 863 3833 1003 3896; x_wconf 82' lang='lat' dir='ltr'><strong>realium</strong></span> <span class='ocrx_word' id='word_1_422' title='bbox 1025 3840 1058 3896; x_wconf 90' lang='lat' dir='ltr'><strong>et</strong></span> <span class='ocrx_word' id='word_1_423' title='bbox 1073 3833 1236 3914; x_wconf 88' lang='lat' dir='ltr'><strong>agnovisse</strong></span> <span class='ocrx_word' id='word_1_424' title='bbox 1259 3831 1295 3896; x_wconf 89' lang='lat' dir='ltr'><strong>de</strong></span> <span class='ocrx_word' id='word_1_425' title='bbox 1318 3841 1408 3897; x_wconf 87' lang='lat' dir='ltr'><strong>nocte</strong></span> <span class='ocrx_word' id='word_1_426' title='bbox 1432 3836 1473 3898; x_wconf 90' lang='lat' dir='ltr'><strong>ad</strong></span> <span class='ocrx_word' id='word_1_427' title='bbox 1488 3836 1587 3900; x_wconf 86' lang='lat' dir='ltr'><strong>lumen</strong></span> 
     </span>
     <span class='ocr_line' id='line_1_41' title="bbox 240 3922 1589 4006; baseline -0.001 -19"><span class='ocrx_word' id='word_1_428' title='bbox 240 3923 347 3987; x_wconf 84' lang='lat' dir='ltr'><strong>Lunae</strong></span> <span class='ocrx_word' id='word_1_429' title='bbox 363 3923 504 3998; x_wconf 81' lang='lat' dir='ltr'><strong>dixisset,</strong></span> <span class='ocrx_word' id='word_1_430' title='bbox 527 3923 635 4006; x_wconf 88' lang='lat' dir='ltr'><strong>quippe</strong></span> <span class='ocrx_word' id='word_1_431' title='bbox 658 3929 748 3986; x_wconf 88' lang='lat' dir='ltr'><strong>nocte</strong></span> <span class='ocrx_word' id='word_1_432' title='bbox 770 3922 941 3986; x_wconf 89' lang='lat' dir='ltr'><strong>numeniam</strong></span> <span class='ocrx_word' id='word_1_433' title='bbox 956 3930 1063 3986; x_wconf 87' lang='lat' dir='ltr'><strong>secuta</strong></span> <span class='ocrx_word' id='word_1_434' title='bbox 1084 3941 1121 3985; x_wconf 87' lang='lat' dir='ltr'><strong>ac</strong></span> <span class='ocrx_word' id='word_1_435' title='bbox 1142 3927 1307 4002; x_wconf 88' lang='lat' dir='ltr'><strong>propterea</strong></span> <span class='ocrx_word' id='word_1_436' title='bbox 1324 3922 1418 3987; x_wconf 88' lang='lat' dir='ltr'><strong>illuni.</strong></span> <span class='ocrx_word' id='word_1_437' title='bbox 1462 3925 1514 3988; x_wconf 89' lang='lat' dir='ltr'><strong>Ab</strong></span> <span class='ocrx_word' id='word_1_438' title='bbox 1529 3925 1589 3990; x_wconf 81' lang='lat' dir='ltr'><strong>hoc</strong></span> 
     </span>
     <span class='ocr_line' id='line_1_42' title="bbox 240 4008 1589 4095; baseline 0.001 -19"><span class='ocrx_word' id='word_1_439' title='bbox 240 4013 307 4076; x_wconf 90' lang='lat' dir='ltr'><strong>loco</strong></span> <span class='ocrx_word' id='word_1_440' title='bbox 323 4011 470 4076; x_wconf 86' lang='lat' dir='ltr'><strong>Petavius</strong></span> <span class='ocrx_word' id='word_1_441' title='bbox 493 4031 560 4076; x_wconf 89' lang='lat' dir='ltr'><strong>oum</strong></span> <span class='ocrx_word' id='word_1_442' title='bbox 576 4010 765 4093; x_wconf 87' lang='lat' dir='ltr'><strong>Scaligerum</strong></span> <span class='ocrx_word' id='word_1_443' title='bbox 780 4011 948 4095; x_wconf 89' lang='lat' dir='ltr'><strong>depulisset</strong></span> <span class='ocrx_word' id='word_1_444' title='bbox 967 4011 1075 4074; x_wconf 89' lang='lat' dir='ltr'><strong>merito</strong></span> <span class='ocrx_word' id='word_1_445' title='bbox 1092 4031 1160 4085; x_wconf 89' lang='lat' dir='ltr'><strong>suo,</strong></span> <span class='ocrx_word' id='word_1_446' title='bbox 1181 4009 1282 4091; x_wconf 90' lang='lat' dir='ltr'><strong>utqui</strong></span> <span class='ocrx_word' id='word_1_447' title='bbox 1298 4030 1332 4074; x_wconf 90' lang='lat' dir='ltr'><strong>se</strong></span> <span class='ocrx_word' id='word_1_448' title='bbox 1348 4008 1516 4076; x_wconf 84' lang='lat' dir='ltr'><strong>deridiculo</strong></span> <span class='ocrx_word' id='word_1_449' title='bbox 1531 4033 1589 4076; x_wconf 83' lang='lat' dir='ltr'><strong>ex-</strong></span> 
     </span>
     <span class='ocr_line' id='line_1_43' title="bbox 238 4099 1590 4185; baseline 0.002 -21"><span class='ocrx_word' id='word_1_450' title='bbox 238 4101 402 4185; x_wconf 84' lang='lat' dir='ltr'><strong>posuisset,</strong></span> <span class='ocrx_word' id='word_1_451' title='bbox 419 4100 485 4182; x_wconf 86' lang='lat' dir='ltr'><strong>jam</strong></span> <span class='ocrx_word' id='word_1_452' title='bbox 499 4101 572 4164; x_wconf 88' lang='lat' dir='ltr'><strong>mihi</strong></span> <span class='ocrx_word' id='word_1_453' title='bbox 587 4101 731 4176; x_wconf 86' lang='lat' dir='ltr'><strong>imminet,</strong></span> <span class='ocrx_word' id='word_1_454' title='bbox 752 4109 848 4176; x_wconf 90' lang='lat' dir='ltr'><strong>ratus,</strong></span> <span class='ocrx_word' id='word_1_455' title='bbox 871 4119 903 4163; x_wconf 90' lang='lat' dir='ltr'><strong>se</strong></span> <span class='ocrx_word' id='word_1_456' title='bbox 920 4119 959 4164; x_wconf 86' lang='lat' dir='ltr'><strong>ex</strong></span> <span class='ocrx_word' id='word_1_457' title='bbox 974 4119 1009 4164; x_wconf 89' lang='lat' dir='ltr'><strong>eo</strong></span> <span class='ocrx_word' id='word_1_458' title='bbox 1025 4100 1091 4164; x_wconf 86' lang='lat' dir='ltr'><strong>loco</strong></span> <span class='ocrx_word' id='word_1_459' title='bbox 1107 4099 1264 4181; x_wconf 86' lang='lat' dir='ltr'><strong>probasse,</strong></span> <span class='ocrx_word' id='word_1_460' title='bbox 1284 4119 1402 4164; x_wconf 89' lang='lat' dir='ltr'><strong>omnem</strong></span> <span class='ocrx_word' id='word_1_461' title='bbox 1417 4103 1590 4168; x_wconf 79' lang='lat' dir='ltr'><strong>numeriam</strong></span> 
     </span>
    </p>
   </div>
   <div class='ocr_carea' id='block_1_5' title="bbox 124 4188 1588 4272">
    <p class='ocr_par' dir='ltr' id='par_1_7' title="bbox 124 4188 1588 4272">
     <span class='ocr_line' id='line_1_44' title="bbox 124 4188 1588 4272; baseline -0.002 -14"><span class='ocrx_word' id='word_1_462' title='bbox 124 4251 127 4258; x_wconf 91' lang='lat'>.</span> <span class='ocrx_word' id='word_1_463' title='bbox 240 4191 414 4256; x_wconf 81' lang='lat' dir='ltr'><strong>Calendarii</strong></span> <span class='ocrx_word' id='word_1_464' title='bbox 430 4189 542 4255; x_wconf 82' lang='lat' dir='ltr'><strong>Graeci</strong></span> <span class='ocrx_word' id='word_1_465' title='bbox 564 4207 674 4254; x_wconf 87' lang='lat' dir='ltr'><strong>novam</strong></span> <span class='ocrx_word' id='word_1_466' title='bbox 695 4190 788 4253; x_wconf 90' lang='lat' dir='ltr'><strong>etiam</strong></span> <span class='ocrx_word' id='word_1_467' title='bbox 808 4189 841 4253; x_wconf 92' lang='lat' dir='ltr'><strong>in</strong></span> <span class='ocrx_word' id='word_1_468' title='bbox 862 4189 947 4252; x_wconf 88' lang='lat' dir='ltr'><strong>coelo</strong></span> <span class='ocrx_word' id='word_1_469' title='bbox 962 4189 1080 4252; x_wconf 83' lang='lat' dir='ltr'><strong>Lunam</strong></span> <span class='ocrx_word' id='word_1_470' title='bbox 1103 4188 1262 4265; x_wconf 88' lang='lat' dir='ltr'><strong>habuisse,</strong></span> <span class='ocrx_word' id='word_1_471' title='bbox 1284 4189 1317 4252; x_wconf 92' lang='lat' dir='ltr'><strong>id</strong></span> <span class='ocrx_word' id='word_1_472' title='bbox 1332 4191 1412 4272; x_wconf 88' lang='lat' dir='ltr'><strong>quod</strong></span> <span class='ocrx_word' id='word_1_473' title='bbox 1434 4192 1588 4255; x_wconf 86' lang='lat' dir='ltr'><strong>ordinatio</strong></span> 
     </span>
    </p>
   </div>
   <div class='ocr_carea' id='block_1_6' title="bbox 238 4271 1599 4896">
    <p class='ocr_par' dir='ltr' id='par_1_8' title="bbox 238 4271 1599 4718">
     <span class='ocr_line' id='line_1_45' title="bbox 238 4271 1589 4362; baseline 0.001 -18"><span class='ocrx_word' id='word_1_474' title='bbox 238 4271 408 4362; x_wconf 87' lang='lat' dir='ltr'><strong>temporum</strong></span> <span class='ocrx_word' id='word_1_475' title='bbox 422 4287 512 4342; x_wconf 90' lang='lat' dir='ltr'><strong>vetus</strong></span> <span class='ocrx_word' id='word_1_476' title='bbox 526 4280 667 4342; x_wconf 86' lang='lat' dir='ltr'><strong>Romana</strong></span> <span class='ocrx_word' id='word_1_477' title='bbox 682 4298 742 4342; x_wconf 90' lang='lat' dir='ltr'><strong>non</strong></span> <span class='ocrx_word' id='word_1_478' title='bbox 756 4278 882 4360; x_wconf 84' lang='lat' dir='ltr'><strong>patitur.</strong></span> <span class='ocrx_word' id='word_1_479' title='bbox 911 4277 979 4359; x_wconf 81' lang='lat' dir='ltr'><strong>Ego</strong></span> <span class='ocrx_word' id='word_1_480' title='bbox 994 4297 1067 4342; x_wconf 85' lang='lat' dir='ltr'><strong>vero</strong></span> <span class='ocrx_word' id='word_1_481' title='bbox 1083 4279 1143 4342; x_wconf 86' lang='lat' dir='ltr'><strong>etsi</strong></span> <span class='ocrx_word' id='word_1_482' title='bbox 1158 4278 1247 4342; x_wconf 85' lang='lat' dir='ltr'><strong>facile</strong></span> <span class='ocrx_word' id='word_1_483' title='bbox 1261 4278 1294 4340; x_wconf 94' lang='lat' dir='ltr'><strong>id</strong></span> <span class='ocrx_word' id='word_1_484' title='bbox 1310 4281 1462 4355; x_wconf 88' lang='lat' dir='ltr'><strong>concedo,</strong></span> <span class='ocrx_word' id='word_1_485' title='bbox 1483 4299 1589 4346; x_wconf 89' lang='lat' dir='ltr'><strong>verum</strong></span> 
     </span>
     <span class='ocr_line' id='line_1_46' title="bbox 238 4365 1599 4451; baseline -0.003 -15"><span class='ocrx_word' id='word_1_486' title='bbox 238 4371 297 4436; x_wconf 87' lang='lat' dir='ltr'><strong>hoc</strong></span> <span class='ocrx_word' id='word_1_487' title='bbox 313 4385 382 4434; x_wconf 91' lang='lat' dir='ltr'><strong>esse</strong></span> <span class='ocrx_word' id='word_1_488' title='bbox 398 4368 436 4431; x_wconf 92' lang='lat' dir='ltr'><strong>de</strong></span> <span class='ocrx_word' id='word_1_489' title='bbox 452 4368 637 4451; x_wconf 87' lang='lat' dir='ltr'><strong>temporibus</strong></span> <span class='ocrx_word' id='word_1_490' title='bbox 651 4367 886 4449; x_wconf 89' lang='lat' dir='ltr'><strong>posterioribus,</strong></span> <span class='ocrx_word' id='word_1_491' title='bbox 907 4375 1069 4450; x_wconf 87' lang='lat' dir='ltr'><strong>postquam</strong></span> <span class='ocrx_word' id='word_1_492' title='bbox 1091 4366 1296 4430; x_wconf 76' lang='lat' dir='ltr'><strong>ootatterides</strong></span> <span class='ocrx_word' id='word_1_493' title='bbox 1312 4368 1365 4432; x_wconf 82' lang='lat' dir='ltr'><strong>dra</strong></span> <span class='ocrx_word' id='word_1_494' title='bbox 1385 4371 1418 4434; x_wconf 93' lang='lat' dir='ltr'><strong>in</strong></span> <span class='ocrx_word' id='word_1_495' title='bbox 1432 4389 1523 4434; x_wconf 89' lang='lat' dir='ltr'><strong>usum</strong></span> <span class='ocrx_word' id='word_1_496' title='bbox 1537 4365 1599 4434; x_wconf 90' lang='lat' dir='ltr'><strong>re-&#39;</strong></span> 
     </span>
     <span class='ocr_line' id='line_1_47' title="bbox 240 4455 1588 4541; baseline 0 -19"><span class='ocrx_word' id='word_1_497' title='bbox 240 4466 358 4541; x_wconf 89' lang='lat' dir='ltr'><strong>ceptae,</strong></span> <span class='ocrx_word' id='word_1_498' title='bbox 382 4457 492 4522; x_wconf 89' lang='lat' dir='ltr'><strong>saltem</strong></span> <span class='ocrx_word' id='word_1_499' title='bbox 508 4479 527 4520; x_wconf 87' lang='lat' dir='ltr'><strong>a</strong></span> <span class='ocrx_word' id='word_1_500' title='bbox 541 4456 787 4537; x_wconf 86' lang='lat' dir='ltr'><strong>magistratibus,</strong></span> <span class='ocrx_word' id='word_1_501' title='bbox 811 4455 891 4537; x_wconf 87' lang='lat' dir='ltr'><strong>apud</strong></span> <span class='ocrx_word' id='word_1_502' title='bbox 907 4477 981 4538; x_wconf 90' lang='lat' dir='ltr'><strong>quos</strong></span> <span class='ocrx_word' id='word_1_503' title='bbox 997 4457 1072 4519; x_wconf 89' lang='lat' dir='ltr'><strong>illud</strong></span> <span class='ocrx_word' id='word_1_504' title='bbox 1082 4455 1227 4537; x_wconf 89' lang='lat' dir='ltr'><strong>judicium</strong></span> <span class='ocrx_word' id='word_1_505' title='bbox 1241 4457 1463 4538; x_wconf 85' lang='lat' dir='ltr'><strong>peragebatur,</strong></span> <span class='ocrx_word' id='word_1_506' title='bbox 1486 4467 1588 4522; x_wconf 83' lang='lat' dir='ltr'><strong>tamen</strong></span> 
     </span>
     <span class='ocr_line' id='line_1_48' title="bbox 240 4544 1589 4630; baseline 0.001 -18"><span class='ocrx_word' id='word_1_507' title='bbox 240 4567 301 4612; x_wconf 89' lang='lat' dir='ltr'><strong>uon</strong></span> <span class='ocrx_word' id='word_1_508' title='bbox 317 4567 392 4630; x_wconf 88' lang='lat' dir='ltr'><strong>opus</strong></span> <span class='ocrx_word' id='word_1_509' title='bbox 407 4546 506 4610; x_wconf 88' lang='lat' dir='ltr'><strong>habeo</strong></span> <span class='ocrx_word' id='word_1_510' title='bbox 529 4546 638 4626; x_wconf 85' lang='lat' dir='ltr'><strong>effugio</strong></span> <span class='ocrx_word' id='word_1_511' title='bbox 653 4546 723 4608; x_wconf 91' lang='lat' dir='ltr'><strong>isto.</strong></span> <span class='ocrx_word' id='word_1_512' title='bbox 759 4545 971 4627; x_wconf 88' lang='lat' dir='ltr'><strong>Repraesento</strong></span> <span class='ocrx_word' id='word_1_513' title='bbox 995 4545 1075 4608; x_wconf 91' lang='lat' dir='ltr'><strong>enim</strong></span> <span class='ocrx_word' id='word_1_514' title='bbox 1089 4545 1146 4607; x_wconf 87' lang='lat' dir='ltr'><strong>has</strong></span> <span class='ocrx_word' id='word_1_515' title='bbox 1167 4544 1414 4610; x_wconf 85' lang='lat' dir='ltr'><strong>circumstantias</strong></span> <span class='ocrx_word' id='word_1_516' title='bbox 1436 4549 1589 4612; x_wconf 89' lang='lat' dir='ltr'><strong>coelestes</strong></span> 
     </span>
     <span class='ocr_line' id='line_1_49' title="bbox 241 4633 886 4718; baseline -0.009 -16"><span class='ocrx_word' id='word_1_517' title='bbox 241 4637 334 4702; x_wconf 84' lang='lat' dir='ltr'><strong>etiam</strong></span> <span class='ocrx_word' id='word_1_518' title='bbox 349 4637 380 4700; x_wconf 90' lang='lat' dir='ltr'><strong>in</strong></span> <span class='ocrx_word' id='word_1_519' title='bbox 396 4642 471 4718; x_wconf 89' lang='lat' dir='ltr'><strong>typo</strong></span> <span class='ocrx_word' id='word_1_520' title='bbox 486 4654 552 4698; x_wconf 90' lang='lat' dir='ltr'><strong>meo</strong></span> <span class='ocrx_word' id='word_1_521' title='bbox 570 4633 640 4698; x_wconf 87' lang='lat' dir='ltr'><strong>anni</strong></span> <span class='ocrx_word' id='word_1_522' title='bbox 655 4634 755 4698; x_wconf 88' lang='lat' dir='ltr'><strong>Attici</strong></span> <span class='ocrx_word' id='word_1_523' title='bbox 772 4635 886 4698; x_wconf 89' lang='lat' dir='ltr'><strong>crebro.</strong></span> 
     </span>
    </p>

    <p class='ocr_par' dir='ltr' id='par_1_9' title="bbox 241 4721 1590 4896">
     <span class='ocr_line' id='line_1_50' title="bbox 329 4721 1590 4808; baseline 0 -19"><span class='ocrx_word' id='word_1_524' title='bbox 329 4723 415 4790; x_wconf 86' lang='lat' dir='ltr'><strong>Loca</strong></span> <span class='ocrx_word' id='word_1_525' title='bbox 429 4721 586 4788; x_wconf 86' lang='lat' dir='ltr'><strong>Plutarchi</strong></span> <span class='ocrx_word' id='word_1_526' title='bbox 601 4723 676 4787; x_wconf 91' lang='lat' dir='ltr'><strong>nihil</strong></span> <span class='ocrx_word' id='word_1_527' title='bbox 690 4722 762 4786; x_wconf 87' lang='lat' dir='ltr'><strong>mibi</strong></span> <span class='ocrx_word' id='word_1_528' title='bbox 778 4723 929 4799; x_wconf 86' lang='lat' dir='ltr'><strong>officiunt,</strong></span> <span class='ocrx_word' id='word_1_529' title='bbox 952 4722 1072 4786; x_wconf 86' lang='lat' dir='ltr'><strong>etiamsi</strong></span> <span class='ocrx_word' id='word_1_530' title='bbox 1087 4741 1247 4804; x_wconf 85' lang='lat' dir='ltr'><strong>perperam</strong></span> <span class='ocrx_word' id='word_1_531' title='bbox 1266 4745 1285 4787; x_wconf 84' lang='lat' dir='ltr'><strong>a</strong></span> <span class='ocrx_word' id='word_1_532' title='bbox 1301 4723 1461 4808; x_wconf 84' lang='lat' dir='ltr'><strong>Scaligero</strong></span> <span class='ocrx_word' id='word_1_533' title='bbox 1476 4727 1590 4791; x_wconf 82' lang='lat' dir='ltr'><strong>inerint</strong></span> 
     </span>
     <span class='ocr_line' id='line_1_51' title="bbox 241 4811 1587 4896; baseline 0.003 -20"><span class='ocrx_word' id='word_1_534' title='bbox 241 4811 374 4878; x_wconf 86' lang='lat' dir='ltr'><strong>adducta</strong></span> <span class='ocrx_word' id='word_1_535' title='bbox 389 4821 422 4877; x_wconf 87' lang='lat' dir='ltr'><strong>et</strong></span> <span class='ocrx_word' id='word_1_536' title='bbox 435 4811 581 4877; x_wconf 87' lang='lat' dir='ltr'><strong>mendosa</strong></span> <span class='ocrx_word' id='word_1_537' title='bbox 596 4812 638 4876; x_wconf 89' lang='lat' dir='ltr'><strong>sit</strong></span> <span class='ocrx_word' id='word_1_538' title='bbox 652 4811 822 4887; x_wconf 81' lang='lat' dir='ltr'><strong>distinctio,</strong></span> <span class='ocrx_word' id='word_1_539' title='bbox 843 4811 924 4896; x_wconf 88' lang='lat' dir='ltr'><strong>quod</strong></span> <span class='ocrx_word' id='word_1_540' title='bbox 939 4819 972 4875; x_wconf 89' lang='lat' dir='ltr'><strong>et</strong></span> <span class='ocrx_word' id='word_1_541' title='bbox 991 4812 1056 4894; x_wconf 90' lang='lat' dir='ltr'><strong>ipse</strong></span> <span class='ocrx_word' id='word_1_542' title='bbox 1073 4819 1145 4876; x_wconf 88' lang='lat' dir='ltr'><strong>ante</strong></span> <span class='ocrx_word' id='word_1_543' title='bbox 1161 4813 1273 4876; x_wconf 90' lang='lat' dir='ltr'><strong>multos</strong></span> <span class='ocrx_word' id='word_1_544' title='bbox 1288 4833 1386 4879; x_wconf 88' lang='lat' dir='ltr'><strong>annos</strong></span> <span class='ocrx_word' id='word_1_545' title='bbox 1402 4824 1587 4882; x_wconf 82' lang='lat' dir='ltr'><strong>notaveram</strong></span> 
     </span>
    </p>
   </div>
   <div class='ocr_carea' id='block_1_7' title="bbox 0 0 1710 5538">
    <p class='ocr_par' dir='ltr' id='par_1_10' title="bbox 0 0 1710 5538">
     <span class='ocr_line' id='line_1_52' title="bbox 0 0 1710 5538; baseline 0 0"><span class='ocrx_word' id='word_1_546' title='bbox 0 0 1710 5538; x_wconf 95' lang='lat' dir='ltr'><strong> </strong></span> 
     </span>
    </p>
   </div>
  </div>
 </body>
</html>
