3412 5538
662 322 996 392 tbronologlalndaeorum.
1439 307 1502 376 139

153 458 224 524 llsse
237 465 375 546 utroque
392 468 515 531 nomine
531 467 667 544 eundem,
681 488 742 532 non
758 473 878 551 tempus
887 464 1008 532 tantum
1022 477 1055 532 et
1068 469 1154 533 locus
1169 469 1314 546 indicant,
1330 471 1384 533 sed
1393 489 1502 534 nomen

97 573 102 580 ·
156 550 242 613 etiam
256 551 340 616 idem
354 558 468 639 patris.
499 556 578 630 Quid
595 559 674 620 enim
690 565 739 621 est
754 559 835 622 aliud
849 559 1009 624 Ahsnerus
1024 561 1073 622 vel
1084 558 1223 642 Oxyares
1239 555 1390 642 (Diodoro
1399 561 1501 642 Asty-

154 633 267 722 tuas),
284 661 378 725 quarn
394 647 570 730 munros,
593 648 619 710 si
635 647 845 712 difficultatem
860 648 1015 730 respicias,
1029 650 1178 712 vocabula
1196 649 1358 712 barbarica
1374 648 1503 728 Graecis

153 729 247 793 literis
263 737 298 793 et
312 731 421 818 lingua
437 737 631 819 exprimendi.
654 737 760 814 Vides,
776 745 890 820 quanta
902 739 1040 801 varietas
1054 739 1085 801 in
1095 739 1206 802 ceteris
1221 737 1388 802 barbaricis
1403 739 1506 800 nomia

152 817 237 883 nibus
252 820 345 886 insit:
369 845 441 888 nam
457 828 523 908 quis
538 846 593 909 pro
615 827 722 889 iisdem
739 833 920 908 agnosceret
933 827 1203 892 Evilmerodaohus
1225 836 1258 891 et
1277 828 1502 904 Moarudamus‚

152 909 229 992 quod
244 917 353 978 tamen
369 915 400 978 in
417 916 538 979 dubium
552 916 634 979 trahi
648 935 709 980 non
725 917 825 980 debet.
859 949 868 962 ·
1147 985 1150 991 ,
1586 905 1591 918 ’

160 1051 165 1062 .
237 1000 376 1068 InDarli
391 1023 463 1068 vero
480 1012 512 1068 et
520 1005 670 1088 Astyagis
679 1005 849 1070 no'minibus
867 1005 1062 1070 conciliandis
1072 1013 1145 1088 peto
1154 1005 1227 1068 mihi
1244 1005 1408 1070 condonari
1423 1007 1504 1069 hanc

150 1088 314 1170 ineptiam,
350 1095 470 1176 qnando
500 1095 651 1176 sapientia
678 1115 750 1159 non.
769 1096 912 1177 suppetit.
971 1095 1147 1159 Herodotus
1180 1095 1360 1159 vocabulum
1389 1097 1503 1160 Darius

150 1177 374 1260 interpretatur
392 1183 511 1247 Graece
526 1181 653 1264 ἑρξειης,
675 1207 695 1248 a
709 1185 888 1268 premendo,
911 1186 1068 1266 sepiendo,
1090 1183 1269 1260 obsidendo,
1291 1203 1328 1246 ac
1344 1185 1370 1247 si
1385 1183 1504 1248 diceret
1525 1235 1529 1266 ,
1591 1203 1595 1228 ·

149 1269 356 1351 rohaennam.
386 1271 468 1345 Quid
483 1273 508 1337 si
518 1274 686 1338 Graeculus
703 1275 780 1338 alius
794 1275 875 1338 idem
889 1275 1068 1338 vocabulum
1079 1273 1192 1338 Darius
1208 1273 1367 1338 transtulit
1383 1272 1502 1337 Graec'e

146 1354 316 1439 'Amilo
331 1363 412 1444 qnod
427 1371 477 1426 est
490 1364 606 1427 urbium
623 1365 796 1428 destructor
811 1371 843 1426 et
859 1365 1003 1426 eversor?

238 1447 388 1532 Suppetit
403 1460 436 1514 et
452 1459 659 1534 argumentum
669 1455 708 1517 ab
724 1453 908 1518 auctoritate
919 1473 1016 1528 sacra,
1032 1451 1320 1516 eundemhominem
1330 1471 1397 1515 esse
1412 1459 1501 1515 utro-

149 1555 205 1618 que
229 1540 352 1603 uomine
374 1542 487 1605 Darius
510 1549 542 1605 et
562 1544 735 1625 Astyages3
765 1544 878 1605 etenim
899 1543 930 1605 in
944 1544 1124 1624 fragmento
1148 1541 1269 1606 Graeco
1292 1541 1502 1605 vetustissimo

147 1627 227 1688 Dan.
254 1627 306 1704 13,
330 1629 382 1694 65.
404 1631 432 1692 is
454 1632 577 1714 qnifuit
590 1639 770 1696 antecessor
785 1631 859 1714 Cyri
880 1627 966 1713 (erat
987 1638 1089 1694 antem
1103 1632 1217 1694 Darius
1232 1625 1358 1712 Medus)
1382 1631 1501 1694 omnino

147 1722 280 1780 vocatur
293 1718 462 1803 Astyages.
499 1721 569 1800 Nec¹
581 1730 668 1785 aetas
683 1729 844 1804 repugnat.
881 1723 962 1785 Nam
978 1722 1004 1785 si
1018 1721 1131 1784 Darius
1147 1729 1239 1784 natus
1260 1741 1356 1784 annus
1372 1720 1415 1784 62
1431 1741 1502 1783 suc-

148 1806 246 1868 cessit
261 1808 299 1870 'in
324 1827 451 1891 regnum
473 1809 696 1874 Chaldaeorum
719 1831 774 1893 per
788 1811 897 1874 Asiam
919 1830 998 1874 anno
1020 1810 1139 1874 Nabon.
1164 1805 1235 1881 170.
1257 1805 1350 1892 (Dan.
1375 1807 1410 1885 5,
1433 1803 1505 1890 32),

147 1903 240 1958 natus
266 1903 317 1960 est
336 1899 431 1979 igitur
453 1919 532 1962 anno
557 1899 619 1964 108
625 1919 635 1978 ;
659 1901 744 1982 atqui
765 1922 792 1963 a.
811 1899 882 1963 116.
892 1888 988 1982 'pater
1003 1899 1153 1982 Astyagis
1170 1899 1328 1982 cyaxares
1352 1899 1501 1982 imperare

147 1986 261 2066 coepit,
276 2005 335 2049 nec
350 1989 513 2052 absurdum
529 1995 593 2066 est,
615 1989 698 2053 illum
713 1989 800 2052 initio
820 1989 907 2070 regni
926 1990 1040 2052 habere
1059 1989 1151 2052 dlium
1172 1997 1341 2052 octennem.
1373 1985 1454 2060 Quin
1468 1994 1503 2051 et

147 2075 326 2139 necessaria
340 2077 384 2140 illi
399 2079 589 2164 haecaetas,
606 2080 631 2164 si
646 2099 723 2164 vera
735 2079 841 2142 scribit
855 2078 1040 2154 Herodotus,
1061 2078 1174 2162 Cyrum
1190 2097 1258 2142 esse
1274 2078 1338 2160 ejus
1355 2097 1394 2142 ex
1408 2079 1502 2141 Man-

147 2163 226 2226 dane
242 2165 307 2228 lilia
319 2173 472 2248 nepotem.
503 2167 602 2250 Cyrus
618 2168 696 2231 enim
710 2174 774 2231 nat.
789 2168 908 2233 Nabon.
926 2168 998 2232 148.

234 2255 257 2319 J
258 2257 405 2337 caephum
420 2257 494 2320 nrlril
508 2275 617 2333 moror,
633 2259 683 2340 qui
698 2263 796 2320 totam
812 2257 1001 2339 captivitatis
1009 2257 1178 2332 historiam,
1193 2257 1369 2338 prodigiosa
1378 2256 1499 2320 Rabbi-

145 2361 269 2420 norum,
291 2346 343 2426 qni
360 2344 477 2410 Christi
491 2348 678 2429 temporibus
694 2355 726 2409 et
740 2348 831 2430 paulo
848 2354 941 2409 antea
955 2347 1110 2421 vixerunt,
1133 2346 1262 2409 andacia
1276 2346 1360 2408 varie
1374 2363 1503 2426 perver-

145 2450 229 2508 sam,
252 2433 374 2496 illorum
388 2435 448 2498 dde
464 2457 483 2499 a
499 2436 605 2519 quibus
622 2437 742 2518 accepit
755 2437 878 2510 retulit,
899 2437 966 2518 ipse
982 2455 1015 2498 se
1030 2436 1129 2518 ipsum
1145 2435 1340 2516 redarguens,
1356 2434 1500 2514 allegatis

145 2523 386 2587 auctoritatibus
400 2525 510 2588 Berosi
526 2532 558 2589 et
574 2525 762 2589 Graecorum
777 2525 872 2588 multo
887 2525 1070 2588 melioribus.
1101 2524 1229 2587 Darium
1252 2525 1331 2587 hunc
1347 2523 1422 2586 facit
1437 2543 1498 2586 uon

143 2609 330 2694 Astyagem,
347 2615 401 2676 sed
416 2615 567 2698 Astyagis
582 2615 683 2691 dlium,
698 2623 731 2678 et
746 2633 823 2696 quac
838 2614 950 2678 Daniel
966 2615 1022 2677 snb
1036 2614 1131 2676 Dario
1147 2613 1225 2676 vidit
1240 2628 1375 2696 quaeque
1390 2630 1503 2693 passus

144 2707 204 2776 est,
219 2709 256 2763 nt
272 2709 306 2764 et
321 2702 395 2785 Gyri
410 2704 529 2767 initium
545 2706 584 2768 sd
599 2707 689 2767 linem
704 2703 894 2784 captivitatis
911 2703 1128 2778 accommodat,
1142 2701 1358 2766 Baltbasarem
1374 2701 1502 2764 eundem

144 2789 222 2854 lacit
237 2809 307 2854 cum
321 2793 519 2857 Nebounido:
544 2795 671 2876 denique
686 2795 835 2857 neminem
849 2794 945 2857 bnbct
959 2812 998 2857 ex
1013 2792 1216 2874 chronologis,
1239 2792 1288 2875 qui
1304 2811 1372 2854 eum
1388 2809 1500 2873 sequa-

143 2887 204 2957 tur,
218 2889 258 2943 ut
272 2881 324 2963 qni
340 2903 359 2944 a
374 2903 408 2945 se
423 2883 491 2968 ipso
508 2884 662 2947 dissentit.

234 2969 297 3034 An.
312 2972 391 3035 Nab.
408 2971 481 3036 191.
505 2965 595 3055 (lapt.
611 2972 662 3037 50.
692 2974 771 3037 Dan.
789 2973 839 3047 10,
857 2971 906 3046 11,
925 2972 979 3047 12,
1000 2977 1141 3034 numerat
1156 2986 1253 3034 annos
1268 2968 1342 3053 Gyri
1357 2969 1500 3032 Persicos

143 3060 194 3122 vel
215 3060 372 3231 Medicus:
404 3069 437 3124 et
457 3063 517 3126 boc
540 3083 619 3125 anno
642 3063 691 3128 die
715 3061 772 3124 24.Ι
785 3062 899 3125 mensis
920 3062 1008 3142 primi
1031 3061 1089 3123 luit
1111 3061 1203 3144 juxta
1224 3060 1347 3123 duviani
1366 3058 1500 3122 Hidelsel

143 3145 159 3232 (
199 3165 316 3302 gullibb.
333 3240 406 3302 211.
431 3239 521 3321 Gapt.
539 3234 591 3304 70.
614 3259 641 3301 a.
657 3238 729 3304 chr.
749 3233 822 3303 537.
858 3239 990 3302 Raditur
1011 3239 1212 3314 Judaeurnm,
1235 3259 1254 3300 a
1275 3257 1334 3320 quo
1355 3236 1500 3322 deinceps

144 3347 252 3391 acram
274 3329 431 3392 deducam.
469 3329 573 3411 Gomp.
595 3329 619 3392 I.
634 3329 707 3392 Esd.
731 3331 760 3404 2,
776 3329 815 3391 11
830 3323 940 3393 bladi
964 3335 997 3390 et
1018 3328 1081 3390 iere
1104 3329 1159 3390 III.
1174 3327 1248 3390 Esd
1271 3326 1300 3390 5.
1342 3325 1500 3408 Repetitio

143 3419 176 3480 in
198 3417 278 3481 libro
300 3419 340 3482 Π.
363 3438 458 3482 cansa
479 3417 717 3483 continuationis
739 3417 865 3494 nimiae,
891 3423 965 3500 post
988 3418 1173 3480 confusionis
1199 3423 1232 3487 et
1256 3417 1300 3479 sic
1325 3415 1500 3496 transposi-

145 3507 249 3570 tionis.
1162 3517 1165 3527 '

235 3597 348 3660 Judaei
361 3616 419 3679 per
434 3604 585 3660 aestatem
606 3597 722 3660 reversi
744 3595 862 3678 patrias
878 3615 950 3659 snas
965 3594 1135 3658 inviserant
1157 3600 1190 3656 et
1211 3601 1400 3676 occuparunt
1415 3589 1456 3676 (1,
1471 3595 1501 3657 2.

145 3705 173 3749 r.
189 3673 247 3762 76,
263 3683 304 3762 Π,
319 3681 349 3751 7.
365 3699 393 3748 ι’.
409 3681 544 3762 73,Π1,
560 3687 590 3748 5.
606 3703 633 3748 v.
650 3679 719 3768 67).
753 3687 861 3748 Mense
878 3679 907 3750 7.
923 3684 1119 3765 congregatis
1133 3683 1260 3748 Judaeis
1275 3685 1305 3746 in
1320 3683 1502 3759 Jerusalem,

148 3775 323 3839 Zorobabcl
345 3783 379 3838 et
392 3776 488 3839 Jesna
504 3783 626 3838 struunt
642 3775 740 3839 altare
763 3769 807 3854 (Ι,
823 3775 853 3838 3.
867 3794 895 3836 v.
913 3769 950 3855 2)
966 3774 1098 3837 nundum
1113 3774 1239 3837 lundato
1255 3773 1370 3854 templo
1387 3767 1430 3854 (v.
1446 3767 1484 3854 6)
1490 3789 1500 3847 3

147 3865 254 3927 endem
270 3866 330 3940 III,
347 3866 377 3927 5.
392 3885 421 3927 v.
437 3865 488 3928 68.
525 3865 596 3928 Jam
616 3864 710 3927 etiam
728 3863 847 3926 initium
861 3864 905 3939 Π,
924 3863 955 3926 8.
969 3883 997 3925 v.
1017 3865 1043 3926 l.
1075 3861 1156 3926 Cum
1174 3871 1276 3926 autern
1297 3863 1341 3938 H,
1357 3856 1378 3926 7
1395 3868 1502 3925 essent

149 3955 251 4036 aliqua
266 3955 437 4036 repetenda
457 3973 495 4016 ex
515 3954 657 4034 catalogo
677 3971 866 4018 reversorum
882 3948 948 4034 (lib.
963 3945 1017 4034 1.),
1036 3951 1149 4033 illaque
1167 3951 1310 4034 repetitio
1327 3959 1410 4014 essct
1424 3970 1500 4033 pro-

150 4051 237 4107 vecta
246 4039 330 4106 ultra
343 4041 498 4107 modulum
502 4043 620 4126 justum
629 4060 723 4124 usque
739 4043 778 4106 ad
793 4044 872 4106 hune
885 4042 1120 4124 paragraphum,
1138 4049 1191 4118 „et
1198 4041 1317 4104 venerit
1325 4041 1438 4105 mensis
1448 4034 1469 4103 7
1473 4039 1501 4116 “,

149 4133 256 4214 quibus
270 4133 375 4196 verbis
390 4133 556 4215 incipiebat
571 4133 665 4195 etiam
681 4132 742 4196 ulia
763 4131 892 4195 historia
906 4132 1059 4213 posterior
1074 4131 1242 4215 antiquitus
1258 4131 1388 4212 scripta,
1408 4131 1499 4211 idque

148 4231 181 4284 ut
195 4229 341 4304 apparet·
352 4221 445 4285 etiam
460 4223 492 4285 in
507 4221 547 4285 Π.
562 4223 636 4286 Esd.
657 4229 732 4303 post
747 4221 843 4303 cap.8
857 4221 962 4297 finem,
977 4221 1081 4284 latabs
1096 4221 1261 4284 infelicitas
1278 4218 1434 4301 scriptoris
1449 4219 1499 4280 hic

144 4311 205 4392 jam
227 4312 363 4376 secundo
385 4312 520 4394 impegit
565 4311 684 4375 Videns
707 4312 801 4387 enim,
824 4312 895 4374 dnm
917 4311 1023 4375 scribit
1045 4317 1136 4392 gesta
1154 4310 1338 4385 Nebemiae,
1361 4327 1394 4370 se
1409 4307 1498 4370 nimis

147 4403 315 4482 proiectum
331 4401 531 4465 exscribendo
547 4421 586 4464 ex
601 4401 698 4482 gestis
713 4401 837 4475 Josuae,
851 4401 948 4464 voluit
962 4401 1076 4465 reverti
1092 4401 1131 4464 ad
1147 4408 1238 4482 gesta
1251 4397 1428 4469 Nehemlae‚
1444 4395 1499 4458 sed

148 4489 183 4554 ab
198 4491 257 4554 boc
278 4491 445 4573 descripsit
467 4491 555 4553 simili
577 4491 664 4554 initio
680 4498 769 4572 gesta
783 4490 915 4564 Esdrae,
938 4491 1053 4554 indens
1076 4491 1153 4565 exI,
1178 4489 1304 4572 Sparte
1320 4484 1498 4568 posteriore,

147 4599 219 4662 quae
232 4579 325 4643 bodie
341 4579 542 4656 desideratur,
558 4599 624 4662 cap.
634 4580 656 4643 8
667 4579 846 4663 posterioris
860 4579 930 4643 llbri
946 4587 979 4642 et
994 4579 1038 4643 sic
1055 4585 1275 4661 cousequenter
1291 4576 1384 4639 etiam
1399 4573 1497 4654 cap.9

146 4677 175 4734 et
190 4673 232 4736 10
248 4669 339 4752 primi
354 4669 426 4734 libri
441 4678 644 4752 transponens
659 4671 691 4732 in
707 4669 878 4732 secundum.
1120 4709 1123 4716 -

225 4759 319 4836 Hine,
334 4767 371 4822 ut
387 4765 420 4822 et
434 4765 559 4841 propter
574 4759 780 4822 dissensiones
795 4757 945 4822 Herodoti
969 4763 1003 4819 st
1018 4755 1144 4822 Ctesias
1161 4755 1349 4820 Graecorum
1366 4749 1447 4814 luter
1463 4771 1496 4816 se

143 4850 170 4914 in
189 4852 284 4916 rebus
306 4848 459 4925 Persicis,
480 4849 620 4912 ellectum
642 4856 706 4925 est,
729 4855 766 4911 nt
784 4863 880 4930 penes
903 4845 1042 4915 ludaeos
1065 4848 1165 4929 ipsos,
1189 4846 1375 4923 interpretes
1396 4840 1497 4922 Lxx,
