3406 5542
582 299 665 365 Caput
675 299 730 352 117.
754 301 1024 354 Aeralncarnatlonir.
1411 284 1473 354 361
1504 373 1505 378 ¹

125 437 225 504 velum
239 439 273 504 in
289 442 405 524 templo
427 448 490 506 tam
506 463 526 506 a
540 443 651 524 populo
667 447 787 506 secreto
803 443 909 508 stabat
929 443 1028 508 altare
1051 447 1092 508 ad
1106 445 1232 510 incensa
1254 447 1431 529 quotidiana
1446 457 1479 512 et
1599 489 1600 496 ,

126 527 164 590 ad
180 530 364 594 sacrificium
380 550 510 596 aunuum
526 532 736 613 expiatorinm
752 541 958 614 comparatum
973 533 1105 608 vid.‚Ex.
1115 536 1167 598 30.
1182 535 1255 598 st.
1268 536 1317 600 16.
1464 554 1473 572 “

212 617 353 683 Ulterius
376 627 409 684 et
429 620 486 683 hoc
509 621 645 684 additum
667 621 739 696 brit,
760 621 911 686 Joannem
927 630 1105 706 conceptum
1128 631 1218 688 nocte
1233 625 1372 708 proxima
1386 634 1476 708 pest-

125 725 214 788 quam
230 715 317 772 esset
332 709 550 786 annunciatus,
561 725 610 774 'ec
626 710 727 776 sinon
743 709 855 776 differri
870 711 1024 792 potuisset
1040 715 1198 794 conceptio
1216 715 1255 777 ad
1274 717 1365 778 linem
1379 716 1476 798 ephe-
1501 773 1504 782 .

124 796 237 860 mariae
260 805 333 880 post
349 797 479 866 reditum
500 800 532 862 in
552 807 701 862 montana
713 799 866 876 Judaeae;
890 819 947 864 nec
963 802 1042 866 enim
1056 803 1218 866 verisimile
1233 812 1298 880 est,
1319 805 1477 886 conjugem

123 885 338 950 Elisabetham
348 887 414 968 jann
430 906 532 952 senem
547 889 657 952 marito
674 889 805 952 muneris
816 909 910 954 causa
924 887 1063 971 profectu
1079 911 1113 961 se
1130 893 1271 956 comitem
1286 893 1475 974 adjunxisse:

124 981 177 1038 ant
193 975 220 1038 si
236 976 409 1040 devotionis
432 997 525 1040 cansa
539 980 679 1059 profecta
695 985 728 1040 et
742 978 811 1058 ipsa
826 980 898 1055 fuit,
920 979 1101 1044 rationabile
1118 982 1309 1046 nihilominus
1325 991 1389 1059 est,
1412 985 1476 1048 Za-

123 1064 261 1128 chariam
281 1065 336 1128 illa
351 1065 534 1131 abstinuisse
558 1068 657 1148 quoad
680 1075 886 1131 reverteretur
908 1069 1035 1132 domum.
1080 1072 1167 1134 Haec
1182 1077 1343 1154 utcumque
1359 1073 1477 1138 infirma

123 1153 185 1216 sint
208 1161 241 1216 et
263 1153 396 1230 inutilia,
418 1156 570 1220 mordiens
591 1163 694 1230 tamen
709 1157 830 1220 fuerunt
845 1166 982 1240 arrepta,
1004 1159 1169 1242 scribitque
1185 1159 1422 1242 chrysostomus
1444 1169 1476 1225 et

121 1242 270 1305 visionem
286 1243 454 1308 Zachariae
477 1252 510 1307 et
525 1245 753 1328 conceptionem
767 1246 896 1310 Joannis
916 1248 1031 1312 iactam
1051 1244 1103 1313 27.
1118 1249 1309 1331 Septembris
1330 1250 1419 1314 Luna
1434 1251 1476 1326 X,

121 1331 318 1396 nativitatem
331 1333 460 1396 Joannis
483 1335 535 1398 25.
550 1332 634 1398 Junii
649 1335 737 1398 Luna
751 1335 829 1411 XV;
853 1337 938 1416 cnjus
961 1357 1150 1420 consequens
1172 1347 1235 1414 est,
1257 1346 1292 1401 nt
1307 1339 1400 1402 etiem
1425 1341 1476 1402 25.

121 1421 228 1484 Martii
243 1422 441 1486 intermedius
457 1423 499 1486 sit
512 1423 601 1488 Luna
615 1425 695 1488 XIV
700 1471 709 1498 ,
732 1423 811 1506 quod
824 1425 912 1489 Beda
928 1427 981 1490 511
1010 1428 1099 1491 Η555
1115 1428 1295 1504 doctrinam,
1311 1429 1357 1494 ait
1373 1429 1475 1512 Chry-

122 1517 285 1586 sostomns,
300 1530 396 1593 nuper
409 1511 510 1576 Roma
524 1513 618 1576 fnisse
633 1514 802 1583 advectam.

208 1599 258 1662 En
273 1601 471 1665 fundamenta
487 1603 595 1666 calculi
611 1602 736 1668 erronei
776 1603 856 1666 Nam
872 1603 899 1666 51
912 1604 1049 1668 Joaunss
1073 1612 1238 1688 conceptos
1262 1607 1310 1669 die
1327 1601 1378 1672 27.
1388 1604 1476 1687 Sept

121 1695 152 1750 et
166 1689 306 1752 LunaX
322 1689 402 1753 lieri
418 1691 466 1754 die
482 1690 678 1774 expiationis:
696 1691 921 1775 quaeriturque
938 1715 1018 1758 anno
1034 1695 1065 1758 id
1080 1695 1146 1758 lieri
1161 1696 1304 1776 potnerit.
1329 1695 1474 1778 Septem-

120 1777 173 1840 ber
190 1778 269 1840 enim
285 1786 335 1842 est
350 1778 468 1842 Solaria
489 1781 602 1844 mensis
618 1781 699 1862 apud
713 1780 883 1844 Romanos:
907 1783 987 1848 Tisri
1001 1783 1148 1848 Judaious
1163 1791 1214 1846 est
1228 1785 1363 1848 Lunaris
1377 1804 1475 1866 vagus

120 1867 149 1928 in
166 1886 246 1930 anno
262 1865 364 1930 Solari
379 1889 436 1931 nec
456 1870 594 1932 omnibns
608 1870 704 1938 ,annis
726 1870 832 1934 eadem
851 1871 896 1935 illi
915 1872 1013 1934 sedes.
1051 1872 1267 1956 Respondetnr
1290 1881 1392 1939 antem
1414 1894 1472 1936 nou

122 1955 180 2020 alio
198 1974 289 2036 qaam
305 1956 357 2020 45.
365 1957 489 2021 Juliano
505 1959 569 2022 fieri
585 1959 643 2022 hoe
659 1979 747 2042 quam
762 1959 1053 2042 preximepotuisse,
1070 1962 1151 2026 circa
1161 1964 1280 2045 quidem
1290 1964 1474 2026 tricesimum

119 2065 231 2108 annum
247 2066 267 2108 a
281 2045 449 2110 ministerio
465 2047 583 2112 Christi
603 2050 672 2131 plns
687 2049 784 2112 minus
800 2057 882 2112 retro
905 2058 1121 2131 computatum.
1160 2047 1241 2116 Nam
1257 2073 1336 2116 anno
1352 2053 1404 2115 illo
1420 2052 1473 2116 45.

118 2133 166 2196 die
193 2128 242 2197 17.
260 2133 347 2216 Sept
369 2155 457 2198 mane
480 2137 538 2199 fnit
559 2139 756 2212 novilunium,
785 2145 818 2202 et
840 2158 971 2221 vespera
993 2141 1146 2222 sequenti,
1178 2161 1256 2222 quae
1280 2143 1410 2206 refertur
1435 2141 1474 2204 ad

120 2223 167 2286 18.
176 2221 276 2306 Sept,
291 2224 474 2288 censebatur
487 2225 575 2290 Luna
596 2227 693 2307 prima
715 2227 807 2290 etsie
824 2222 977 2309 278551.
998 2228 1087 2292 Luna
1101 2230 1142 2294 X.
1180 2229 1363 2296 Conclusam
1382 2230 1475 2311 igitur

118 2313 155 2376 ab
185 2312 264 2388 illis,
292 2310 443 2377 Joannem
473 2315 687 2379 annunciatum
716 2323 749 2378 et
771 2325 949 2398 conceptum
980 2314 1353 2386 5555151155545..27.
1378 2318 1475 2400 Sept,

117 2401 274 2466 Christum
291 2402 341 2465 25.
351 2403 457 2466 Martii
473 2404 543 2466 anni
559 2404 620 2480 46,
638 2405 788 2468 Joaunem
803 2425 876 2468 vero
898 2414 1005 2468 natum
1028 2409 1165 2491 sequenti
1188 2407 1346 2483 2415511,
1363 2408 1472 2473 Chris-

116 2499 180 2554 tum
203 2491 256 2554 25.
271 2491 450 2556 Decembris
474 2501 604 2557 exeunte
629 2493 788 2570 555546,
818 2493 868 2576 551
892 2495 1005 2575 primus
1029 2505 1208 2581 numeratur
1229 2515 1321 2560 aerae
1346 2506 1491 2562 nostrae·

117 2579 294 2644 hodiernae.

203 2671 349 2752 Apparet
363 2669 465 2751 igitur,
487 2671 567 2752 quod
582 2671 668 2753 coepi
684 2671 785 2734 dicere
801 2671 858 2735 sub
879 2670 998 2734 initium
1014 2675 1125 2756 eapitis
1140 2674 1244 2755 hans,
1266 2681 1388 2738 veteres
1404 2674 1473 2738 illos

116 2757 328 2833 Christianos,
353 2779 478 2840 quorum
502 2759 633 2841 vestigia
662 2761 770 2842 vulgus
795 2759 973 2825 hodiernum
996 2763 1148 2840 imitatur,
1172 2765 1293 2827 minime
1316 2764 1472 2826 'censuisse

115 2847 339 2922 necessarium,
360 2855 396 2932 ut
410 2849 628 2930 Evangelistae
644 2849 747 2912 Lucae
768 2868 922 2913 nnmerum
944 2853 1031 2932 quasi
1054 2854 1182 2934 triginta
1204 2853 1341 2936 praecise
1364 2853 1471 2916 obser·
1511 2875 1513 2878 ·

115 2939 244 3000 va'rent'
268 2937 349 3000 Nam
365 2937 403 3000 ab
421 2933 549 3002 exeunte
566 2937 765 3014 45151555,
787 2939 907 3022 qnando
924 2939 1081 3005 Christum
1098 2951 1202 3007 netum
1217 2949 1344 3024 ponunt,
1365 2942 1405 3004 ad
1420 2935 1472 3005 73.

112 3027 269 3090 Juliannm
285 3033 461 3103 exeuntem,
484 3029 603 3110 quando
619 3027 794 3110 baptisatus
811 3036 874 3106 est,
894 3029 967 3093 anni
982 3040 1054 3096 sunt
1076 3052 1134 3096 nou
1150 3033 1254 3112 plnres
1270 3026 1321 3094 27.
1354 3031 1471 3094 Eodem

115 3117 220 3198 itaque
241 3115 328 3196 jure,
353 3135 411 3198 quo
433 3124 466 3178 et
482 3117 553 3180 olim
575 3126 607 3181 et
628 3117 718 3182 bodie
742 3119 838 3182 omnis
861 3118 1002 3204 occidens
1024 3141 1080 3202 pro
1102 3122 1146 3185 36
1162 3127 1320 3204 computat
1342 3115 1384 3185 27
1407 3114 1472 3200 (vel

113 3224 263 3268 summum
280 3203 322 3268 28
338 3213 373 3267 51
388 3203 538 3288 dicetur),
561 3227 616 3288 ego
631 3226 687 3288 pro
703 3207 747 3272 30
763 3216 903 3290 computo
919 3208 980 3284 33,
1001 3217 1121 3274 tantum
1137 3211 1253 3273 addens
1269 3217 1414 3292 quantum
1428 3209 1472 3272 illi

115 3295 259 3370 demunt,
283 3295 353 3376 quia
368 3312 423 3375 per
435 3294 551 3362 Lucam
571 3306 729 3379 utrumqne
745 3297 833 3374 licet,
855 3318 891 3361 eo
908 3300 987 3378 qnod
1009 3299 1147 3362 voculam
1170 3300 1293 3363 circiter
1311 3299 1361 3361 vel
1384 3299 1471 3380 qnasi

112 3403 238 3446 numero
255 3383 418 3446 tricenario
434 3383 555 3464 adjecit
599 3385 660 3449 Per
676 3387 753 3450 alies
769 3406 841 3450 vero
858 3387 993 3450 rationes
1009 3388 1080 3470 quid
1095 3389 1201 3464 liceat,
1222 3388 1247 3451 si
1270 3387 1469 3464 discernatur,

111 3471 302 3538 inveniemus
324 3472 404 3536 hanc
425 3473 507 3537 mille
530 3495 676 3540 annornm
698 3476 945 3540 consuetudinem
961 3478 1155 3558 computandi
1179 3497 1276 3540 annos
1298 3475 1415 3540 Christi
1431 3477 1473 3540 ab‘

113 3581 195 3626 anno
212 3559 267 3624 46.
283 3561 404 3624 omnino
419 3581 577 3628 erroneam
593 3583 673 3641 esse,
696 3584 762 3628 cnm
777 3565 916 3628 Herodes
933 3585 1012 3628 anno
1028 3566 1080 3628 42.
1097 3573 1191 3630 55155
1207 3567 1300 3630 fuerit
1314 3575 1468 3630 mortunsr

109 3660 146 3715 ut
173 3652 235 3714 hoc
258 3650 361 3714 libello
391 3653 627 3734 comprobatum.
671 3654 825 3718 Desinant
853 3654 947 3735 igitur
976 3655 1200 3718 obtrectatores
1230 3655 1303 3718 mihi
1325 3655 1469 3736 privatim

110 3741 265 3822 imputare
282 3747 467 3804 contemtum
481 3742 616 3818 Petrum,
633 3743 823 3806 dissimulato
838 3743 1014 3819 Maestliuo,
1028 3743 1189 3820 Deckerio,
1211 3743 1346 3826 Suslyga
1360 3764 1469 3808 manu·
1562 3736 1565 3752 ’

111 3831 292 3908 ductpribns
313 3831 405 3905 meis,
428 3829 618 3894 dissimulato
642 3839 674 3894 et
696 3832 833 3914 exemplo
857 3831 961 3908 simili,
982 3833 1013 3896 in
1035 3835 1205 3898 contrarias
1219 3842 1331 3896 155555
1354 3843 1469 3915 partes,

111 3921 209 3983 totius
234 3919 403 3982 occidentis
426 3941 446 3984 a
472 3919 552 3983 mille
575 3921 671 3985 annia.
722 3923 906 4003 Agnoscent
927 3923 1117 3986 tolerabilius
1140 3943 1208 3986 esse
1232 3942 1331 3986 meum
1355 3923 1469 3986 factum

112 4009 161 4090 qni
178 4007 261 4070 addo
285 4007 326 4070 ad
341 4009 483 4090 triginta,
506 4029 595 4092 quam
610 4011 692 4092 vulgi
713 4011 953 4093 universalisque
970 4012 1131 4088 ecclesiae,
1154 4032 1231 4094 qnae
1252 4012 1346 4076 demit
1361 4013 1399 4074 de
1415 4013 1467 4074 30.

111 4099 192 4162 Nam
208 4116 267 4178 ego
284 4097 403 4179 quidem
419 4118 540 4168 sensum
555 4107 698 4164 vetustae
707 4100 866 4166 Romanae
877 4100 1024 4164 ecclesiae
1034 4101 1157 4183 propius
1166 4102 1308 4184 insequor
1317 4100 1477 4174 addendo,-

111 4205 203 4268 qnam
217 4187 262 4250 illi
277 4187 448 4252 minuendo.
477 4189 626 4271 Expletis,
641 4189 739 4270 inquit
753 4191 863 4254 rituale
879 4189 1057 4266 Romanum,
1074 4191 1160 4272 qnasi
1176 4193 1218 4255 30
1235 4209 1380 4254 annorum
1396 4209 1466 4252 cur-

111 4275 214 4340 riculis
219 4295 230 4352 ;
256 4295 352 4358 eoque
369 4284 401 4339 et
416 4277 603 4342 Graecorum
619 4299 718 4342 canon
732 4281 844 4361 legitur
860 4280 947 4344 talis:
971 4280 997 4342 si
1014 4279 1080 4361 quis
1096 4282 1224 4361 triginta
1240 4279 1353 4342 aetatis
1370 4297 1466 4342 annos

110 4385 171 4429 non
193 4365 383 4447 expleverit,
413 4367 495 4429 nullo
517 4369 606 4432 modo
628 4369 789 4451 presbyter
812 4370 981 4444 ordinetur,
1011 4369 1082 4450 quia
1103 4378 1137 4433 et
1159 4371 1225 4451 ipse
1250 4368 1387 4432 dominus
1412 4368 1465 4429 doc.

110 4455 179 4520 Jam
195 4463 340 4532 constat,
363 4450 405 4519 27
428 4475 487 4519 non
504 4476 572 4520 esse
594 4458 734 4538 expletos
756 4460 815 4534 30,
838 4466 871 4522 et
894 4459 943 4542 qni
966 4459 1008 4523 33
1025 4477 1121 4522 annos
1136 4460 1244 4532 hebet,
1266 4456 1293 4518 is
1310 4457 1404 4519 etiam
1420 4457 1464 4520 30

111 4563 127 4606 5
168 4545 254 4610 levit
1438 4579 1441 4586 »

127 4565 167 4628 xp
194 4635 324 4700 Dixerit
339 4634 389 4697 hic
405 4633 618 4716 chronologiae
634 4637 797 4713 studiosus,
811 4635 999 4718 inopinatum
1014 4637 1072 4700 hoc
1088 4635 1292 4698 etabsnrdnm
1308 4633 1364 4696 sibi
1381 4633 1464 4696 acci-

111 4725 194 4802 dere,
218 4725 302 4808 quod
318 4723 400 4787 inter
414 4723 681 4806 investigationem
696 4727 820 4809 originis
843 4745 933 4791 aerae
950 4727 1114 4789 hodiernae
1135 4722 1398 4805 praesuppositum
1415 4723 1465 4799 sit,

111 4825 265 4880 auctorem
282 4813 350 4896 ejus
365 4812 560 4878 nativitatem
576 4813 693 4879 Christi
707 4816 879 4898 reposuisse
899 4815 939 4878 ad
955 4817 1043 4878 linem
1063 4813 1151 4896 primi
1172 4811 1253 4876 illins
1269 4810 1354 4874 anni:
1379 4812 1464 4895 atqui
