3412 5538
575 366 890 434 commemorasses
1363 345 1408 416 83

90 509 267 574 stellationem
282 510 346 591 ejus
363 528 443 573 anno
459 529 520 572 non
535 509 602 586 38„
626 513 681 574 sed
700 509 751 575 51.
767 511 983 595 quaerenm,
1006 515 1060 575 aut
1073 509 1229 578 Lucanum
1248 515 1408 590 poetarum

88 601 280 681 norefingere.
315 601 474 663 Posterius
490 601 591 675 credo,
606 601 676 685 quia
690 602 773 682 prius
788 621 843 683 per
859 601 1007 664 calculum
1022 609 1071 663 est
1084 599 1279 684 impossibile.
1313 600 1407 681 quue
1473 673 1480 683 g

89 711 114 752 eo
126 690 211 770 magis
226 689 264 752 ob
280 697 444 772 sequentes
459 690 604 754 rationes.
640 692 774 754 Primum
790 711 829 754 ex
842 691 974 754 lectione
988 691 1104 754 Lucani
1121 689 1320 773 deprehendi,
1341 689 1407 750 Lu·
1439 683 1446 696 '

88 779 215 842 mnnmin
230 780 443 842 astronomicis
458 781 589 843 tironem
603 781 705 850 luisse.
740 782 777 844 Id
793 781 930 864 quamvis
946 801 984 843 ex
1000 781 1067 844 aliis
1084 780 1223 860 Scaliger
1238 779 1269 840 in
1283 779 1407 860 Hyper-

88 869 171 930 critico
185 869 325 950 colligat,
346 869 419 932 mihi
441 876 545 932 tamen
567 868 679 934 suflicit
701 889 740 932 ex
762 871 827 933 solo
849 870 908 933 hoc
930 872 996 934 loco
1019 870 1051 933 in
1072 869 1248 952 praesentis
1269 868 1408 949 probare.

87 959 145 1020 Tres
156 958 237 1040 punit
250 958 281 1020 in
297 959 383 1021 coelo
398 965 555 1040 tyrannos,
571 968 634 1023 tres
650 960 857 1024 auxiliatores.
880 961 966 1024 Mala
981 967 1030 1022 est
1046 959 1250 1034 constellatio,
1266 957 1292 1019 si
1308 957 1407 1019 domi-

87 1057 155 1109 netur
169 1055 363 1128 tyrannorum
378 1048 499 1130 aliquis,
520 1049 609 1111 bonis
625 1043 757 1114 afflictis.
788 1049 823 1113 Si
838 1049 990 1112 Saturnus
1014 1048 1107 1112 sitin
1130 1050 1218 1112 domo
1239 1066 1309 1122 sua,
1331 1065 1408 1128 quae

87 1145 122 1198 ost
133 1137 283 1218 Aquarius,
299 1137 346 1200 ait
361 1139 504 1201 diluvium
519 1139 665 1215 iuturnm;
691 1139 716 1201 si
733 1137 788 1202 Sol
803 1140 834 1203 in
850 1140 938 1201 domo
955 1157 1022 1214 sua,
1046 1138 1164 1200 scilicet
1178 1139 1210 1199 in
1224 1136 1337 1210 Leone,
1358 1136 1408 1198 in-

87 1227 211 1302 cendium
239 1227 265 1288 si
286 1228 374 1290 Mars
394 1228 426 1290 in
449 1228 537 1291 domo
559 1248 628 1302 sua,
650 1229 768 1291 scilicet
789 1228 820 1292 in
842 1226 1025 1310 Scorpione,
1048 1227 1168 1290 bellum
1215 1223 1311 1297 Quasi
1335 1243 1408 1287 vero

86 1316 248 1395 planetarum
270 1316 357 1379 nulla
377 1317 496 1380 malitia
518 1318 567 1380 vel
589 1317 736 1380 fortitudo
760 1336 850 1400 quam
871 1337 910 1380 ex
925 1318 988 1379 suis
1004 1316 1161 1380 domibus?
1200 1314 1265 1378 Sed
1279 1314 1409 1378 tironem

88 1405 156 1466 rliter
175 1405 252 1486 loqui
274 1425 336 1468 non
360 1407 457 1468 decet
492 1407 572 1469 lllud
595 1407 687 1469 etiam
710 1408 747 1469 de
763 1407 875 1469 diluvio
897 1408 1000 1468 nescio
1023 1425 1112 1488 quam
1127 1425 1206 1471 uere.
1244 1403 1409 1469 consimile
1536 1427 1541 1438 ·

87 1513 188 1574 nanque
202 1501 400 1576 praeceptum
422 1516 482 1559 non
497 1495 559 1558 vidi
575 1495 656 1576 apud
671 1497 853 1576 astrologos.
891 1493 1042 1558 Saturnus
1065 1495 1144 1557 enim
1159 1513 1220 1558 nou
1235 1493 1409 1556 humoribus

88 1583 127 1646 sed
138 1583 291 1664 frigoribus
306 1592 442 1664 praeest
473 1584 532 1648 Ubi
554 1584 653 1647 obiter
674 1585 732 1648 duo
748 1585 809 1648 alia
831 1592 934 1648 errata
949 1585 1057 1648 fateor.
1097 1583 1227 1647 Sammo
1241 1581 1411 1666 eijripido

87 1671 149 1734 coelo
167 1669 255 1736 stella
276 1672 416 1738 Samari
437 1674 490 1736 rel.
536 1671 618 1736 Sane
640 1673 715 1736 nihil
737 1673 819 1738 aliud
840 1674 899 1736 hoc
920 1682 971 1736 est
992 1693 1081 1756 quam
1103 1673 1263 1756 epitheton
1283 1670 1411 1734 Saturni

87 1784 100 1823 a
111 1761 161 1824 situ
173 1762 202 1824 in
215 1763 336 1838 mundo,
353 1781 499 1827 summum
513 1762 593 1826 enim
608 1763 723 1826 coelum
737 1763 892 1827 mobilium
907 1770 956 1826 eat
965 1761 1099 1848 Saturni
1129 1763 1197 1844 Ego
1213 1781 1286 1827 vero
1302 1781 1409 1844 quam-

87 1851 123 1912 din
129 1851 240 1932 Lucano
256 1852 419 1915 scientiam
434 1860 590 1917 astrorum
601 1852 701 1928 tribui,
717 1853 799 1919 aliud
814 1873 853 1915 ex
867 1853 916 1916 his
931 1853 1032 1916 verbis
1048 1852 1238 1934 colligebam,
1254 1859 1289 1913 ut
1302 1850 1410 1913 memi-

87 1939 148 2002 nisse
161 1947 252 2022 potes.
282 1941 405 2004 Deinde
421 1942 465 2004 id:
481 1943 590 2025 nigros
603 1942 699 2025 igiter,
714 1963 788 2006 sane
804 1962 949 2025 perquam
964 1943 1122 2024 eleganter
1138 1943 1229 2005 doces
1238 1940 1410 2022 intelligere

88 2029 115 2090 de
126 2030 239 2106 nebulis,
254 2050 314 2112 quo
331 2032 400 2094 loco
415 2025 475 2096 non
491 2032 580 2113 longe
596 2032 714 2095 recedis
730 2032 880 2114 aLucani
895 2031 1070 2108 scholiasta,
1086 2030 1136 2114 qui
1151 2030 1330 2094 nebulosum
1345 2027 1410 2110 ejus

88 2119 208 2200 fulgorem
226 2121 331 2184 notari
354 2121 407 2184 ait
450 2121 518 2202 Ego
540 2137 612 2185 vero
635 2120 672 2184 de
687 2121 841 2204 Praesepe
865 2129 899 2184 et
917 2121 1034 2186 Asellis
1058 2120 1277 2185 intellexeram.
1307 2118 1411 2202 Usque

87 2208 144 2270 adeo
158 2209 239 2272 facile
255 2229 378 2274 errores
397 2209 592 2291 plantantur,
615 2212 684 2275 dum
698 2233 775 2275 unus
796 2211 926 2276 alterum
946 2211 1081 2291 adjuvat
1116 2208 1180 2274 Sed
1195 2209 1355 2272 redeamus
1371 2207 1412 2270 ad

87 2299 255 2380 annologiam
263 2299 393 2362 Lucani.
421 2291 582 2363 Beneficos
598 2308 663 2363 tres
678 2321 739 2365 nou
754 2301 844 2365 ahter
860 2300 1009 2376 debilitat
1025 2319 1061 2386 ac
1078 2299 1104 2362 si
1119 2297 1306 2378 astrologiae
1322 2297 1409 2378 prin-

87 2387 146 2466 cipia
159 2389 298 2452 dictaret:
324 2390 353 2451 si
375 2389 493 2453 scilicet
515 2389 624 2470 singuli
646 2391 806 2453 contrariis
829 2409 902 2452 snae
925 2397 1052 2452 naturae
1076 2387 1299 2452 conditionibus
1320 2394 1409 2448 tene-

87 2483 162 2538 autm.
192 2478 314 2559 Jupiter
328 2478 412 2540 mitis
427 2479 581 2561 premitur,
597 2479 704 2561 quique
720 2497 775 2561 per
790 2498 822 2542 se
839 2479 921 2546 altus
937 2486 994 2553 est,
1010 2497 1121 2541 occasu
1135 2476 1267 2539 laborat
1303 2474 1410 2538 Venus

88 2565 157 2630 stella
176 2575 221 2630 est
241 2588 297 2650 per
312 2589 348 2630 se
363 2565 586 2645 lucentissima,
610 2569 691 2631 hanc
706 2569 781 2631 dicit
794 2568 914 2631 hebere.
951 2567 1121 2632 Mercurius
1141 2563 1219 2628 aliis
1235 2563 1410 2628 celerrimus

88 2674 146 2716 nunc
159 2657 266 2720 haeret
306 2655 387 2728 Quis
407 2678 468 2721 non
489 2658 590 2735 videt,
615 2657 719 2722 ludere
741 2658 898 2722 Lucanum
918 2664 1079 2739 poetarum
1099 2675 1198 2731 more,
1221 2655 1291 2716 dum
1313 2652 1409 2734 lingit,

88 2744 147 2824 quod
159 2747 273 2826 aptiora
289 2755 401 2828 optare
416 2747 534 2810 nescit?
563 2747 667 2831 Atque
684 2767 721 2813 en
737 2747 835 2810 denuo
856 2745 930 2828 mihi
945 2746 1088 2808 fatendus
1104 2752 1153 2808 est
1168 2763 1252 2807 error
1271 2744 1304 2806 in
1317 2761 1410 2804 versu

87 2837 210 2914 equenti:
232 2857 290 2900 cte·
303 2836 400 2919 ripa
413 2845 534 2900 mohac
547 2845 602 2900 etc.
631 2838 712 2902 Nam
732 2837 781 2898 his
802 2836 903 2900 verbis
915 2837 980 2916 jam
1002 2855 1063 2898 non
1079 2835 1207 2916 amplius
1223 2831 1410 2908 deplanetis

87 2923 147 3002 agit,
165 2933 197 2987 nt
209 2927 293 3006 prius
309 2925 540 3001 existimabam,
562 2926 617 2990 sed
638 2948 658 2989 a
672 2926 805 3008 planetis
821 2926 861 2989 ad
876 2925 954 2988 haas
970 2925 1055 2988 venit
1077 2943 1133 2988 nec
1149 2922 1231 2986 aliud
1246 2922 1329 2997 vult,
1350 2918 1410 2984 nisi

87 3011 160 3090 sigub
178 3016 285 3078 ceteris
309 3016 368 3078 sub
392 3016 488 3078 Terra
512 3015 701 3079 absconditis
724 3017 820 3079 solum
850 3015 1021 3098 conjeram
1044 3013 1193 3077 Odeum
1216 3011 1413 3093 conspicuum

88 3119 144 3164 csse.
168 3104 250 3168 llaec
266 3124 344 3169 sane
361 3104 462 3169 omnia
476 3105 589 3186 partim
604 3103 756 3188 simplices
772 3105 995 3184 astrologomm
1010 3103 1132 3186 regulas
1148 3101 1261 3184 partim
1271 3100 1410 3164 fictiones

87 3193 197 3268 perias
211 3187 261 3274 (ut
276 3195 316 3258 de
334 3192 449 3258 Orione
464 3202 497 3256 et
510 3191 663 3278 Aquario)
680 3195 812 3277 sapiunt
841 3195 885 3257 Et
899 3193 1006 3256 mirum
1022 3213 1110 3270 sane,
1131 3191 1268 3255 invenire
1287 3209 1335 3252 me
1351 3209 1409 3271 po·

87 3279 159 3343 tusae
172 3284 437 3347 constellationem
452 3284 598 3366 aliquam,
621 3304 698 3366 qnae
713 3285 935 3367 quadamtenus
957 3281 1179 3346 accommodari
1201 3281 1271 3344 hnic
1286 3279 1410 3343 votivae

86 3377 172 3445 potue
186 3373 383 3456 descriptioni
398 3373 506 3455 possit
528 3375 633 3456 Atque
648 3375 706 3436 hoc
720 3375 849 3455 primum
864 3381 914 3436 est
928 3380 1147 3454 argumentum,
1163 3389 1221 3453 quo
1237 3389 1298 3434 non
1314 3387 1410 3451 quae-

88 3459 186 3524 rendam
199 3463 230 3524 in
244 3471 358 3526 natura
374 3480 516 3526 censeam
529 3463 647 3526 Lucani
662 3463 771 3526 faciem
786 3462 872 3526 coeli

153 3551 287 3616 Alterum
308 3559 521 3633 argumentum
542 3552 573 3614 in
596 3571 631 3614 eo
655 3552 813 3628 consistit,
835 3551 926 3633 quod<
939 3548 1205 3615 constellationem
1227 3553 1363 3610 atrocem
1378 3553 1412 3608 et

88 3639 218 3718 tragicam
233 3661 310 3724 quae
329 3641 385 3703 sub
399 3637 578 3723 principium
594 3641 729 3723 ejusdem
744 3641 816 3704 anni
824 3641 965 3715 Romani,
981 3659 1022 3702 sc.
1038 3638 1070 3702 iu
1083 3636 1288 3700 Nouembrem
1296 3634 1412 3700 Juliani

88 3724 176 3804 incidit,
190 3750 247 3792 non
263 3731 412 3794 celebrat
443 3728 561 3802 Quodsi
576 3737 631 3794 aut
644 3730 787 3793 Lucanus
802 3730 912 3793 fuisset
926 3729 1101 3809 astrologus
1117 3733 1150 3790 et
1164 3725 1330 3790 coelestem
1346 3724 1411 3806 ejus

88 3819 205 3896 temporis
226 3819 368 3883 habitum
389 3820 573 3882 numerando
597 3819 753 3901 exquirere
777 3819 936 3882 didicisset
957 3827 1012 3882 aut
1033 3814 1222 3898 astrologum
1243 3814 1410 3878 haedere

89 3907 274 3985 consuluisset,
297 3909 470 3972 rectissime
490 3909 541 3971 ille
562 3909 804 3989 conjunctionem
822 3909 906 3971 illam
924 3904 1089 3989 pessimam
1105 3904 1231 3969 Saturni
1252 3911 1286 3965 et
1298 3902 1411 3967 Martis

88 3989 110 4052 in
125 3991 172 4056 10·
186 4008 230 4064 ἐξ
246 3999 452 4073 celebrasset,
473 4016 530 4062 nec
545 4017 621 4080 opus
637 3998 746 4061 fuisset
760 3998 801 4062 ad
815 3997 868 4062 38.
877 4016 989 4060 aunum
1004 3995 1190 4066 descendere
1205 3993 1246 4056 ad
1260 3993 1324 4054 tale
1340 3991 1412 4074 quid

88 4077 274 4162 inquirendum
315 4083 377 4160 Qui
398 4087 493 4168 igitur
514 4087 625 4150 Martis
649 4087 682 4150 in
702 4097 739 4166 ttl
754 4107 888 4162 cursum,
911 4085 992 4169 quod
1012 4085 1049 4148 fit
1063 4085 1162 4148 altero
1185 4101 1302 4165 quoque
1322 4100 1412 4156 anno,

89 4169 148 4235 adeo
160 4185 340 4257 exaggerat,
361 4176 440 4239 bone
456 4177 555 4240 Deus!
580 4195 669 4259 qnam
690 4177 844 4257 potuisset
865 4176 915 4238 ille
938 4174 1067 4256 tragicis
1082 4173 1184 4236 verbis
1199 4171 1262 4234 illic
1276 4171 1337 4247 uti,
1359 4169 1412 4233 ubi

89 4261 214 4328 ttdssimc
233 4267 292 4330 hoc
314 4266 366 4342 iit,
386 4266 466 4328 Jove
488 4265 521 4328 in
535 4279 569 4332 ee
592 4273 625 4328 et
642 4263 715 4328 Sole
737 4266 769 4329 in
783 4276 820 4345 tlt
839 4272 1000 4340 versante,
1023 4271 1058 4326 ut
1079 4271 1206 4345 uterque
1228 4262 1326 4354 malm
1349 4259 1412 4322 sint

90 4351 233 4417 odeutdea
262 4355 370 4418 Tertio
387 4355 509 4429 scribit,
531 4353 661 4436 eclipses
677 4354 760 4418 Solis
783 4362 816 4417 et
829 4354 936 4417 Lunae
959 4353 1048 4417 simul
1070 4351 1264 4434 apparuisse,
1287 4363 1413 4432 quarum

89 4439 174 4504 nulius
188 4444 266 4526 apud
280 4445 448 4525 scriptores
464 4443 712 4525 diligentissimos
727 4463 783 4506 nec
799 4442 880 4525 apud
894 4443 1025 4506 Plinium
1041 4449 1147 4505 exstat
1161 4439 1286 4504 mentio.
1316 4437 1410 4501 Gom·

89 4539 216 4595 mutator
230 4531 380 4616 Sulpitius
396 4532 513 4614 allegat
526 4533 662 4614 Appiani
677 4533 784 4609 verba,
804 4533 912 4614 quibus
926 4531 1067 4613 prodigia
1086 4531 1167 4594 illiue
1189 4529 1273 4603 anni,
1293 4523 1410 4607 snppli-

90 4618 202 4684 cationes
216 4623 253 4686 ad
267 4624 384 4705 templa
400 4623 525 4685 deorum
541 4621 716 4704 descripsit:
740 4621 824 4690 nulla
839 4623 962 4702 eclipsis
977 4620 1033 4695 ibi,
1056 4621 1156 4684 nullus
1173 4620 1267 4682 etiam
1282 4620 1410 4678 cometa.

91 4701 152 4770 Sane
167 4711 281 4792 eclipsis
296 4733 334 4776 ea
349 4713 422 4776 anni
437 4718 633 4794 tempestate,
649 4731 708 4794 qua
723 4709 828 4792 lugere
843 4711 994 4785 consules,
1010 4729 1079 4773 esse
1095 4729 1156 4772 non
1171 4707 1280 4790 potnit,
1296 4719 1364 4765 cum
1378 4705 1412 4774 it

91 4793 156 4860 etin
169 4809 209 4887 tp.
238 4798 335 4873 Quare
353 4803 399 4865 sic
416 4820 473 4883 ego
489 4801 644 4878 existimo,
667 4801 694 4864 si
707 4802 796 4881 plura
818 4799 1043 4881 astrologorum
1064 4800 1185 4880 tragica
1207 4796 1332 4858 decreta
1345 4793 1412 4857 Lu-

91 4899 163 4948 canus
177 4892 313 4955 memoria
328 4891 492 4965 tenuisset,
505 4891 594 4973 plura
609 4890 702 4954 etiam
717 4889 938 4971 descripturum
953 4888 1056 4952 inisse.

1166 4985 1202 5038 ⁶·
