3400 5538
235 205 300 266 480
757 201 864 264 Eclogae
884 200 1030 252 Chronicac.

235 376 308 438 nius
338 375 392 452 ait,
433 375 501 452 1)
493 395 525 440 m
548 374 641 438 arinis
665 379 707 440 84
730 375 867 440 delicere
891 377 949 441 hoc
971 383 1083 480 pacto
1091 397 1132 459 pr
1133 394 1236 438 oecrse
1258 393 1399 440 mensem
1422 374 1558 456 fierique

236 468 274 531 31
300 463 512 528 intercalares
535 483 670 541 menses,
705 462 738 544 2)
761 463 909 530 debuisse
931 471 1041 528 autem
1064 464 1133 528 lieri
1156 463 1379 528 tantummodo
1401 470 1442 528 30
1457 465 1556 528 inter-

235 551 374 617 calarios
404 553 494 616 ment
495 573 527 615 es
558 557 591 616 et
621 551 688 616 dias
718 552 841 634 aliquot
872 555 928 634 128
958 554 990 618 h
1023 553 1065 636 3),
1109 557 1143 622 31
1173 553 1294 616 331331
1323 552 1560 652 perjudicium

235 623 1161 724 31313331)33333113333333133331311333131.
1190 646 1217 704 1.
1251 641 1474 708 Haecautem
1496 641 1560 704 trin

237 729 296 796 alit
283 735 334 794 ter
364 749 441 804 vera
463 747 527 794 non
545 735 640 808 aunt,
670 751 769 813 quam
791 730 820 794 ei
842 719 941 796 horae
963 730 1156 816 appendices
1179 729 1380 795 calculi'smt
1400 729 1434 793 13
1458 750 1561 794 annos

236 816 379 900 singulos
402 837 466 880 non
487 834 631 900 praecise
654 823 684 896 4
708 819 764 884 sed
785 820 968 884 accuratius
991 817 1066 890 4²1⁷.
1113 820 1218 898 Quam
1232 819 1420 882 fractionem
1434 819 1561 884 3133313

160 943 165 958 ·
238 907 336 976 etiam
366 911 480 970 notare
511 906 645 984 voluisse
673 928 749 972 voce
770 913 955 991 λιιιολογια,
956 904 1163 984 ‚fractiones
1186 907 1271 970 enim
1293 913 1382 970 lemn
1406 907 1561 970 dicuntur

237 1018 257 1060 a
286 994 427 1060 Graecis.
475 995 594 1074 Quodsi
620 996 719 1061 horae
747 996 864 1061 calculi
891 961 998 1060 essent
1023 997 1219 1080 praecise4,
1248 1003 1328 1066 tnnc
1349 996 1383 1059 in
1407 1001 1470 1059 us'u
1493 995 1561 1058 dies

237 1084 404 1150 accederet
390 1083 467 1148 tin
498 1084 634 1148 annist
620 1085 723 1170 tribus
754 1090 911 1170 perpetuo
942 1091 974 1149 33
995 1090 1041 1150 313
1063 1085 1096 1148 in
1120 1085 1212 1148 annis
1239 1089 1276 1148 15
1301 1085 1424 1150 (11333.
1470 1081 1560 1148 At
1537 1104 1562 1147 ιι
1684 1105 1685 1176 J

236 1173 337 1240 horae
364 1171 481 1236 calculi
508 1179 585 1238 sunt
612 1171 671 1274 4²l⁷
704 1174 737 1238 in
764 1195 867 1250 annos
888 1173 1039 1255 singulos,
1073 1179 1151 1238 tunc
1173 1174 1206 1237 in
1228 1195 1290 1236 usu
1312 1193 1371 1256 per
1392 1193 1497 1237 annos
1523 1177 1560 1234 14

238 1261 397 1326 accedunt
426 1261 552 1332 diest,
584 1283 627 1326 sc.
655 1263 855 1342 13333133,
882 1269 912 1342 6,
937 1268 965 1340 9,
994 1269 1042 1342 14,
1070 1267 1121 1328 14.
1167 1261 1441 1344 lllomodoanni
1468 1260 1560 1324 143

238 1355 325 1426 3108
361 1349 394 1414 h
431 1355 449 1412 2
485 1333 692 1432 multiplicati
726 1353 827 1419 sexies
861 1311 1055 1434 prdddcunl
1072 1351 1142 1418 dies
1173 1355 1291 1430 39649,
1327 1349 1446 1432 (131133
1477 1349 1562 1430 adde

225 1436 432 1508 menscmd.
458 1437 552 1506 29h.
579 1443 607 1518 6,
631 1447 668 1506 33
678 1439 770 1524 jubet
778 1441 992 1530 Epiphanius,
1014 1439 1115 1504 habes
1131 1439 1274 1521 prolecto
1290 1460 1355 1503 non
1370 1438 1444 1522 plus
1462 1459 1562 1521 quam

239 1527 271 1592 d.
304 1531 411 1594 36678
442 1527 474 1593 h.
506 1533 536 1607 6,
568 1548 640 1592 cum
670 1524 780 1593 tamen
811 1529 888 1596 anni
917 1529 1039 1594 Juliani
1069 1535 1111 1593 84
1138 1527 1259 1592 habent
1287 1527 1319 1592 d.
1344 1531 1462 1601 30681,
1495 1527 1562 1590 reri

238 1621 346 1680 autem
368 1617 514 1680 Lunares
537 1619 613 1682 anni
635 1617 667 1680 d.
685 1621 791 1687 30682
810 1615 841 1683 h.
859 1623 894 1682 9:
917 1620 1027 1700 itaque
1043 1637 1117 1682 rere
1132 1616 1306 1698 quatriduo
1321 1616 1561 1698 praevenissent

239 1705 376 1769 Lunam.
421 1703 493 1770 Non
523 1711 573 1768 est
602 1707 700 1788 igitur
729 1706 953 1788 intelligendus
982 1711 1089 1771 textus
1118 1705 1157 1770 de
1180 1705 1240 1770 hoc
1262 1705 1364 1782 modo,
1396 1711 1434 1768 ut
1456 1705 1561 1787 prima

238 1793 344 1858 fronte
366 1799 513 1876 apparet.
558 1797 602 1858 At
623 1795 795 1878 posteriori
808 1795 913 1874 modo,
938 1795 965 1858 si
979 1793 1140 1858 mensibus
1159 1799 1219 1858 173
1237 1793 1352 1858 calculi
1367 1793 1562 1858 accesserint

238 1881 307 1946 (1133
330 1882 475 1964 praecise
498 1889 516 1947 3
541 1881 613 1964 (per
635 1885 851 1966 quantitatem
870 1883 1082 1985 appendicum
1101 1883 1254 1948 horarum
1275 1879 1334 1958 41
1341 1881 1364 1964 )
1387 1889 1457 1946 tunt
1474 1881 1561 1945 colli·

142 2010 145 2016 -
237 1977 358 2052 guntur
380 1969 447 2034 dics
471 1975 555 2036 5108
578 1971 608 2035 h.
626 1979 656 2051 6,
680 1993 764 2054 quae
780 1994 851 2036 sum
852 1979 887 2037 33
902 1974 1002 2036 sexies
1018 1969 1220 2036 constituunt
1235 1971 1424 2053 praecised.
1443 1975 1563 2046 30631,

239 2061 339 2126 etsie
361 2059 458 2142 plane
483 2063 523 2124 30
548 2060 626 2140 3133,
649 2079 704 2125 333
727 2061 841 2150 plenps
863 2061 977 2125 mensis
1000 2060 1091 2126 deest
1111 2060 1154 2126 ad
1174 2060 1271 2124 linem
1286 2065 1327 2124 84
1343 2057 1563 2130 Julianorum,

239 2147 328 2230 quod
351 2149 494 2222 convenit
518 2157 635 2230 puncto
658 2149 789 2234 primo..
817 2151 898 2218 Cum
920 2156 1029 2214 tamen
1051 2149 1144 2214 Luna
1165 2168 1240 2213 vere
1262 2147 1560 2212 133333330682

239 2237 270 2302 lt.
295 2243 324 2314 9,
352 2217 526 2320 plusquam
548 2235 752 2305 Julianusd.
781 2244 793 2301 1
820 2239 852 2306 1ι.
877 2243 907 2318 9,
936 2239 993 2320 qui
1015 2259 1164 2318 excessus
1188 2236 1318 2302 ablatus
1341 2257 1362 2300 a
1385 2241 1425 2300 30
1450 2236 1562 2300 dicbus

239 2285 493 2411 11133111333313,
528 2327 680 2408 relinquit
711 2333 835 2414 J'ustum
866 2333 899 2391 et
885 2327 1017 2392 tcoelo'
1048 2337 1221 2392 consonum
1251 2325 1282 2390 d
1315 2331 1356 2392 28
1387 2325 1418 2389 h.
1452 2329 1471 2390 3
1504 2347 1562 2408 pro

184 2471 187 2480 ,
239 2415 364 2496 integro
388 2419 440 2478 31.
464 2433 585 2478 mense:
610 2423 710 2499 atque
732 2416 791 2482 hoc
816 2417 960 2482 connsnit
983 2419 1102 2499 puncto
1125 2415 1276 2480 secundo.

321 2503 475 2584 Denique
507 2503 535 2568 si
565 2511 638 2587 post
668 2505 749 2572 alios
777 2511 819 2572 84
848 2525 949 2570 armos
976 2505 1029 2568 hio
1056 2505 1171 2569 mensis
1201 2509 1253 2570 31
1281 2501 1400 2567 habeat
1427 2520 1499 2566 non
1522 2506 1562 2565 39

240 2591 297 2654 sed
320 2595 361 2654 29
385 2591 436 2673 13
422 2599 536 2658 33333
559 2595 751 2694 respondeat
773 2592 908 2673 calculo,
931 2593 990 2676 qul
1010 2589 1122 2666 omnes
1142 2613 1267 2657 menses
1281 2591 1359 2656 lacit
1374 2590 1407 2655 d.
1424 2590 1515 2656 neh.
1533 2597 1563 2667 6,

240 2665 449 2758 dissimulatis
479 2680 666 2746 diebust
617 2703 651 2746 m
652 2675 854 2762 tercalariisl,
885 2643 964 2746 31133
986 2683 1077 2746 annis
1099 2679 1239 2746 Julianis
1265 2684 1326 2746 168
1349 2679 1474 2745 decedit
1496 2679 1563 2743 dies
1684 2667 1685 2702 ³

240 2769 303 2833 et
295 2788 328 2833 m
351 2770 442 2834 annis
469 2774 508 2832 14
532 2790 598 2836 una
618 2770 706 2852 hora,
721 2771 819 2854 quod
842 2771 989 2838 convenit
1011 2775 1132 2870 puncto
1155 2770 1407 2834 tertio..

329 2856 366 2922 ln
388 2857 447 2924 hoc
470 2879 545 2940 ergo
567 2858 636 2926 solo
658 2861 774 2944 accidit
796 2859 907 2941 aliqua
930 2858 1152 2936 contrarietas,
1177 2877 1262 2939 quae
1285 2857 1467 2941 Epiphanio
1488 2877 1560 2940 pos·

241 2952 291 3011 set
310 2944 414 3030 objici,
430 2952 637 3030 quaetamen
652 2949 801 3014 excusari
816 2954 929 3031 potest.
953 2947 1051 3026 Vidit,
1068 2967 1129 3012 usn
1142 2947 1273 3030 politico
1287 2945 1461 3024 indicante,
1477 2945 1563 3028 quod
1684 2963 1685 3032 1

241 3035 274 3098 13
296 3034 406 3118 primis
432 3040 469 3098 12
494 3035 587 3099 33313
609 3057 734 3120 semper
756 3045 777 3102 4
800 3037 900 3102 horae
914 3036 1078 3115 accedant,
1107 3035 1195 3118 quod
1218 3036 1295 3118 ipse,
1325 3035 1419 3117 quasi
1433 3055 1563 3116 semper
1684 3057 1685 3062 ¹

241 3122 341 3201 tieret,
373 3123 561 3206 simpliciter
591 3126 702 3192 retulit
733 3133 766 3190 et
794 3127 834 3190 in
858 3147 919 3190 sna
947 3125 1042 3190 etiam
1072 3125 1311 3208 computatione
1339 3143 1500 3188 annorum
1526 3123 1561 3185 14

240 3218 292 3276 est
317 3219 459 3276 secutus:
492 3218 525 3276 et
547 3213 591 3277 sic
613 3215 661 3280 rel
683 3237 747 3280 non
770 3213 982 3280 consideravit
1005 3211 1056 3278 vel
1079 3213 1227 3295 neglexit,
1250 3211 1345 3296 quod,
1370 3211 1481 3276 eodem
1505 3231 1564 3274 usn

241 3300 369 3386 politico
399 3301 511 3380 indice,
543 3301 585 3366 in
605 3323 690 3368 anno
726 3309 777 3368 13.
799 3309 831 3368 et
857 3309 907 3368 14.Ι
930 3323 994 3368 333
1016 3307 1036 3366 4
1059 3302 1117 3366 sed
1140 3308 1160 3367 6
1183 3301 1283 3367 13333
1306 3300 1477 3380 accedant,
1509 3299 1565 3363 sed

240 3390 301 3454 lroc
332 3389 405 3471 (ceu
435 3389 546 3473 causa)
579 3391 732 3474 neglecto,
762 3392 945 3476 properarit
973 3390 1016 3456 ad
1045 3389 1203 3457 clientum.
1260 3387 1343 3454 Sunt
1372 3387 1504 3473 quidem
1535 3395 1564 3452 33

139 3507 143 3526 ·
188 3485 190 3490 “
241 3477 308 3542 3113
329 3479 362 3542 13
381 3479 570 3561 Epiphanio
585 3487 702 3556 errata,
726 3481 781 3546 sed
804 3501 942 3563 quorum
964 3498 1080 3544 causae
1101 3483 1226 3563 patent.
1272 3478 1399 3543 Lunam
1421 3498 1463 3544 ex
1477 3477 1564 3561 cyclo

241 3567 359 3632 Niceno
381 3577 428 3632 33
461 3567 574 3654 leriam
610 3575 642 3633 et
672 3571 839 3672 utriusque
869 3569 1054 3636 3133333133
1085 3589 1106 3632 a
1136 3567 1211 3632 sede
1241 3567 1437 3668 aequinoctii
1467 3567 1564 3650 (quae

240 3654 444 3736 aequinoctio
475 3647 638 3739 assignata
668 3660 755 3723 est
746 3681 779 3723 m
808 3669 894 3722 antro
924 3654 1067 3736 iuliano)
1089 3663 1178 3722 recte
1199 3656 1337 3721 assumit
1357 3656 1509 3737 interque
1531 3675 1564 3718 sc

242 3749 402 3808 connectit
433 3743 613 3828 planeque
611 3767 685 3811 non
716 3747 866 3831 opinione
897 3751 1035 3825 333333,
1066 3744 1123 3810 sed
1149 3765 1186 3809 re
1207 3745 1279 3828 ipsa
1300 3745 1333 3810 in
1355 3743 1488 3808 Juliano
1512 3749 1564 3808 16.

241 3837 349 3896 versat
351 3853 403 3896 ur:
427 3832 516 3897 sed
503 3855 572 3920 Jam
593 3836 700 3900 omnia
722 3835 815 3900 simul
839 3857 902 3899 uno
924 3829 1048 3918 impetu
1069 3833 1249 3898 transiert'
1211 3841 1274 3898 tm
1289 3832 1435 3898 Romano
1453 3833 1563 3898 Calen-

240 3920 333 3985 dario
354 3941 481 3986 sursum
501 3943 560 4006 per
574 3924 733 3988 triduum:
756 3923 859 4002 credo,
876 3919 953 4006 quio
966 3943 1067 3988 unum
1082 3943 1204 4000 eornm,
1227 3926 1308 4005 puta
1323 3920 1562 4023 aequinoctium

240 4030 298 4074 suo
322 4010 439 4086 seculo,
463 4012 571 4077 rtiduo
592 4035 652 4098 sup
655 4014 738 4078 erius
761 4019 832 4082 erat
854 4017 1054 4091 annotatum,
1077 4033 1097 4076 a
1121 4011 1256 4076 Caesam
1278 4009 1435 4092 quidem
1426 4033 1461 4074 m
1475 4009 1561 4074 Vlll.

242 4097 309 4168 cal.
339 4099 468 4182 Aprilis,
499 4121 520 4163 a
549 4101 695 4168 Proterio
726 4123 800 4167 roro
832 4107 864 4164 et
886 4101 1050 4194 Palestina
1080 4099 1202 4184 syuodo
1226 4107 1259 4164 et
1281 4098 1538 4164 Alexandrinis
1530 4119 1563 4162 ιιι
1684 4195 1685 4200 1

240 4185 295 4250 XI
320 4187 513 4341 1113311311]
513 4211 681 4345 Saccedunt
708 4278 1011 4344 hallucinationes
1003 4298 1036 4342 m
1059 4247 1298 4378 permutatione
1320 4295 1443 4356 vocum,
1473 4301 1561 4359 τριιη,

240 4387 360 4443 ιιμιιιη,
383 4390 539 4447 scurram,
562 4366 686 4450 1113331,
710 4388 794 4452 quae
818 4379 874 4449 per
889 4387 924 4437 se
939 4367 1122 4450 produntur
1136 4371 1171 4431 et
1184 4365 1390 4446 corriguntur
1404 4363 1560 4438 facillime,

35 4440 41 4450 ’
115 4489 118 4494 -
239 4451 340 4518 Lunis
371 4459 403 4514 et
432 4453 519 4518 seriis
550 4464 582 4520 et
611 4457 823 4538 aequinoctio,
856 4461 892 4519 ut
923 4455 998 4532 dixi,
1030 4477 1088 4538 per
1118 4451 1265 4519 tridua
1256 4475 1289 4518 m
1311 4475 1389 4520 suas
1412 4453 1560 4536 pristinas

240 4539 331 4606 sedes
365 4539 504 4606 reductis
540 4544 698 4644 deorsum.
748 4549 855 4626 Atque
889 4543 935 4607 sic
968 4544 1065 4609 habet
1092 4563 1171 4616 cum.
1187 4541 1358 4628 Epiphanii
1385 4544 1561 4612 assertione

239 4648 344 4711 enque
366 4649 405 4692 ea
427 4651 499 4694 cum
520 4639 616 4716 negot
618 4631 648 4698 io
602 4633 780 4698 tLunae
802 4633 1092 4735 quartaedecimae.

330 4717 470 4782 Accedat
457 4723 556 4801 tJam
578 4719 703 4788 infinita
726 4722 782 4786 illa
804 4721 908 4786 nubes
929 4723 1003 4786 test
993 4741 1074 4803 rum,
1100 4741 1180 4805 quos
1202 4686 1380 4786 Declrerius
1403 4719 1558 4804 producit,
