3412 5538
691 281 1415 354 mahummicolas·
1455 269 1514 338 111

227 423 428 486 ..la'lssrtulauu‘¹
437 425 555 494 zteglsrr',
568 437 644 494 quam
655 422 776 494 supra(p.
786 424 848 494 loo)
861 429 922 481 ‹liolt
930 427 1052 490 Sentius,
1066 427 1186 532 οιιοιιιιιιι
1194 428 1306 498 Kaplero
1317 431 1463 494 numina
1476 432 1520 500 qul

170 507 274 562 parpens
285 497 314 548 in
325 500 488 564 responsione
501 499 535 550 ad
547 495 680 550 Odontium
691 499 755 550 haec
768 499 849 550 addi:t

257 629 338 702 Quis
351 632 407 696 rlle
421 633 456 698 Ρ
471 635 519 696 Jo.
535 633 701 715 Zieglerus,
716 655 754 698 ne
768 634 888 716 quidem
902 633 1112 699 nominetenus
1127 635 1236 700 divino.
1270 633 1399 708 Quaerit
1412 635 1518 717 primo,

174 727 272 784 uuum
294 739 369 804 spes
391 723 435 786 sit
456 723 638 788 Tabularum
658 723 943 810 Rudolphasarum?
981 723 1110 788 Omnino
1135 725 1191 788 has
1215 725 1366 806 promittit
1390 723 1515 790 Caesari

172 811 395 892 ⁴leugusglius,
416 812 568 894 Tyohouis
584 831 689 894 gener,
712 812 855 878 Caesaris
872 814 1025 876 consultor
1039 815 1080 878 ad
1095 814 1328 896 appellationes:
1353 815 1389 876 de
1405 833 1515 877 eonon

174 907 359 983 estaequmn
372 919 422 964 me
432 900 555 966 sinistre
565 903 698 966 ominari.
722 903 774 966 Me
783 903 863 985 quod
872 903 993 978 attinet,
1008 904 1188 968 adTabulas
1204 903 1371 984 dumspirc,
1387 904 1517 985 adspiro.

173 989 214 1053 lis
237 989 386 1071 perlectis
407 997 509 1055 utrum
535 987 651 1056 Caesar
674 1009 783 1056 nomen
806 1011 892 1058 suum
916 1010 1114 1056 concessurus
1136 993 1191 1068 sit,
1221 1011 1315 1076 penes
1338 993 1518 1074 Tengnaglii

173 1079 410 1144 intercessiones
424 1089 458 1144 et
473 1081 615 1145 (lassaris
638 1082 698 1144 erit
712 1081 877 1145 arbitrium.
892 1115 937 1128 -··
951 1075 988 1163 2)
1006 1081 1231 1146 Commentaria
1250 1100 1318 1146 mea
1333 1082 1370 1144 de
1385 1081 1516 1145 motibus

173 1169 285 1232 Martis
301 1189 338 1232 eo
353 1170 421 1235 loco
438 1177 524 1246 suut,
545 1177 581 1233 ut
595 1170 722 1252 primum
738 1178 829 1254 atque
844 1173 893 1235 vel
908 1172 1113 1253 Teugnaglius
1134 1172 1321 1254 concesserit
1335 1171 1384 1234 vel
1400 1171 1517 1235 Caesar

168 1257 299 1339 jussefit
320 1260 450 1339 pecunia
463 1260 676 1342 suppeditata,
698 1261 769 1324 dum
790 1261 998 1342 imprimuntur
1019 1261 1118 1326 limari
1140 1268 1173 1324 et
1194 1261 1311 1325 absolvi
1329 1261 1458 1343 possint.
1473 1291 1517 1306 -

173 1343 210 1429 3)
233 1347 389 1429 Tychonis
411 1349 463 1412 alii
478 1349 552 1412 tomi
567 1349 763 1430 epistolarum
777 1351 898 1434 prodire
912 1358 1055 1434 possent,
1077 1351 1104 1414 si
1125 1351 1157 1415 id
1171 1349 1352 1414 haeredibus
1370 1350 1515 1432 placeret.

174 1435 433 1500 Observationum
453 1457 526 1502 vero
548 1439 638 1515 tomi,
664 1439 825 1504 thesaurus
847 1441 879 1503 iu
899 1441 957 1504 hac
979 1448 1045 1504 arte
1068 1439 1330 1522 incomparabilis,
1360 1439 1516 1521 quominus

173 1526 278 1590 lucem·
292 1526 434 1603 videant,
461 1547 517 1609 per
538 1528 620 1593 solas
642 1529 778 1593 rationes
802 1529 981 1612 pecunarias
1011 1537 1089 1592 stat:
1126 1548 1197 1592 uam
1225 1528 1408 1592 haeredibus
1433 1527 1516 1609 prius

173 1617 360 1680 numeranda
374 1617 474 1682 adhuc
491 1616 606 1682 16000.
642 1618 747 1683 Habet
760 1619 864 1701 Tycha
887 1619 925 1682 de
941 1619 1067 1698 singulis
1082 1619 1215 1700 planetis
1230 1620 1418 1700 fragmenta,
1440 1633 1516 1700 quae

172 1705 380 1786 'leugnagllue
394 1725 463 1770 mea
478 1707 617 1788 opinione
633 1709 768 1772 diffamet
782 1709 814 1771 iu
829 1708 999 1772 tabularum
1015 1727 1099 1790 opus,
1115 1709 1141 1772 si
1157 1709 1227 1791 quid
1243 1707 1299 1771 sub
1314 1706 1373 1770 hoc
1388 1707 1515 1781 nomine,

173 1795 350 1876 praetentis
364 1795 454 1872 meis,
474 1797 631 1868 elaborare
646 1797 784 1861 voluerit
799 1829 844 1842 -
865 1791 902 1879 4)
924 1798 972 1861 De
988 1797 1139 1862 anomalia
1160 1799 1288 1860 fixarum
1309 1795 1413 1878 Tycha
1438 1794 1518 1878 quod

175 1885 268 1948 edam
290 1884 491 1951 constitutum
511 1886 618 1950 habuit
638 1885 720 1950 nihil.
750 1887 956 1950 Nam-ultimo
978 1887 1062 1963 vitae
1084 1906 1164 1952 anuo
1187 1887 1259 1950 mihi
1281 1885 1384 1949 varias
1407 1901 1516 1968 specu·
1626 1959 1633 1974 ,

174 1973 304 2037 lationes
320 1992 411 2055 super
426 1975 484 2038 hac
499 1995 532 2039 re
546 1977 728 2058 proponenti
743 1977 901 2059 respondit
915 1978 973 2040 hoo
988 1976 1098 2039 solum:
1125 1976 1352 2058 ,cogitandum
1373 1976 1516 2038 anniten-

175 2063 273 2126 dum“.
320 2061 410 2135 Quod
425 2063 518 2146 ipsius
533 2065 681 2147 principia
697 2065 827 2144 attinet,
846 2086 896 2130 res
917 2066 975 2148 ipsi
998 2066 1038 2130 ad
1054 2065 1280 2146 Goperuicauae
1301 2063 1517 2146 speculationis

174 2153 301 2215 lormam
321 2153 490 2216 recidisset
533 2155 614 2218 Nam
636 2155 705 2238 quia
720 2156 760 2220 ab
781 2162 909 2220 externa
924 2155 1025 2238 aliqua
1039 2175 1144 2232 causa,
1166 2174 1243 2238 quae
1259 2155 1328 2218 lixis
1343 2154 1442 2218 stellis
1457 2154 1516 2216 im·

174 2241 310 2324 putanda
323 2262 385 2306 nou
401 2243 456 2320 sit,
477 2243 556 2306 hauc
571 2245 753 2310 anomaliam
767 2245 898 2310 defluere
914 2244 1003 2308 dixit:
1028 2265 1150 2310 oausam
1166 2245 1249 2308 illam
1264 2251 1318 2307 aut
1333 2243 1517 2325 superiorem

175 2332 240 2395 bnis
257 2339 382 2414 oportet
397 2351 465 2396 esse
480 2339 535 2396 aut
548 2332 727 2398 inferiorem
751 2333 787 2398 Si
803 2335 946 2416 superior,
963 2333 1098 2416 Tychoui
1113 2335 1234 2398 interna
1249 2353 1343 2396 causa
1357 2333 1517 2407 videbitur,
1548 2397 1550 2402 ,

174 2421 223 2502 qui
247 2421 303 2484 sub
326 2421 374 2484 his
394 2421 495 2484 verbis
514 2430 635 2486 veteres
656 2441 751 2506 usque
774 2423 814 2486 ad
834 2421 1108 2504 Regicmontanum
1130 2422 1282 2505 coarguit,
1305 2440 1371 2485 cum
1394 2440 1517 2484 causam

175 2511 343 2574 anomaliae
364 2510 396 2574 in
418 2530 528 2576 nonam
550 2519 584 2575 et
613 2512 759 2576 decimam
782 2514 942 2594 sphaeram
964 2511 1173 2576 contulissent
1224 2512 1295 2576 Nou
1322 2510 1440 2592 placuit
1459 2511 1517 2573 hoc

175 2599 321 2683 'lychoni
335 2601 402 2664 vult
417 2619 539 2664 causam
555 2610 721 2679 externam,
736 2603 767 2666 id
783 2608 832 2664 cst
846 2623 867 2665 a
881 2602 955 2666 reali
970 2601 1097 2664 harum
1111 2609 1195 2666 motu
1211 2599 1411 2664 remotiorem.
1437 2599 1517 2664 Nam

176 2690 238 2753 sive
260 2691 292 2752 iu
316 2709 371 2752 sua
392 2691 523 2771 sphaera
542 2691 606 2755 sive
627 2711 682 2774 per
703 2693 780 2756 alias
803 2691 950 2772 sphaeras
970 2698 1164 2767 moveantur,
1185 2697 1286 2754 motus
1307 2689 1393 2771 ipsae
1414 2706 1517 2752 omnes

175 2797 206 2842 se
220 2779 298 2861 ipsis
311 2779 536 2861 perpetiuntur,
559 2799 625 2844 cum
641 2782 736 2864 quiin
752 2799 839 2845 curru
855 2781 943 2844 sedet
959 2780 1078 2845 omuino
1093 2788 1177 2844 motu
1198 2799 1301 2844 currus
1322 2785 1354 2840 et
1369 2777 1435 2860 ipse
1449 2791 1538 2840 mo··
1640 2815 1644 2833 .

173 2877 289 2932 ceatur.
334 2869 443 2952 Itaque
458 2869 562 2952 Tyohc
578 2890 701 2935 oausam
721 2889 813 2954 supra
833 2871 910 2934 fixas
926 2890 986 2935 nou
1002 2879 1143 2952 quaeret,
1159 2888 1253 2953 eoque
1268 2869 1382 2944 miuus,
1404 2866 1518 2950 quoda

174 2957 312 3040 sphaeris
328 2955 488 3039 ἅνασιροις
503 2960 622 3024 omnino
638 2961 737 3024 alieno
752 2961 810 3024 fuit
825 2959 940 3037 animo,
962 2959 1080 3042 quidvis
1101 2960 1309 3042 potiusquam
1327 2959 1385 3021 has
1401 2955 1516 3020 admis-

173 3067 269 3112 surus
316 3047 444 3113 Statuet
458 3049 551 3130 igitur
566 3055 690 3114 causam
711 3049 879 3116 anomaliae
898 3050 1070 3114 inferiorem
1089 3049 1166 3112 lixis.
1202 3050 1272 3113 Non
1287 3054 1394 3130 potest
1414 3053 1516 3108 autern

173 3137 252 3200 mira
267 3137 354 3212 lixas,
370 3137 428 3201 uisi
444 3146 498 3201 aut
511 3139 543 3202 iu
553 3138 625 3204 Sole
642 3140 741 3204 autin
756 3139 936 3222 ipsaTerra
967 3139 1001 3202 Si
1017 3139 1048 3202 in
1058 3139 1162 3215 Terra,
1177 3137 1209 3201 id
1221 3137 1313 3202 aliter
1328 3155 1388 3200 uon
1402 3141 1517 3220 potest,

173 3227 230 3290 uisi
245 3227 301 3289 illa
316 3227 357 3288 ad
371 3227 524 3291 minimum
546 3229 651 3292 diurno
672 3231 796 3312 iusuper
814 3235 902 3292 motu·
917 3227 1066 3292 volvatur.
1100 3229 1204 3309 Negat
1218 3228 1276 3291 hoc
1291 3225 1404 3308 Tycha.
1433 3225 1517 3306 Ergo

172 3315 204 3379 in
218 3315 304 3380 Sole.
338 3317 375 3380 Iu
390 3317 449 3380 hoc
469 3334 542 3380 vero
564 3337 625 3383 nou
647 3319 737 3384 ahter
751 3319 809 3383 nisi
825 3319 884 3394 sic,
905 3326 941 3382 ut
956 3317 1009 3382 Sol
1025 3317 1151 3381 inclinet
1171 3317 1231 3379 iter
1246 3335 1346 3390 suum,
1368 3315 1448 3397 quod
1463 3334 1516 3378 ec-

172 3405 308 3487 lipticam
322 3405 457 3482 dicimm,
471 3407 561 3470 utita
575 3409 726 3472 sectiones
737 3407 895 3490 eclipticas
911 3416 944 3470 et
957 3407 1132 3490 aequaturis
1141 3399 1418 3485 transferantur*).
1447 3403 1518 3468 Erit

171 3493 275 3578 itaque
291 3514 353 3560 non
368 3496 520 3560 mensalia
534 3497 674 3575 harum,
696 3498 751 3561 sed
767 3495 918 3561 anomalia
938 3495 1207 3580 aequinoctiorum,
1229 3495 1309 3577 quod
1329 3493 1516 3575 (ioperuicus

170 3585 276 3649 uoluit
321 3585 428 3668 Neque
444 3593 546 3648 tamen
561 3605 626 3650 rem
641 3587 818 3668 expedisset
831 3587 890 3650 hoc
910 3594 1012 3667 pacto.
1050 3585 1197 3659 Ριίιιιιιιιι,
1220 3583 1278 3646 etsi
1301 3583 1420 3666 quidem
1441 3583 1515 3646 etli-

170 3675 255 3756 ptica
269 3693 343 3737 vere
358 3673 473 3738 deserit
489 3675 629 3758 antiquas
644 3678 722 3741 lixas
738 3685 771 3739 et
789 3695 880 3757 super
901 3695 997 3738 novas
1019 3675 1148 3749 transit,
1170 3693 1208 3736 ea
1228 3681 1332 3736 tamen
1354 3671 1516 3735 declinatio

171 3783 271 3848 neque
283 3771 350 3826 tam
369 3783 481 3845 magua
496 3773 560 3841 est,
575 3772 611 3828 ut
626 3785 664 3829 es
680 3785 716 3830 ea
731 3772 800 3829 tota
813 3766 890 3829 haec
905 3763 1057 3830 anomalia
1078 3763 1207 3837 defluat,
1228 3779 1325 3844 neque
1340 3770 1405 3824 tam
1418 3762 1517 3836 velox,
1537 3838 1541 3847 Ι

168 3862 204 3916 ut
218 3853 289 3917 inde
306 3875 326 3915 a
340 3853 517 3918 Ptolemaeo
540 3861 630 3917 tauta
650 3855 817 3918 anomaliae
839 3855 939 3937 portio
962 3853 1156 3936 processerit
1199 3851 1320 3916 Deinde
1338 3850 1427 3914 hoo
1418 3865 1516 3932 speum

170 3945 250 4025 apud
272 3942 449 4048 'lychonem
470 3951 574 4008 manet
595 3944 822 4026 inexplicabile,
844 3945 993 4027 quomodo
1014 3943 1064 4006 vel
1080 3940 1303 4030 simplicissima
1319 3947 1356 4003 et
1369 3939 1515 4023 aequabi-

169 4033 285 4097 lissima
306 4022 463 4113 processio
485 4034 612 4097 fixarum
634 4035 800 4116 contingat
836 4035 917 4098 Nam
941 4041 995 4096 aut
1019 4031 1158 4114 sphaeris
1180 4019 1342 4110 cleemporo
1361 4049 1436 4114 opus
1458 4036 1515 4102 est,

169 4130 222 4186 aut
236 4131 322 4186 motu
338 4121 484 4198 Telluns;
508 4143 633 4207 quorum
648 4131 787 4186 neutrum
801 4123 937 4206 Tychoni
952 4122 1075 4204 placuit
1111 4119 1187 4184 Mihi
1202 4120 1321 4183 videtur
1335 4117 1421 4182 litem
1435 4135 1513 4200 pen-

168 4211 292 4276 dentem
311 4211 352 4275 atl
366 4219 509 4293 posteros
525 4213 807 4288 transmittendam,
829 4211 972 4295 'lychoue
994 4230 1055 4276 uon
1076 4216 1265 4292 repugnante
1286 4209 1441 4291 minusque
1461 4225 1513 4270 re-

166 4307 350 4384 pugnatura,
366 4301 393 4364 si
409 4301 614 4384 expendisset,
630 4310 681 4366 sat
696 4302 767 4365 scio.
796 4303 877 4366 Nam
892 4309 943 4364 sat
958 4309 1062 4366 uotum
1079 4307 1128 4363 est
1143 4297 1335 4375 astronomis,
1349 4306 1386 4361 ut
1400 4311 1439 4360 ex
1452 4313 1512 4357 uuo

164 4399 280 4473 puncto
295 4391 398 4454 nullus
414 4397 515 4454 certus
537 4411 626 4455 arcus
642 4391 811 4455 delineatur
832 4386 889 4474 (ad
910 4391 1063 4455 minimum
1078 4390 1157 4454 euim
1178 4387 1275 4451 tribus
1297 4385 1417 4468 punctis
1438 4402 1513 4465 opus

164 4473 247 4564 est),
270 4481 316 4546 sic
339 4497 438 4563 noque
458 4499 496 4543 ex
517 4481 606 4545 unica
628 4481 840 4545 observatione
863 4481 1003 4544 anomala
1024 4481 1109 4562 leges
1130 4477 1210 4544 illins
1233 4475 1401 4540 anomaliae
1421 4491 1513 4556 posse

243 4659 273 4730 ⁸)
291 4661 398 4718 mum
412 4658 513 4733 aliquid
526 4661 609 4718 etiem
622 4661 674 4717 hoc
687 4661 802 4725 nomine,
817 4663 887 4735 quod
905 4659 933 4715 in
946 4655 1189 4732 aequinoctialibus
1202 4655 1308 4730 pandis
1321 4649 1402 4709 hodie
1411 4667 1513 4725 sequa·

158 4743 200 4799 lio
213 4743 357 4807 maimo,
379 4755 441 4798 cnm
453 4740 528 4807 olim,
548 4757 676 4816 apogaeo
690 4743 719 4798 iu
732 4733 813 4805 ΜΠ
832 4748 974 4806 comte,
994 4740 1081 4796 minor
1100 4745 1174 4796 emet
1186 4735 1315 4809 aequatio
1333 4736 1407 4806 apud
1419 4735 1513 4830 aequi·

156 4825 261 4884 masta

1696 4831 1698 4945 l
