3412 5538
631 319 944 389 mammaeam
1225 313 1231 324 ’
1372 303 1461 378 'loe

127 462 313 544 Nam-adhuc
327 463 388 530 rub—
400 461 531 530 Sedecia
544 463 665 548 legatos
686 465 782 530 hebet
796 465 894 548 Tyrus
908 465 1141 550 Hierosolymis:
1166 475 1199 534 et
1214 489 1294 536 anuo
1310 465 1361 538 27.
1378 471 1462 555 capti

126 552 282 618 Jechoniae
296 553 442 619 Ezechiel
457 554 560 630 refert,
576 555 723 638 quomodo
738 563 810 638 post
824 555 1091 621 laboriosissimam
1111 559 1183 642 lysi
1206 562 1461 644 expugnationem

126 643 202 706 Deus
220 644 401 726 Aegyptum
422 643 622 708 destinaverit
642 645 811 728 Babylonio
832 645 863 708 in
886 647 1060 728 praemium.
1106 647 1204 730 Igitur
1227 651 1307 715 huuc
1332 651 1462 736 Jcsephi

126 731 215 796 locum
235 751 293 814 ego
315 733 360 796 sio
381 741 535 816 computo:
558 733 696 798 inunam
716 754 861 800 summam
881 735 1009 816 conjicio
1028 737 1129 800 omnia
1148 745 1285 822 tempore
1305 759 1463 823 expresse,

126 821 268 903 prodeunt
283 823 356 886 anni
372 823 424 888 55.
454 824 496 886 ld
512 823 542 887 3.
574 821 651 888 Cum
665 823 757 906 igitur
771 825 792 888 J
793 824 923 906 oeephus
939 833 1077 890 numeret
1091 825 1143 892 54.
1157 827 1199 890 Μ.
1215 828 1245 904 3,
1267 831 1461 894 manifestum

126 917 176 984 est,
190 911 232 974 illi
247 931 362 975 sunum
375 912 529 976 Belatoris
545 913 714 976 coincidere
729 931 797 978 cum
810 913 916 977 ultimo
932 933 988 978 sex
1003 935 1148 980 annorum
1162 917 1302 1002 Mytgoni
1318 926 1351 984 et
1360 917 1463 984 Gera-

126 999 216 1076 stroti,
231 1001 315 1083 quod
330 1009 365 1066 et
378 1002 447 1084 ipse
467 1001 559 1065 litera
578 1001 703 1065 indicat
739 1002 798 1066 llic
817 1010 859 1066 tu.
871 1021 1012 1067 numeras
1031 1005 1120 1088 longe
1140 1006 1237 1070 minus
1257 1008 1464 1090 probabiliter,

125 1089 158 1151 ab
172 1089 255 1154 initio
271 1091 409 1155 Ithobali
425 1091 465 1154 ad
482 1090 531 1154 14.
546 1091 650 1154 Iromi:
672 1092 732 1154 imo
748 1099 831 1156 certe
847 1114 867 1155 a
881 1093 1029 1175 principio
1045 1095 1189 1160 obsessae
1204 1097 1277 1178 'lyri
1297 1119 1316 1160 a
1331 1092 1463 1162 7.1ι1ιο-

124 1177 181 1242 bali
193 1198 248 1260 per
265 1180 308 1244 13
332 1181 471 1244 residuos
486 1187 626 1244 numerat
639 1180 792 1262 Josephus
816 1181 965 1252 adfinem
979 1183 1079 1248 Ircnd.
1114 1183 1178 1248 Sed
1193 1185 1233 1248 ad
1247 1204 1345 1250 meum
1361 1187 1463 1262 ealcu-

123 1267 190 1330 lnm:
213 1269 252 1334 ab
268 1269 320 1332 his
337 1269 380 1334 54
397 1269 485 1334 annis
500 1271 585 1334 aufer
599 1269 723 1335 ultimos
738 1265 775 1346 7;
797 1271 864 1334 Ima
880 1271 929 1334 14.
945 1272 1037 1336 Iromi
1053 1272 1152 1354 Cyrus
1173 1274 1268 1356 cepit:
1292 1275 1405 1340 residui
1420 1271 1463 1341 47

124 1365 187 1421 suut
200 1357 398 1424 intervallum
417 1360 498 1425 iuter
517 1359 695 1440 principium
715 1359 859 1422 obsessae
875 1361 947 1443 Tyri
968 1368 1001 1423 et
1019 1361 1198 1444 principium
1213 1362 1464 1446 cynrersisum,

122 1447 183 1527 Age
193 1448 267 1529 jem,
283 1449 358 1532 quia
372 1448 472 1531 Cyrus
488 1448 589 1530 eoepit
604 1467 682 1511 anno
698 1449 909 1513 Nabonassari
927 1449 998 1528 188,
1012 1458 1049 1515 ut
1062 1459 1097 1516 tu
1112 1460 1279 1534 computes,
1295 1455 1466 1520 anserinus

122 1530 171 1612 47,
191 1545 294 1601 restat
315 1557 373 1620 pro
392 1537 539 1621 principio
560 1537 704 1602 obsessae
720 1539 792 1620 Tyri
808 1558 904 1602 annue
928 1539 999 1602 141.
1019 1541 1237 1605 Nabonassari.
1265 1544 1298 1608 Is
1320 1563 1394 1608 vero
1415 1551 1465 1608 est

115 1625 173 1702 ¹dle,
186 1627 217 1691 in
232 1647 292 1710 quo
309 1647 391 1692 anno
406 1627 513 1710 incipit
529 1627 662 1692 decimus
678 1633 805 1691 octavus
818 1628 1144 1706 Nabuchodonosoris,
1167 1638 1281 1695 etcum
1303 1653 1362 1717 quo
1378 1633 1464 1700 coiu-

122 1715 188 1778 eidit
208 1717 257 1780 10.
274 1716 443 1793 Sedeciae;
472 1736 530 1800 quo
560 1735 639 1780 auno
668 1724 792 1782 constat
814 1717 1001 1800 Aegyptium
1025 1719 1159 1784 subsidio
1183 1721 1304 1785 venisse
1329 1722 1482 1788 obsessis,

121 1805 322 1888 Jerosolymis,
340 1814 373 1870 et
388 1807 471 1888 quus
488 1805 558 1870 euni
572 1807 775 1886 praecedente
790 1825 871 1882 vere,
888 1816 1027 1872 currente
1038 1809 1078 1872 ad
1087 1810 1177 1872 finem
1186 1831 1265 1874 enno
1275 1809 1305 1876 9.
1316 1809 1465 1876 Sedeeiae

123 1887 179 1974 (ubi
194 1915 291 1960 anuos
307 1896 342 1960 in
356 1896 478 1960 Pascha
499 1895 655 1958 terminari
670 1895 796 1960 Judaeie
817 1890 949 1979 accipio)
974 1898 1076 1980 coepit
1089 1899 1229 1968 ‚obsideri
1244 1901 1466 1984 Hierosolyma.

123 1981 280 2049 Goudcitur
295 1983 379 2062 hinc,
393 1985 606 2068 Hierosolyma
622 1991 654 2048 et
668 1985 780 2068 'Pyrum
797 1986 885 2050 simul
901 1986 1033 2050 obsideri
1050 1995 1184 2070 coeptas,
1204 1987 1275 2054 hinc
1290 1990 1361 2054 illae
1376 1990 1465 2054 lach-

122 2092 229 2156 rymae,
252 2093 335 2158 quae
350 2076 468 2158 Aprien
482 2075 620 2158 Aegypti
634 2073 751 2156 Regem
769 2075 978 2158 prolicuerunt
1001 2077 1041 2140 ad
1063 2077 1221 2161 suppetias
1235 2073 1385 2143 ¹ferendas
1406 2079 1465 2144 Ju-

122 2163 203 2228 dseis
248 2165 354 2248 Tyrus
376 2165 455 2228 enim
477 2165 579 2228 editus
601 2170 650 2227 eet
671 2164 710 2228 ad
731 2165 909 2250 Aegyptum
929 2165 1136 2249 Babylonicae
1159 2169 1327 2248 potentiae.
1356 2169 1465 2253 Itaque
1521 2191 1530 2214 r

121 2252 225 2336 aliquot
254 2255 349 2320 annis
372 2263 443 2318 ante
465 2254 594 2336 legimus
624 2261 790 2318 conuentus
818 2263 908 2319 actos
928 2256 1128 2339 Jerosclymis
1158 2257 1213 2320 sub
1239 2256 1385 2335 Sedecia,
1414 2258 1467 2324 ubi

120 2341 282 2426 Aegyptius
297 2345 360 2409 hoc
376 2345 455 2426 egit,
476 2351 511 2407 ut
526 2345 640 2426 Tyrus,
660 2343 780 2406 Judaea
796 2351 828 2406 et
843 2343 988 2408 finitimae
1004 2353 1113 2427 gentes
1130 2346 1236 2409 ecdem
1256 2347 1378 2411 loedere
1389 2347 1464 2428 jun-

122 2441 253 2512 gerentur
277 2441 391 2498 ccntra
415 2433 630 2517 Babylonium,
664 2433 799 2516 adeoque
825 2441 858 2496 et
880 2433 1009 2519 durante
1033 2432 1189 2498 obsidione
1218 2435 1330 2517 legitur
1353 2435 1467 2519 Aprica

120 2522 263 2586 maritima
287 2523 375 2588 bella
399 2523 532 2605 gessisse
559 2539 625 2584 oum
650 2520 800 2598 Sidoniis,
823 2522 978 2604 intellige,
1008 2524 1303 2588 Nabuchodonosori
1328 2525 1467 2602 subditis,

123 2611 185 2691 Tyri
199 2612 382 2676 liberandae
406 2632 506 2678 causa
543 2611 651 2694 Itaque
673 2611 758 2686 vide,
779 2631 819 2675 ne
832 2611 987 2694 Jcsephus
1009 2611 1055 2675 ita
1077 2613 1224 2696 senserit,
1246 2614 1400 2698 siquidem·
1416 2621 1468 2680 set

123 2698 229 2766 Graece
250 2702 372 2784 potuit:
396 2698 520 2791 iddopp
539 2723 594 2784 γαρ
615 2724 662 2764 και
681 2705 793 2788 δικατῳ
814 2699 872 2765 dccc
893 2723 945 2784 της
964 2703 1281 2786 Ναβουχοόωοσορον
1303 2705 1470 2784 βασιλεως.

121 2789 190 2854 llam
204 2799 312 2856 stante
331 2799 385 2856 tue
401 2792 508 2856 tabula
521 2792 649 2873 Regum,
664 2791 854 2856 verissimum
870 2798 933 2867 est,
955 2791 1190 2874 septemdecimo
1206 2813 1285 2858 anno
1300 2793 1467 2858 Nabucho-

121 2877 268 2946 donosorls
286 2888 431 2964 coeptam
447 2881 579 2946 obsideri
595 2881 715 2963 Tyrum.
745 2879 810 2945 Sed
823 2888 859 2944 ut
873 2880 996 2958 videas,
1018 2899 1067 2944 me
1082 2901 1143 2946 non
1164 2889 1286 2947 tantum
1306 2881 1472 2948 conciliare.

121 2969 1095 3143 lertJtthttllld‘sltlltlflsltlblbl
1114 2972 1468 3126 :tttbltlllt

122 3156 233 3230 captam
255 3080 357 3216 luissg
377 3137 504 3234 Tyrum:
537 3150 622 3214 aufer
649 3149 813 3214 obsidionis
838 3149 894 3224 13,
920 3108 1100 3232 relinquitur
1127 3150 1169 3214 14
1189 3152 1273 3233 capti
1290 3149 1468 3228 dechouiae,

119 3235 170 3300 ie
186 3261 284 3306 annus
300 3241 336 3305 3.
351 3247 462 3323 captae
476 3238 704 3322 ierosolymae,
724 3246 761 3302 ut
781 3246 922 3303 numeret
943 3239 1016 3302 alibi
1037 3237 1088 3304 ille
1111 3240 1277 3322 Propheta
1313 3241 1394 3305 Nam
1417 3241 1469 3324 qui

120 3331 279 3410 praecessit
294 3330 418 3396 initium
434 3329 602 3405 Sedecias,
619 3329 677 3392 fuit
691 3328 736 3392 illi
752 3348 848 3392 annus
865 3329 948 3410 capti
962 3328 1146 3406 Jechoniae,
1169 3337 1202 3394 et
1217 3330 1260 3393 sic
1274 3329 1390 3414 primus
1406 3329 1469 3395 Se-

120 3416 212 3484 dssire
227 3429 278 3484 est
293 3420 342 3484 illi
359 3420 510 3483 secundus
527 3418 609 3500 capti
622 3417 800 3482 Jechdniae.
824 3417 934 3483 Tribus
950 3417 1039 3485 annis
1055 3419 1267 3484 descendimus
1282 3419 1469 3502 profundius,

120 3524 197 3587 quam
210 3509 307 3592 prius
346 3509 520 3573 Verisimile
544 3514 607 3584 est,
629 3507 748 3572 initium
764 3507 939 3573 obsidionis.
952 3507 1046 3571 fuisse
1068 3509 1168 3590 captis
1179 3508 1245 3589 jam
1259 3509 1470 3592 Jerosolymis,

120 3603 147 3657 et
162 3597 467 3663 Nabuchodonosore
496 3599 526 3662 in
552 3597 688 3662 Reblata
711 3589 908 3679 (Antiochia)
940 3604 1160 3680 commorante:
1189 3597 1223 3661 id
1245 3598 1351 3680 procul
1376 3597 1468 3662 dubio

119 3683 198 3766 hujus
221 3687 394 3754 obsidionis
414 3707 515 3752 causa
561 3685 596 3751 Si
618 3705 690 3768 ergo
713 3707 732 3750 a
755 3704 871 3750 summa
893 3680 935 3750 47
961 3706 1108 3750 annorum
1129 3687 1251 3752 auferas
1274 3694 1395 3770 tempus
1410 3689 1468 3752 ob·
1501 3711 1502 3714 ¹

120 3773 246 3854 sidicnis,
267 3785 397 3842 restant
411 3777 455 3842 34
470 3778 509 3842 ab
525 3783 701 3859 expugnata
715 3777 796 3858 Tyro
818 3777 858 3838 ed
873 3775 991 3840 initium
1007 3775 1080 3858 Gyri
1096 3782 1129 3841 et
1143 3796 1255 3841 annum
1272 3775 1344 3841 188.
1359 3776 1468 3842 Nabo-

119 3867 237 3931 uassari.
267 3867 338 3932 Sed
354 3867 391 3930 de
407 3887 466 3930 uno
483 3887 562 3932 auno
577 3885 638 3929 non
654 3865 747 3929 debet
762 3884 830 3929 esse
847 3865 1011 3930 contentio.
1043 3861 1124 3938 Quid
1140 3867 1166 3930 si
1180 3859 1355 3949 naiuqueut
1370 3886 1469 3931 annus

117 3951 268 4034 lteletoris,
284 3957 333 4021 sic
347 3957 462 4040 primus
480 3975 597 4040 quoque
612 3955 759 4019 Msrbalis
774 3956 926 4020 referetur
941 3955 997 4043 sub
1014 3975 1070 4019 sex
1085 3975 1181 4020 annos
1196 3955 1356 4021 Judicum?

197 4045 367 4130 Superest,
389 4052 425 4110 ut
440 4047 643 4128 objectiones,
664 4065 741 4128 quas
755 4045 929 4127 praevideo,
944 4043 1114 4109 discutiam.
1144 4045 1279 4110 Primum
1294 4045 1393 4123 dices,
1415 4051 1468 4110 ta·

118 4131 210 4198 hulam
229 4136 371 4220 Regum,
397 4134 523 4219 Georgi
548 4133 684 4218 Syncelli
706 4133 898 4210 testimonio,
922 4152 984 4198 nou
1006 4153 1075 4198 esse
1097 4135 1188 4218 plane
1215 4135 1280 4199 siue
1304 4137 1468 4201 varietate.

118 4219 234 4289 Utinam
249 4227 379 4301 scirem,
402 4226 468 4307 quis
483 4225 533 4290 ille
550 4223 712 4308 Syncellus
728 4231 760 4287 et
775 4223 847 4307 quid
862 4223 1029 4306 scripserit
1065 4225 1146 4290 Puto
1161 4225 1246 4289 illum
1262 4232 1317 4290 aut
1331 4224 1413 4308 loqui
1424 4224 1466 4287 de

119 4329 163 4386 eo,
181 4316 259 4396 quod
275 4315 481 4380 ecclesiastici
497 4311 571 4396 (uec
585 4313 645 4387 hic,
667 4333 741 4396 quos
757 4313 855 4390 dicat,
880 4321 1040 4396 expertum
1054 4311 1165 4397 habet)
1184 4309 1225 4379 17
1249 4333 1346 4379 annos
1362 4313 1466 4394 eripu-

118 4411 196 4465 erunt
207 4403 428 4481 Nebonnadio,
448 4424 507 4487 qua
521 4405 555 4467 in
570 4423 603 4467 re
616 4401 766 4467 Berosum
784 4403 817 4468 iu
831 4403 853 4468 J
854 4403 968 4485 osepho
983 4410 1059 4485 puto
1079 4411 1217 4468 secutos:
1242 4404 1367 4478 eosdem
1380 4420 1466 4478 vero,

117 4497 147 4554 ut
167 4513 313 4558 annorum
339 4493 406 4558 424
430 4513 571 4558 numerus
597 4491 722 4557 illaesus
756 4499 856 4569 esset,
886 4493 1091 4558 restituerunt
1112 4492 1352 4558 Nabonassaric.
1397 4489 1466 4555 Ant
1496 4503 1499 4510 ’

117 4577 238 4662 loquitur
253 4582 291 4647 de
308 4603 357 4660 eo,
371 4584 453 4666 quod
466 4581 699 4648 Evilmerodach
714 4582 809 4646 habet
823 4582 859 4660 3,
880 4582 912 4646 in
926 4583 1044 4662 Beroea
1061 4585 1096 4660 2,
1119 4590 1173 4649 aut
1188 4583 1268 4667 quod
1282 4581 1462 4646 Laboroso-

118 4667 256 4735 ardaohos
270 4673 378 4750 abest,
394 4679 427 4736 et
441 4672 692 4755 Niriglissororos
706 4671 802 4736 habet
817 4671 840 4736 5
852 4672 885 4737 in
898 4672 1033 4748 Beroso,
1048 4671 1098 4736 hio
1112 4672 1151 4748 4,
1171 4673 1224 4738 ille
1248 4688 1358 4736 ιιιιιι
1372 4689 1465 4735 unum
1503 4695 1505 4702 ’

117 4758 215 4824 uinus
243 4761 371 4842 liceo,
394 4761 475 4846 quod
495 4762 730 4829 Evilmerodsch
750 4762 846 4828 habet
866 4762 904 4838 3,
924 4769 1000 4844 puto
1024 4761 1068 4826 sic
1089 4781 1194 4826 verum
1215 4777 1299 4834 esse,
1321 4759 1355 4822 si
1369 4764 1462 4843 pater

118 4845 390 4928 Nabuchodonosor
403 4851 499 4920 habet
512 4851 565 4930 43,
581 4857 615 4918 et
629 4851 752 4933 abdicet
767 4859 839 4918 aute
854 4851 944 4928 linem
958 4851 1051 4930 vitas,
1066 4851 1125 4916 nisi
1140 4851 1212 4933 quia
1226 4845 1347 4914 difficile
1356 4849 1460 4927 dictu.
1558 4899 1561 4904 -
