3310 5538
595 324 626 374 de
641 323 789 378 (teloniario
802 328 962 394 Gregorianc.
1413 317 1452 384 51

103 455 153 520 soll
174 457 355 540 eingefiihrt
371 457 457 545 sein)
476 464 637 548 bpgangen
655 469 785 532 worden.
816 471 875 533 Dic
895 472 1015 535 werden
1034 493 1091 537 vus
1105 475 1243 556 pleiben‚
1268 497 1301 540 so
1317 477 1390 560 lang
1407 479 1456 542 die

102 545 208 698 gpllsllen
231 549 311 612 Zahl
337 551 455 634 pleibt,
487 551 566 619 Gott
589 557 648 637 geb
673 575 742 622 men
766 577 944 641 verpessere
968 563 1030 624 und
1054 565 1162 627 fliclrhe
1188 566 1280 644 dran,
1304 568 1360 632 uie
1385 586 1455 631 men

99 655 124 696 u
165 657 191 698 e.

186 725 468 794 cancellarius:
491 732 684 798 Ebendmmb
706 736 806 799 haben
828 738 882 800 wir
901 739 950 801 die
972 740 1261 824 guldenabgethen
1282 745 1344 808 vnd
1367 745 1456 810 defiir

98 815 146 880 die
160 815 303 898 Epautes
320 819 504 900 eingemhrt.

189 913 392 998 Syndicus:
415 919 492 999 Meg
511 939 582 1000 man
597 921 657 985 dan
672 923 806 1001 mitden
821 915 949 1010 Epactis
965 927 1131 1011 allerdings
1148 932 1298 1012 gevolgen
1318 932 1379 996 und
1393 951 1454 995 von

95 1001 237 1066 lrthumb
253 1007 320 1088 frey
335 1006 479 1087 pleiben?

186 1104 499 1168 Mathematicus:
525 1106 648 1171 Olevius
664 1109 846 1187 belrhennet,
868 1113 940 1175 dass
955 1115 1034 1176 noch
1050 1116 1127 1177 auch
1143 1117 1238 1178 durch
1253 1117 1301 1180 die
1317 1095 1455 1198 Epeotas

97 1189 230 1274 ellerlay
246 1194 412 1271 Irthnmbe,
428 1195 483 1258 wie
500 1197 594 1260 durch
609 1199 657 1261 die
673 1201 784 1280 gulden
802 1196 887 1277 Zehl,
904 1203 1063 1284 begengen
1079 1205 1209 1267 werden.

154 1327 157 1332 ,
188 1289 471 1356 Confessarius:
495 1295 599 1357 Deren
615 1297 680 1360 sein
695 1299 769 1361 aber
783 1301 926 1381 weniger,
941 1285 993 1365 ‘els
1010 1303 1193 1386 derjenigen,
1208 1303 1345 1368 wdlliche
1362 1305 1456 1369 durch

96 1379 144 1441 die
162 1380 276 1462 gulden
294 1383 371 1445 Zahl
388 1383 563 1464 eingeffihrt
577 1386 706 1450 worden.
1307 1417 1311 1424 ’

187 1479 461 1544 Ecclesiastes:
490 1483 549 1545 Die
578 1481 692 1564 gulden'
714 1487 791 1548 Zehl
813 1487 872 1568 geh
897 1487 994 1570 menig
1024 1487 1097 1552 oder
1126 1485 1168 1552 vil
1191 1489 1361 1570 lrthumbe,
1386 1511 1454 1553 wan

98 1567 226 1630 solliche
242 1569 397 1632 lrrthumh
414 1571 491 1634 anch
506 1592 543 1634 zu
560 1572 615 1635 des
631 1573 760 1639 Concilii
775 1575 899 1640 Zeitten
913 1579 1074 1661 begangen
1089 1579 1226 1656 worden,
1246 1600 1281 1642 so
1297 1580 1456 1644 khdnnten

97 1659 151 1719 rir
172 1658 216 1720 sic
240 1658 378 1741 heuttigs
401 1661 484 1740 Tags
506 1662 606 1742 gleich
629 1665 706 1727 euch
729 1664 794 1728 also
810 1665 900 1730 hinzu
921 1667 1033 1730 lessen.
1064 1667 1143 1732 Wes
1166 1670 1236 1732 hatt
1253 1668 1379 1733 Cluvius
1394 1669 1457 1732 vnd

100 1747 165 1809 scin
176 1747 283 1828 Bapst
302 1769 342 1810 an
363 1748 432 1810 dem
449 1748 585 1814 Concilio
607 1771 644 1814 zu
659 1753 756 1816 Nicea
775 1774 811 1817 au
828 1757 988 1836 registrirn
1010 1757 1083 1819 oder
1105 1757 1279 1822 demselben
1299 1758 1347 1821 die
1362 1759 1455 1840 irrigo

101 1835 216 1899 Ostem
233 1837 463 1918 enliauropfen?
500 1840 544 1902 Es
559 1847 638 1904 uiirt
654 1841 780 1908 eolliche
795 1844 966 1908 Irrthumbe
987 1846 1104 1909 freilich
1121 1841 1154 1909 so
1171 1848 1227 1910 wol
1245 1849 1378 1928 geschen
1394 1847 1457 1911 vnd

101 1925 160 1988 md
175 1927 233 1988 mit
247 1926 375 1990 Wissen
390 1927 570 2009 zugelassen
590 1931 706 2009 haben,
730 1935 823 1996 sowol
845 1934 1014 2016 Gregorius
1034 1937 1082 1998 die
1103 1937 1219 2018 seinige
1239 1939 1373 2017 geschen
1393 1937 1455 1999 und

103 2015 156 2078 mit
170 2016 298 2080 Wissen
313 2018 504 2097 zugelassen,
519 2019 574 2082 uie
591 2019 705 2084 droben
723 2023 884 2102 gemeldet·

188 2113 387 2195 Syndicus:
403 2115 520 2178 Istdan
530 2119 725 2199 nitmirglich,
742 2121 830 2184 einen
839 2122 986 2185 sollichen
997 2118 1123 2205 Cyclum
1132 2141 1170 2188 zu
1181 2123 1383 2198 erdenclrhen,
1400 2125 1454 2186 der

103 2219 156 2284 gar
169 2203 281 2266 lrhaine
292 2204 366 2266 oder
376 2205 523 2286 renigere
533 2208 688 2272 Irthumbe
704 2209 819 2292 brings,
835 2211 894 2273 den
905 2209 1018 2292 Cyclas
1028 2212 1214 2293 Epectamm
1225 2211 1455 2292 Gregorianus?

187 2303 494 2365 Mathematicus:
517 2304 584 2366 Vor
600 2301 722 2368 Zeitten
743 2309 828 2373 seind
839 2309 905 2372 'wol
927 2311 970 2372 vil
991 2309 1085 2372 deren
1101 2309 1261 2392 (lyciorum
1276 2310 1318 2371 ins
1332 2307 1456 2373 Brauoh

106 2401 224 2471 geuest,
239 2392 290 2454 die
304 2392 362 2454 mit
377 2390 445 2454 dem
454 2393 689 2458 Mondnitilber
701 2395 741 2457 12
751 2395 851 2460 Stnnd
868 2400 943 2461 aulis
959 2399 1089 2461 hochste
1104 2399 1250 2480 geihhlet,
1267 2399 1313 2460 als
1323 2399 1456 2461 uiimlich

104 2481 246 2546 Periodns
266 2481 419 2556 Metonis,
440 2481 573 2563 Oelippi,
594 2485 776 2565 Hipparchi,
805 2488 913 2549 Annus
933 2487 1098 2562 Arabicus,
1120 2488 1287 2568 computus
1309 2484 1455 2550 Judaicus

104 2569 336 2636 (autumnalium,
349 2571 392 2636 qui
403 2575 489 2622 tamen
501 2574 744 2624 semiastronomisus
758 2579 810 2634 est,
827 2575 918 2626 nullius
930 2576 1030 2640 patiens
1042 2577 1174 2635 circuitus,
1192 2589 1210 2625 a
1221 2591 1269 2641 quo
1278 2578 1374 2640 proprie
1387 2575 1455 2626 dice-

104 2659 167 2702 retur
183 2654 279 2716 cyclus.
308 2651 344 2701 Et
358 2652 428 2716 apud
443 2651 595 2702 Christiamr
612 2653 714 2704 iorman'
735 2659 866 2718 computus
883 2654 920 2704 illi
934 2655 1116 2720 quodammodo
1132 2655 1219 2707 similis
1240 2653 1344 2720 posset).
1377 2647 1454 2709 Diae

104 2741 210 2815 haugen
226 2734 302 2796 eber
317 2751 374 2794 vns
390 2733 444 2794 nit.
475 2733 606 2809 Vrsach,
626 2734 670 2796 sie
687 2734 774 2796 seind
794 2735 841 2796 nit
856 2755 895 2798 au
918 2736 974 2798 das
988 2735 1178 2799 Julianische
1193 2735 1271 2800 Jahr
1286 2736 1456 2820 gebunden.

103 2821 170 2886 llud
191 2823 302 2887 sob'ald
327 2822 381 2884 uir
406 2821 497 2884 deren
522 2823 610 2885 einen
633 2841 688 2885 ans
702 2824 898 2886 -Julienisehe
920 2826 998 2888 Jehr
1020 2824 1221 2900 enheffteten,
1242 2826 1298 2888 wie
1322 2826 1370 2920 die
1393 2825 1456 2887 alte

103 2910 244 2977 Christen
268 2912 338 2974 dem
367 2909 462 2993 Cyclo
490 2911 625 2975 Metonis
653 2913 726 2975 oder
754 2911 1049 2978 Enneadecutteridi
1080 2913 1153 2977 oder
1179 2915 1308 2978 uilmehr
1328 2913 1455 2996 periodo

104 3000 221 3084 Calippi
240 3021 303 3064 uon
326 2996 368 3064 76
380 3001 500 3064 Jahren
522 3001 653 3083 gethan,
681 3001 809 3065 derauso
833 3003 881 3065 die
904 3004 1014 3086 guidon
1040 3004 1118 3066 Zehl
1146 3011 1352 3086 eutspmngen
1379 2997 1457 3084 (dan

103 3085 234 3174 aluefien
250 3091 331 3155 neeh
349 3085 391 3153 76
406 3091 523 3153 Jahren
543 3091 655 3153 laulfen
677 3091 725 3153 die
742 3093 852 3172 guldeu
869 3093 946 3156 Zahl
968 3093 1029 3157 vnd
1045 3094 1093 3156 die
1108 3093 1297 3158 Julienische
1313 3094 1398 3174 Tt'ge
1414 3092 1456 3155 im

103 3179 278 3263 Sohaltjehr
291 3179 385 3242 wider
400 3181 457 3242 wie
472 3175 590 3261 zuvor),
607 3181 716 3242 sobald
731 3180 839 3262 begibt
853 3201 923 3245 man
939 3183 1004 3245 sich
1019 3183 1051 3245 iu
1067 3183 1312 3246 diselrthnmbe:
1337 3181 1454 3264 dieweil

103 3289 169 3334 men
183 3272 308 3334 hiermit
325 3269 384 3330 den
395 3269 559 3350 Scheltteg
574 3289 611 3330 zu
626 3271 831 3352 vngelegener
841 3271 925 3334 Zeitt
940 3272 970 3333 in
987 3271 1041 3333 des
1050 3273 1161 3334 Monds
1170 3272 1264 3334 Lauff
1275 3271 1456 3353 einbringet

104 3357 181 3424 (cycli
194 3375 253 3411 raro
265 3359 381 3409 Lunares
401 3373 457 3408 oum
476 3357 643 3410 lunationibus
660 3361 713 3409 suis
730 3375 779 3410 uon
796 3367 898 3424 possent
914 3359 1014 3426 alligari
1031 3361 1106 3411 certis
1120 3360 1206 3411 diebus
1224 3361 1284 3410 anui
1295 3359 1398 3412 ludent
1422 3359 1457 3410 Et

104 3431 184 3481 oblata
207 3433 256 3482 hac
281 3431 413 3480 occasione
436 3437 556 3493 punctum
582 3430 643 3479 illud
661 3431 822 3490 examinabo,
848 3431 913 3496 quod
934 3431 1055 3484 Dominus
1078 3431 1248 3482 eonimserius
1267 3442 1344 3496 supra
1360 3430 1457 3482 duobus

105 3504 180 3553 rerba
192 3505 288 3568 attigit
319 3501 438 3551 Testatur
454 3500 610 3560 Ambrosius,
629 3500 765 3551 Concilium
777 3501 900 3552 Nicenum
916 3505 1052 3567 imperasse
1072 3501 1196 3552 calculum
1214 3503 1279 3566 cycli
1293 3501 1457 3553 novendecim

105 3587 231 3634 ancorum,
252 3576 296 3638 qui
312 3573 410 3622 scilicet
421 3573 550 3623 inserviret
563 3577 677 3636 computo
691 3573 813 3635 paschali.
838 3573 875 3622 Ea
892 3589 940 3638 quo
958 3587 1035 3639 supra
1046 3573 1168 3629 Dominus
1182 3573 1353 3625 Confessarim
1365 3575 1456 3623 inferre

105 3647 187 3705 veluit,
206 3647 233 3696 id
252 3644 318 3709 quod
334 3642 468 3697 hodienum
487 3655 592 3693 aureum
611 3657 728 3693 vocamus
740 3659 882 3701 usnemu,
903 3659 958 3695 esse
972 3646 1070 3708 cyclum
1088 3659 1107 3694 a
1116 3647 1218 3699 murillo
1230 3648 1379 3709 injunotum.
1405 3643 1457 3696 Sed

106 3717 173 3768 aliter
185 3732 212 3766 se
232 3732 273 3766 res
285 3715 376 3773 habet,
395 3715 577 3764 necimmerito
594 3713 620 3763 id
632 3713 752 3766 Dominus
765 3715 931 3765 Ecclesiaste·
944 3718 970 3767 in
983 3717 1085 3766 dublum
1102 3718 1207 3766 vocavit
1240 3716 1377 3768 Concilium
1390 3719 1457 3766 enim

105 3789 228 3854 'augmen
249 3789 280 3838 de
300 3786 372 3850 cyclo
391 3786 498 3849 loquitur
516 3792 542 3836 et
560 3787 613 3835 sine
627 3785 700 3836 dubio
717 3787 836 3850 optimum
853 3787 975 3838 intellexit
1000 3793 1056 3838 tum
1072 3789 1190 3853 temporis
1206 3789 1390 3840 inveniendum.
1422 3788 1459 3838 At

106 3874 158 3910 vero
169 3859 228 3909 talis
242 3871 360 3909 essenon
371 3859 453 3921 potuit
466 3868 556 3906 aurens
565 3863 650 3906 noster
657 3871 782 3915 numerus,
795 3858 885 3922 quippe
895 3861 937 3922 qui
945 3859 1042 3908 relatus
1052 3863 1090 3908 est
1098 3859 1125 3907 in
1135 3857 1313 3910 calendarium
1320 3859 1457 3920 lulianum,

108 3932 185 3995 isque
196 3931 302 3996 quilibet
314 3928 368 3977 dies
380 3928 486 3993 siugulis
499 3930 569 3977 annis
589 3941 694 3978 aureum
707 3943 779 3978 suum
790 3943 921 3978 numerum
933 3933 1032 3980 retinet
1066 3927 1159 3989 Quare,
1176 3937 1205 3979 ut
1216 3930 1289 3980 ruodo
1302 3929 1397 3980 dietum
1410 3937 1457 3989 est,

109 4013 190 4052 aurem
200 4015 319 4052 numerus
330 4013 381 4049 non
401 4006 441 4049 est
458 4001 568 4050 omniurn
586 3999 692 4063 optimus
711 4005 738 4050 et
757 4001 960 4052 accuratissimus
974 4001 1066 4064 cyclus.
1093 3999 1212 4066 cumque
1232 4001 1364 4052 concilium
1381 4001 1457 4066 probe

109 4075 173 4132 uarii,
184 4075 210 4124 in
221 4075 315 4138 optimo
328 4071 406 4120 etiam
419 4071 488 4132 cyclo
501 4071 571 4120 iaetu
582 4086 631 4120 uon
644 4085 700 4121 esee
712 4071 836 4134 possibile,
849 4077 878 4121 nt
890 4071 1016 4122 sordonia
1028 4073 1164 4135 'cujuslibet
1182 4087 1212 4122 ex
1227 4071 1259 4124 19
1273 4073 1345 4124 annis
1359 4079 1458 4136 semper

111 4145 237 4194 mecedem
249 4143 363 4194 incidant
376 4139 429 4192 dies
446 4141 605 4192 ordinationis
618 4139 748 4200 lullanae,
764 4144 810 4194 sed
821 4143 879 4193 hine
891 4141 948 4193 iude
961 4143 1055 4208 vagari,
1074 4144 1131 4194 ideo
1144 4143 1262 4208 injunxit,
1285 4150 1315 4194 ut
1328 4145 1457 4194 annuatim

111 4215 261 4275 hlesaudria.
274 4216 318 4268 ubi
330 4215 439 4278 optimus
451 4215 537 4275 cyclus
549 4214 575 4262 in
587 4227 635 4262 usn
648 4219 715 4272 erat,
732 4213 874 4264 informatio
890 4215 937 4264 hoc
954 4215 980 4263 ln
996 4216 1096 4279 negotio
1112 4221 1250 4279 peteretur.
1279 4213 1345 4265 item
1358 4213 1457 4265 concilii

113 4285 225 4338 decretum
244 4293 284 4338 est
302 4284 459 4342 uniuersale,
485 4299 569 4334 omnes
588 4284 680 4348 uhlque
698 4291 822 4335 terrarum
847 4283 962 4350 obligans
981 4285 1148 4344 Οἱιιίιιίιιιοι,
1173 4293 1204 4336 ut
1224 4294 1310 4338 esseut
1329 4285 1458 4336 novilunia

112 4359 228 4422 metata
240 4359 272 4408 ab
284 4358 311 4408 8.
324 4355 414 4412 Martii
425 4369 504 4420 usque
520 4355 554 4405 ad
571 4356 635 4406 dem
648 4355 672 4404 5.
685 4355 778 4420 Aprilis
795 4357 927 4416 inclusive,
945 4363 1020 4422 atque
1038 4358 1085 4406 hcc
1103 4358 1235 4410 decretum
1246 4369 1296 4408 uon
1307 4364 1406 4408 tentum
1418 4368 1456 4415 eu,

112 4443 151 4496 uto
166 4431 225 4490 dixi,
243 4431 318 4482 modo
330 4427 440 4478 Julianis
453 4427 552 4486 diebus,
572 4427 617 4477 sed
629 4425 790 4491 Syrograecis
804 4427 881 4477 etiam
900 4428 966 4492 apud
977 4429 1105 4478 Asiaticas
1122 4437 1149 4480 et
1160 4429 1293 4494 Aegyptiis
1311 4427 1377 4490 apud
1394 4426 1455 4476 Ale·

112 4502 242 4553 rmdrlnam
256 4501 384 4555 eeclesias
396 4497 535 4548 inferretur.
559 4497 593 4546 Et
610 4498 632 4547 si
648 4511 679 4547 ex
690 4497 780 4548 Persia
797 4501 873 4550 etiam
891 4505 949 4550 tuns
963 4499 1065 4548 concilio
1082 4501 1254 4550 interfuissent
1271 4496 1372 4564 quidam
1384 4496 1455 4562 Epis·

109 4577 166 4640 sepi,
186 4575 211 4626 hi
228 4573 334 4626 semini
353 4569 482 4634 paschalis
499 4571 526 4619 in
545 4567 693 4618 Calendsrio
712 4571 807 4633 pariter
823 4569 925 4620 Persico
945 4570 1106 4620 determinati
1125 4577 1171 4620 aut
1189 4573 1265 4622 certis
1284 4568 1370 4619 diebus
1389 4565 1457 4618 illins

106 4647 202 4700 intuens
212 4647 324 4714 alligati.
351 4641 447 4692 Noster
459 4648 544 4693 autem
557 4653 647 4690 aurens
659 4653 777 4690 numems
788 4640 873 4703 oyolus
885 4647 984 4692 tautum
998 4649 1039 4692 est
1049 4643 1218 4706 particularis,
1231 4643 1273 4707 qul
1284 4639 1352 4688 ultre
1364 4637 1455 4690 Galen·

103 4721 190 4772 darium
200 4717 335 4770 Jnllanum
348 4715 433 4778 ipsum
445 4726 495 4762 nou
507 4711 633 4776 pertingit.
660 4711 777 4762 Meliores
790 4712 872 4775 cyclos
890 4712 989 4763 demum
1000 4712 1088 4764 Meton
1105 4715 1175 4779 apud
1187 4725 1299 4779 paganos
1312 4710 1455 4770 introduxit,

102 4793 249 4858 tlcslippus
267 4785 365 4841 deiude
384 4789 462 4847 atque
477 4781 636 4846 Hipparchm
650 4782 822 4833 emendarunt.
846 4781 880 4833 lli
892 4791 948 4848 post
961 4783 1087 4834 Christum
1102 4793 1191 4835 natum
1209 4797 1225 4832 a
1237 4779 1383 4831 Chilatlanis
1394 4781 1455 4830 Ale-

98 4865 213 4917 xandrinis
223 4859 373 4914 secuudum
384 4856 569 4917 aequmoctinm
578 4854 685 4905 ordinati
695 4861 721 4904 et
731 4868 748 4903 a
755 4854 856 4904 diversa
863 4855 1012 4916 suetonius,
1025 4855 1134 4916 Victore,
1146 4853 1265 4910 victorio,
1274 4849 1400 4902 Victorino
1410 4851 1455 4906 ue.

1208 4937 1243 4988 4.
