3396 5540
612 246 720 312 Eclogae
740 245 887 297 Chronieae.
1225 312 1227 320 γ
1349 245 1410 306 «ill

186 421 222 486 ln
244 439 358 503 genere
381 440 460 504 nego
483 420 541 486 tibi
564 419 694 500 Calvisi,
717 401 1112 502 trium'Evangelistamm
1134 417 1193 484 hoc
1221 417 1316 497 luisse
1340 437 1413 483 oon·

105 511 220 589 silium,
250 515 286 574 ut
315 509 402 574 dicta
431 515 463 574 et
491 509 579 580 iacta
606 508 725 574 Christi
754 513 908 574 accurato
938 508 1048 574 ordine
1069 508 1301 590 digererent.*)
1347 508 1416 572 Hoc

105 619 216 681 negans
236 597 355 662 innitor
376 599 563 664 auctoritati
581 586 719 676 Irenaei,
735 597 903 682 Epiphanii
924 597 1087 679 totiusque
1110 596 1190 662 adeo
1212 596 1415 680 antiquitatis
1536 666 1541 678 ⁸

77 755 79 760 ,
108 686 271 768 usquead
291 686 453 752 andream
479 687 675 752 Osiandrum
688 684 743 768 ⁸¹).
788 687 856 751 Nec
886 687 1015 764 mhum,
1048 685 1167 768 ordinis
1197 685 1356 768 elegantia
1382 689 1417 748 et

105 776 260 859 dispositio
282 779 392 840 corten
414 781 463 840 est
481 781 514 842 et
529 795 580 840 ree
601 775 695 860 hujus
718 775 827 854 seculi,
849 775 882 839 in
897 795 964 856 qua
977 795 1042 838 non
1057 778 1183 858 oportet
1197 774 1315 856 ingenii
1338 793 1415 856 pru·

104 865 190 947 rigini
215 863 454 943 adlmerescere,
482 864 538 928 sed
565 865 663 930 corde
689 883 823 948 pergere
849 863 982 929 ulterius
1009 862 1052 926 ad
1073 862 1218 941 nucleos,
1246 863 1303 944 qui
1325 863 1417 946 panis

102 952 139 1017 de
160 952 248 1016 coelo
270 951 338 1016 dati
360 952 530 1018 materiam
552 953 752 1019 consttunnt
773 952 1029 1018 ad=saturandas
1051 951 1173 1019 animae
1195 957 1332 1016 noemae.
1370 953 1418 1015 Ac

103 1041 237 1125 pmiecto
259 1039 335 1104 mihi
357 1040 545 1106 thesaurum
567 1041 774 1123 Evangelioae
796 1041 949 1106 historiae
970 1039 1185 1106 consideranti
1206 1041 1251 1104 sic
1272 1039 1415 1104 ridetur:
1526 1121 1530 1132 ι

103 1149 245 1194 acervum
268 1149 339 1192 esse
360 1129 488 1212 frugum
509 1131 702 1214 optimarum
723 1131 756 1194 in
778 1130 864 1195 hunc
886 1130 991 1214 ipsum
1013 1128 1109 1194 linem
1131 1129 1176 1194 sio
1198 1127 1362 1194 confirsum
1384 1133 1419 1190 et

103 1217 299 1300 indigestum,
321 1222 358 1280 ut
373 1216 485 1283 invitet
506 1216 656 1282 lectorem
677 1218 915 1300 adfruendum,
938 1239 1002 1286 non
1024 1217 1067 1282 ad
1086 1217 1330 1296 discutiendum,
1352 1235 1418 1297 quo
1480 1224 1483 1242 ¹

103 1305 200 1372 culmo
223 1304 390 1388 quodlibet
411 1325 548 1388 granum
570 1308 707 1372 creverit
728 1327 832 1389 quove
853 1328 944 1374 ramo
966 1305 1131 1390 quodlibet
1152 1325 1295 1391 pomum.
1329 1305 1419 1369 Haec
1497 1335 1500 1342 ·

103 1417 132 1460 ιι.
153 1399 201 1459 est
222 1393 322 1460 arhor
343 1393 399 1458 illa
425 1395 523 1474 ritae,
549 1415 632 1477 quae
657 1396 842 1478 quassanda
863 1395 960 1462 nobis
982 1400 1031 1460 est
1052 1395 1093 1460 ab
1119 1395 1184 1460 ima
1210 1395 1327 1478 stirpe,
1354 1413 1419 1458 non

103 1482 316 1548 conculcanda
339 1482 379 1547 de
401 1484 532 1548 summis
554 1483 716 1567 apicibus:
744 1487 836 1569 cujus
858 1483 1026 1569 quodlibet
1050 1503 1181 1568 pomum
1205 1483 1337 1566 dignum
1359 1486 1419 1560 est,

103 1573 188 1636 utin
213 1593 252 1636 eo
275 1571 470 1637 comedendo
496 1573 689 1656 penitusque
717 1573 888 1654 digerendo
916 1581 950 1638 et
973 1574 1008 1638 in
1033 1572 1234 1655 spiritualem
1260 1571 1419 1636 hominem

104 1659 312 1726 convertendo
327 1661 485 1743 lactisque
504 1658 708 1744 exprimendo
723 1667 825 1726 totam
840 1661 939 1727 vitam
958 1661 1187 1746 impendamus.
1218 1660 1326 1728 Habet
1339 1659 1419 1723 haec

101 1749 253 1815 dictorum
276 1749 499 1834 facturumque
515 1750 631 1815 christi
653 1751 794 1815 contusa¹
806 1751 940 1831 digestio
962 1751 1063 1816 simile
1083 1750 1159 1834 quid
1174 1749 1263 1815 coelo
1281 1747 1419 1826 stellato,

102 1839 130 1902 iu
142 1860 203 1921 quo
215 1843 294 1902 sunt
304 1858 361 1902 sex
371 1837 622 1920 magnitudinum
633 1838 756 1919 stellae,
767 1840 795 1904 si
803 1840 944 1905 ordinem
955 1845 1089 1922 spectes,
1101 1840 1234 1904 fortuito
1245 1835 1420 1922 dispersae,

102 1928 126 1990 si
147 1927 331 2004 utilitatem,
353 1947 477 1992 summo
499 1926 630 1992 consilio
653 1928 736 1992 iuter
750 1949 786 1992 ee
800 1948 972 2006 connexae,
995 1947 1035 1992 ne
1051 1927 1258 1994 similitudine
1279 1926 1421 1992 locorum

76 2045 79 2052 =
102 2015 206 2080 oculus
228 2014 367 2080 hominis
390 2015 542 2100 deceptus
557 2015 698 2080 aberret.
728 2017 779 2080 Sic
792 2016 872 2081 haec
886 2017 986 2080 trium
1001 2015 1288 2098 Evangelistarum,
1311 2015 1420 2096 quoad

102 2103 257 2184 ordinem,
282 2103 427 2182 dhsona,
458 2104 564 2186 quoad
590 2125 680 2184 rem,
711 2125 844 2170 concors
870 2106 1030 2170 dictorum
1058 2106 1280 2186 factorumque
1303 2102 1422 2168 Christi

101 2193 279 2276 descriptio,
301 2213 374 2256 oum
394 2191 515 2281 multas
537 2194 628 2271 alias,
649 2199 719 2258 tum
740 2195 878 2260 maxime
899 2194 982 2259 hanc
1003 2195 1101 2260 habet
1123 2193 1310 2272 utilitatem,
1332 2190 1421 2274 quod

101 2287 322 2363 argumentum
354 2280 491 2364 praebet
524 2283 724 2366 suspiciosis,
759 2303 824 2347 non
854 2283 1017 2368 descripta
1046 2303 1116 2348 esse
1149 2283 1289 2348 omnium
1322 2281 1421 2346 trium

102 2371 269 2452 Euangeha
291 2369 333 2434 ab
356 2390 436 2449 uno,
463 2391 526 2435 non
553 2371 791 2436 communicatis
818 2372 956 2436 consiliis
985 2372 1123 2437 conficta
1146 2370 1265 2437 Christi
1288 2369 1421 2438 oracula

101 2465 131 2522 et
150 2457 323 2538 miracula,
351 2457 467 2522 sedne
493 2479 568 2524 vera
596 2481 636 2523 ex
662 2459 836 2524 multorum
864 2461 1083 2529 constantibus
1109 2457 1319 2524 relationibus
1347 2458 1422 2538 (nisi

101 2555 255 2628 quantum
279 2549 312 2612 iu
335 2548 581 2612 circumstantiis
601 2548 757 2613 memoria
780 2547 993 2638 singulorum,
1017 2551 1073 2633 qui
1096 2547 1307 2632 rogabantur,
1332 2545 1419 2610 deie-

101 2643 198 2716 cerat)
221 2658 244 2701 a
268 2635 414 2718 quolibet
432 2637 634 2718 Euangehsta
655 2638 788 2700 seorsim
810 2638 841 2702 in
862 2657 962 2702 unum
984 2637 1102 2702 librum
1124 2657 1195 2703 esse
1218 2641 1381 2716 congesta,

182 2726 232 2790 'l‘u
255 2726 285 2788 si
307 2724 415 2795 aliter.
442 2722 572 2804 Calvisi,
595 2727 732 2790 senseris
756 2733 789 2790 et
811 2727 838 2791 si
860 2727 1004 2800 ordinem
1025 2727 1123 2792 trium
1145 2723 1423 2808 Evangelistarum
1489 2803 1491 2808 Ι

101 2813 196 2896 rigide
225 2814 364 2893 meris,
395 2813 480 2878 nibil·
504 2813 592 2878 aliud
622 2815 783 2897 proficies,
813 2816 875 2880 nisi
904 2817 1087 2899 quodcum
1112 2813 1424 2882 summosandro

102 2911 223 2982 [contra
251 2903 427 2993 unirersaa
445 2903 650 2984 antiquitatis
674 2905 881 2984 sententiam,
908 2911 947 2969 ut
970 2905 1165 2972 Ohemuitius
1194 2901 1348 2982 affirmat)
1370 2905 1422 2965 ter

102 2991 259 3056 thrietum
275 2991 500 3075 Hierosolymis
518 2992 733 3075 flagellantem
747 2992 910 3058 institores
923 2995 957 3058 in
972 2994 1102 3078 templo,
1118 2999 1170 3058 ter
1184 2991 1424 3073 interpellatum

101 3101 119 3144 ιι
132 3079 320 3164 pharisaeis,
334 3087 394 3143 »ter
409 3079 520 3145 eodem
535 3081 629 3146 modo
644 3101 714 3144 sese
736 3080 968 3162 defendentem,
991 3083 1040 3147 bis
1056 3085 1235 3148 mittentem
1257 3079 1423 3146 duodecim

101 3167 271 3252 discipulos
293 3168 531 3251 praedicatum,
549 3168 598 3234 bis
620 3169 668 3234 vel
690 3176 740 3234 ter
769 3171 852 3234 Jahi
872 3171 971 3236 filiam
993 3169 1198 3246 enoitanteur,=
1217 3178 1269 3235 ter
1290 3168 1421 3232 daemo-

101 3257 185 3320 nium
206 3258 372 3341 impurum
394 3258 426 3321 in
443 3259 695 3338 Gergesenorum
717 3279 792 3323 sues
813 3260 1037 3325 immittentem
1060 3267 1092 3324 et
1114 3261 1268 3343 pleraque
1290 3257 1356 3320 alia
1378 3258 1424 3320 sic
1524 3269 1530 3292 ⁸

101 3346 370 3429 multiplicantem
396 3345 566 3410 exhibebis.
611 3347 700 3411 'l'unc
722 3367 800 3412 saue
826 3347 975 3432 pluribus
997 3348 1054 3414 tibi
1080 3349 1242 3432 paschatis
1269 3345 1424 3411 utendum

101 3435 177 3513 erit;
208 3435 290 3516 quid
313 3434 445 3513 mhrrm,
468 3435 496 3500 si
518 3439 610 3518 gesta
636 3435 857 3517 multiplicas?
895 3439 987 3517 Quod
1012 3436 1161 3502 silueris
1189 3457 1303 3513 ausus,
1335 3435 1424 3517 quod

99 3524 228 3604 quidem
248 3545 315 3587 non
332 3524 591 3606 exspectatoris
606 3524 737 3606 quidem
751 3524 783 3587 in
800 3525 911 3606 vulgus
926 3547 1015 3591 more
1037 3525 1243 3607 quorundam
1265 3523 1424 3590 rhetorice

100 3619 184 3676 tuam
207 3611 448 3676 commendabis
463 3613 549 3678 circa
563 3611 737 3694 Evangelia
759 3611 964 3694 religionem:
987 3616 1073 3678 intus
1089 3635 1164 3680 vero
1179 3615 1316 3678 allectus
1331 3612 1424 3694 longe

99 3699 240 3768 diversos
264 3723 328 3766 non
351 3701 515 3767 commode
537 3701 711 3766 occultabis
733 3694 904 3784 minusque
926 3703 1009 3767 bene
1030 3710 1138 3768 tecum
1160 3703 1331 3787 opprimes
1372 3702 1425 3766 Sic

98 3791 328 3855 auctoritatem
342 3789 618 3871 Evangelistarum
634 3791 740 3874 specie
762 3790 962 3858 defendentis
976 3793 1064 3875 apud
1080 3793 1237 3858 lectorum
1251 3793 1424 3876 plerosque

99 3885 322 3961 oppugnatum
344 3878 405 3944 ibis
427 3885 560 3962 praeter
581 3879 773 3961 opinionem.
814 3911 819 3922 =

183 3967 279 4051 Quod
301 3967 400 4049 igitur
422 3968 540 4032 attinet
563 3966 729 4032 historiam
752 3968 792 4032 de
815 3967 977 4052 discipulis
999 3969 1104 4053 spicas
1125 3969 1329 4049 vellentibus,
1352 3987 1424 4032 cum

99 4075 135 4119 ea
157 4075 267 4138 neque
288 4062 436 4121 nectatur
458 4053 501 4120 ab
516 4055 729 4138 Evangelistis
749 4077 770 4122 a
789 4057 1064 4138 praecedentibus,
1085 4079 1192 4142 neque
1213 4059 1255 4124 ab
1279 4056 1423 4122 omnibns

96 4144 205 4208 iisdem
221 4145 322 4226 gestis
335 4143 454 4211 Christi
468 4143 666 4230 subjiciatur,
689 4165 791 4227 neque
807 4146 917 4211 iisdem
932 4148 1178 4231 praemittatur:
1194 4167 1324 4232 possum
1335 4145 1426 4209 nulla

98 4232 271 4318 impeditus
293 4233 448 4316 religione
469 4234 520 4299 rel
541 4235 690 4319 trajioere
712 4253 784 4297 eam
807 4235 898 4300 ultra
924 4236 1150 4302 miraculosam
1178 4237 1371 4303 cibationem
1392 4239 1425 4298 et

98 4323 257 4388 collocare
279 4329 353 4407 post
374 4323 494 4406 pascha
515 4323 591 4388 anni
615 4327 655 4388 75
684 4335 743 4404 (sed
769 4343 862 4391 minen
888 4355 947 4393 cum
974 4341 1097 4396 violenta
1121 4335 1332 4408 transpositione
1356 4337 1424 4390 mul·

98 4433 184 4480 tarum
207 4423 405 4492 boeotiarum),
431 4435 494 4496 quo
524 4412 677 4495 paschate
702 4411 847 4499 Christus
871 4414 1099 4499 Hierosolymis
1129 4435 1193 4480 non
1220 4414 1299 4489 l’uit,
1327 4419 1364 4476 ut
1386 4430 1425 4472 ex

97 4501 243 4567 iohanne
273 4501 361 4566 clare
390 4501 565 4587 probatum:
597 4501 645 4565 rol
674 4501 701 4564 si
724 4521 820 4584 grave
850 4511 930 4584 est,
945 4504 1003 4570 hoc
1032 4511 1157 4570 tentare
1187 4507 1301 4568 contra
1330 4505 1424 4563 tuum

175 4708 201 4758 ‘l
234 4707 296 4759 Hac
330 4703 504 4772 exceptione,
535 4703 656 4773 quamvis
687 4717 737 4771 prr
761 4721 791 4760 se
819 4703 969 4763 serissima.
997 4707 1111 4758 nondum
1146 4709 1237 4754 tamon
1263 4715 1329 4768 opos
1356 4717 1424 4763 csse,

99 4787 180 4850 probo
203 4787 232 4838 in
254 4785 404 4840 Harmonia
424 4784 673 4854 Evangelisterum.
