3406 5542
189 327 193 336 ·
225 289 291 359 294
728 305 1067 364 mamaea-some.

227 455 304 518 duos
327 454 425 535 etqui
445 461 526 527 tres,
548 451 602 514 sed
623 453 717 514 etiam
737 449 821 525 illos,
843 447 893 531 qui
915 455 1044 531 quatuor
1066 468 1162 512 anuos
1183 449 1371 524 desiderant,
1391 420 1566 512 liichaelem

225 543 434 618 Maestliuum,
448 540 644 604 Laurentium
661 539 825 622 Suslygaur
833 539 981 602 Polonum
997 537 1118 620 ejusque
1133 539 1165 601 in
1180 538 1385 621 disputatione
1399 535 1568 620 praesidem

116 653 120 668 ¹
225 624 410 698 Deckerium
433 649 558 711 supero,
581 636 722 693 statuens
743 628 936 691 intervallum
957 628 1039 690 inter
1054 625 1169 691 Christi
1190 629 1384 691 nativitatem
1405 634 1438 689 et
1458 625 1568 706 primas

230 721 384 786 Calendas
404 721 474 784 Jan
497 737 587 780 aerae
610 726 733 785 nostrae
749 718 862 780 usualis
879 736 975 778 anuos
997 718 1140 802 quiuque3
1164 725 1235 780 sunt
1250 725 1351 780 autem
1367 716 1439 779 anni
1452 713 1567 777 omnino

230 831 286 874 sex
302 829 396 892 usque
419 807 459 870 ad
479 807 611 881 natalia,
633 826 710 889 quae
725 806 873 888 Dionysio
889 815 979 868 eraut
992 806 1155 881 in'mcnte,
1177 807 1263 869 nobis
1278 807 1344 886 eJus
1358 803 1569 878 imitatoribus,

229 909 265 963 ut
278 901 356 962 iufra
370 896 499 980 patebit,
514 896 636 978 ignaris.
673 898 781 977 Itaque
796 895 926 958 triennio
943 895 1039 957 solido
1056 895 1160 959 differo
1177 895 1215 958 ab
1231 896 1305 976 ipsis
1321 895 1412 958 etiam
1428 892 1570 957 Patribus

231 988 371 1070 antiquis,
384 985 504 1048 biennio
521 1007 539 1048 a
554 984 686 1068 Sulpitio
703 986 826 1047 Severo.

317 1079 403 1140 Haeo
424 1075 589 1156 praecipua
611 1081 660 1136 est
682 1075 850 1137 admirandi
872 1073 1000 1136 materia
1021 1091 1081 1135 nou
1101 1074 1221 1154 paucis3
1250 1073 1300 1136 hic
1315 1073 1382 1148 alii,
1403 1091 1481 1155 quos
1495 1072 1572 1133 inter

230 1165 347 1231 Sethus
363 1164 498 1240 Calvina,
514 1182 573 1226 uon
587 1164 700 1227 Patres
714 1163 811 1238 nobis,
828 1163 877 1244 qui
892 1162 1024 1242 vestigia
1036 1161 1184 1225 D.Lucae
1199 1163 1417 1242 Evangelistae
1433 1159 1572 1240 religiose

231 1263 303 1319 sunt
318 1255 429 1329 secuti,
451 1253 507 1315 sed
520 1253 721 1334 Evangelium
742 1253 838 1333 ipsum
861 1250 1020 1332 objiciunt,
1044 1251 1235 1333 profanatam
1256 1251 1431 1331 religionem
1454 1258 1488 1312 et
1502 1258 1572 1311 tau-

232 1353 297 1407 tum
310 1363 372 1406 nou
387 1343 593 1424 blasphemias
608 1342 696 1405 nobis
710 1342 870 1422 imputant,
885 1341 935 1422 qui
949 1349 1064 1422 patres,
1079 1341 1128 1423 qui
1137 1340 1296 1421 Evangelii
1305 1341 1400 1402 verba
1414 1338 1574 1403 indubium

230 1452 341 1496 vocare
364 1433 545 1494 audeamus:
570 1431 621 1494 alii
641 1430 809 1496 rationibus
832 1429 1005 1504 constricti,
1029 1430 1135 1533 quibus
1149 1430 1275 1504 utimur,
1295 1429 1398 1492 mirari
1413 1429 1525 1501 solent,
1544 1427 1574 1488 iu

222 1516 296 1604 'ipso
320 1521 425 1584 statim
449 1528 557 1583 exortu
582 1513 825 1583 Christianitatis
848 1519 1008 1582 deflexisse
1027 1518 1091 1580 sive
1110 1518 1328 1600 Evangelistas
1350 1535 1404 1580 seu
1418 1517 1574 1599 proximos

231 1631 334 1676 eorum
349 1627 542 1672 successoros
558 1629 577 1671 a
591 1609 672 1670 reris
688 1609 820 1690 computi
835 1608 1011 1671 rationibus.
1264 1629 1268 1635 ·

319 1695 401 1771 Quid
414 1699 507 1779 igitur
521 1698 570 1760 his
586 1716 779 1780 opponemus,
795 1717 853 1779 quo
868 1697 1092 1759 criminationes
1105 1697 1225 1759 illorum
1239 1683 1425 1777 effugiamus,
1442 1694 1574 1758 admira·

109 1795 112 1804 ‘
154 1775 157 1788 ⁸
232 1762 344 1854 tionem
359 1788 408 1850 his
424 1788 597 1850 demamus?
636 1785 716 1857 Quid
732 1787 810 1849 euim
832 1785 958 1850 aliud
928 1805 986 1848 mer
978 1786 1082 1848 ''hoc
1073 1805 1186 1868 ipsum,
1208 1787 1288 1868 quod
1303 1785 1410 1853 alias
1400 1803 1434 1848 sn
1450 1784 1575 1865 inquisi-

232 1880 315 1942 tione
330 1877 475 1958 originum
491 1876 646 1957 praemitti
662 1876 749 1938 solet.
778 1875 1105 1962 Nimirumomnesres
1119 1875 1327 1957 cumprimum
1339 1875 1492 1954 incipiunt
1506 1873 1577 1948 fleri,

230 1969 280 2030 vel
302 1965 372 2049 quia
394 1967 431 2029 de
447 1966 603 2047 praesenti
625 1972 771 2046 geruntur
792 1983 848 2027 nec
869 1964 1006 2046 indigent
1027 1963 1214 2027 adminiculis
1234 1963 1412 2037 memoriae,
1435 1964 1486 2026 vel
1509 1963 1577 2044 quia

232 2071 373 2140 quorsum
388 2073 535 2118 evasuras
558 2055 620 2117 siut
634 2055 766 2118 nondum
785 2053 898 2134 liquido
914 2053 1023 2134 liquet,
1044 2071 1104 2116 uon
1126 2053 1171 2115 ita
1187 2061 1380 2126 annotantur,
1401 2059 1437 2114 ut
1452 2070 1505 2114 res
1514 2051 1577 2131 jam

236 2152 471 2219 consummatae,
487 2145 647 2225 furtimque
656 2143 802 2224 temporis
811 2143 982 2206 recordatio
992 2143 1130 2217 elabitur,
1146 2140 1453 2224 superveniuntanni,
1469 2140 1579 2203 crescit

233 2234 321 2298 aetas
336 2233 547 2308 inobservata,
568 2241 604 2295 ut
620 2233 645 2294 si
661 2231 780 2313 quaudo
801 2231 1007 2313 respiciendus
1029 2240 1082 2298 est¹
1097 2231 1211 2312 primus
1233 2249 1336 2293 aarum
1351 2239 1438 2294 ortus
1453 2231 1505 2292 vel
1519 2247 1577 2292 non

100 2349 106 2358 ·
145 2315 150 2330 ’
232 2331 350 2406 promte
364 2322 526 2403 recolligas
542 2339 850 2385 annorumnumcrum
863 2321 913 2385 rel
926 2320 1124 2383 laborandum
1139 2322 1215 2384 iueo
1231 2339 1291 2384 nou
1307 2338 1445 2382 censeas.
1471 2317 1578 2390 Quod-

234 2433 290 2496 que
305 2412 397 2493 vulgo
412 2412 463 2486 fit,
484 2411 516 2473 id
531 2411 624 2486 etiam
640 2411 720 2492 apud
733 2409 963 2492 Evangelistam
978 2409 1093 2472 Lucam
1114 2410 1212 2472 locum
1226 2410 1339 2472 habere
1360 2407 1433 2470 hinc
1448 2407 1578 2490 perspici

232 2508 346 2584 potest,
366 2500 446 2582 quod
458 2501 560 2564 Lucas
575 2501 605 2562 iu
620 2501 689 2581 ipsa
704 2498 906 2580 descriptione
923 2499 1093 2561 nativitatis
1110 2497 1238 2573 Christi,
1261 2517 1327 2561 cum
1343 2498 1380 2560 de
1397 2515 1436 2559 ea
1452 2515 1494 2560 ex
1507 2515 1578 2578 pro-
1693 2531 1694 2538 ι

233 2593 314 2654 fesso
331 2590 411 2670 agit,
432 2609 493 2652 non
509 2589 626 2652 addidit
647 2607 802 2652 numermn
824 2601 971 2650 annorum
991 2587 1105 2668 imperii
1126 2587 1270 2650 Herodis:
1301 2586 1440 2669 quodque
1464 2586 1580 2660 deinde,

233 2679 353 2760 quaudo
370 2678 485 2742 christi
507 2677 655 2759 baptisati
671 2685 806 2740 aetatem
822 2677 982 2751 describit,
1003 2677 1062 2740 hac
1075 2677 1172 2740 utitur
1186 2677 1334 2754 orationis
1354 2677 1471 2752 forma,
1496 2683 1581 2752 ,erat

232 2768 353 2832 circiter
367 2768 600 2832 sternamur
640 2767 688 2836 Ne
702 2785 775 2830 vero
790 2764 887 2829 lector
901 2786 957 2829 nos
973 2766 1057 2829 abuti
1071 2773 1160 2847 putet
1174 2767 1232 2828 hac
1248 2765 1456 2840 excusatione,
1473 2783 1580 2846 scopus

230 2857 403 2940 praesentis
418 2855 519 2938 operis
534 2857 584 2918 hic
599 2855 672 2930 erit,
694 2864 729 2917 ιι
748 2851 875 2938 primum
896 2855 1076 2918 necessariis
1098 2855 1284 2935 argumentis
1304 2854 1486 2936 probemus,
1507 2852 1580 2915 stari

231 2967 292 3010 non
313 2965 405 3028 posse
425 2955 565 3026 computo
587 2947 714 3010 Patrum
728 2945 911 3007 adversante
932 2945 1064 3007 veritate
1092 2943 1254 3019 historica3
1285 2959 1343 3026 quo
1369 2942 1580 3005 demonstrato
1693 3023 1694 3026 Ἴ

232 3035 333 3116 capite
351 3035 400 3097 13.
423 3035 533 3097 crimen
551 3033 709 3138 profanati
723 3020 930 3114 Evangelii
906 3053 950 3098 ιιι
972 3033 1126 3108 diluemus,
1146 3041 1182 3094 ut
1197 2991 1269 3096 Soie
1294 3033 1405 3096 clarius
1421 3038 1580 3114 appareat,

233 3123 334 3187 verbis
348 3123 509 3208 Evangelii
530 3122 590 3186 viin
605 3123 717 3186 nullam
733 3141 801 3185 esse
811 3124 941 3196 factam
958 3129 1030 3184 tuno
1040 3122 1140 3202 capite
1152 3123 1200 3184 14.
1215 3118 1351 3186 rationes
1366 3121 1580 3202 expendemus,

232 3232 309 3295 quas
323 3215 434 3276 Patres
449 3213 499 3275 vel
513 3212 712 3275 communiter
728 3229 831 3274 ornnes
846 3211 895 3273 rel
911 3211 1019 3291 singuli
1034 3212 1175 3292 proprias
1190 3211 1287 3274 secuti
1303 3217 1386 3284 sunt,
1402 3218 1439 3272 ut
1454 3218 1489 3273 et
1503 3211 1581 3272 inter

234 3321 266 3366 ιι
282 3302 341 3384 ipsi
356 3309 389 3364 ιι
404 3307 425 3364 a'
438 3319 485 3366 me
500 3321 605 3364 omnes
619 3301 651 3363 iu
666 3301 783 3363 calculo
799 3301 1011 3374 dissentirent,
1032 3300 1111 3364 unde
1124 3301 1254 3381 patebit,
1269 3300 1428 3364 illorumne
1446 3297 1580 3362 calculus

233 3391 403 3455 accuratior
418 3390 460 3452 sit
475 3411 514 3454 an
528 3409 613 3454 meus
629 3396 662 3452 et
674 3391 735 3452 utri
749 3389 908 3452 fidendum.
932 3389 1068 3474 Denique
1084 3390 1183 3471 capite
1202 3390 1250 3452 lb.
1261 3389 1406 3470 ongiuem
1422 3397 1458 3452 et
1473 3396 1579 3484 aucto-
1663 3444 1665 3448 .

233 3499 296 3544 rem
312 3499 402 3544 aerae
417 3480 582 3544 hodiernae
598 3497 742 3542 erroneae
757 3479 788 3542 in
804 3479 900 3542 lucem
914 3479 1077 3560 proferam.

814 3833 933 3934 Caput
956 3832 998 3907 V.

278 4015 334 4078 De
356 4031 433 4077 uero
448 4011 598 4087 Italicos,
620 4032 683 4094 ιιι
703 4013 850 4076 medion
869 4013 960 4076 nobis
979 4019 1025 4074 eet
1045 4012 1079 4075 ia
1099 4012 1159 4076 boo
1180 4009 1302 4087 libel103
1321 3961 1432 4094 'deque
1458 4017 1540 4078 ιιιιι
1600 4021 1604 4030 ’

725 4103 965 4166 *mmmmm
981 4100 1065 4164 (lose.

324 4277 399 4343 (lum
419 4279 513 4361 igitur
533 4279 721 4361 propositum
735 4280 916 4354 habeamus,
938 4298 977 4342 ex
995 4279 1131 4342 historiis
1154 4280 1379 4355 demonstrare,
1401 4280 1579 4363 principium
1693 4303 1694 4314 ¹

234 4369 350 4433 usualis
373 4387 461 4432 aerae
477 4378 602 4432 nostrae
618 4388 677 4431 non
699 4369 840 4432 exhibere
863 4369 1105 4432 circumstantias
1127 4369 1211 4444 illas,
1232 4369 1338 4451 quibus
1359 4369 1578 4452 Evangelistae

236 4459 462 4540 ιιιιιίιιιιιιιι
477 4459 669 4522 nativitatem
684 4455 811 4533 Christi,
827 4459 881 4522 scd
896 4459 1099 4540 quaerendum
1114 4477 1182 4521 esse
1196 4458 1234 4521 iis
1250 4459 1455 4540 exprimendis
1472 4475 1577 4522 annum

175 4562 177 4571 ¹
237 4548 364 4629 aliquem
381 4547 576 4629 superiorem:
599 4567 727 4629 quaeras
742 4547 849 4628 igitur,
864 4567 923 4629 qua
937 4547 1070 4623 ratione,
1086 4543 1143 4630 quo
1158 4547 1256 4610 medio
1271 4549 1430 4629 pervenire
1447 4548 1578 4612 adhunc

237 4655 346 4699 anuum
359 4635 519 4718 possimus,
534 4655 600 4698 curn
616 4635 655 4698 ad
665 4655 732 4698 eum
741 4638 1005 4700 scalanostrorum
1015 4655 1161 4700 annorum
1174 4637 1322 4700 usualium
1331 4657 1392 4700 uon
1400 4636 1577 4720 pertingat?
1693 4711 1694 4714 ι

235 4723 381 4787 Nimirum
396 4725 454 4787 hoc
470 4744 544 4806 opus
561 4725 634 4800 erit,
655 4731 690 4787 ut
705 4727 784 4788 liano
799 4743 945 4788 annorum
966 4726 1074 4788 seriem
1095 4727 1324 4808 prolongemus:
1348 4727 1454 4804 idest,
1476 4735 1510 4790 ut
1525 4745 1575 4788 se-

236 4813 341 4892 posita
352 4813 411 4876 bac
430 4813 525 4878 veluti
539 4813 625 4878 scala
646 4815 792 4878 annorum
806 4821 978 4878 nostrornm
993 4813 1156 4892 usualium,
1177 4815 1268 4879 sliam
1283 4815 1464 4898 arripiamus
1474 4817 1579 4899 justae
