3400 5538
265 211 328 274 aas
603 255 607 270 .
672 165 678 172 ’
834 179 1055 259 aarum·

262 384 333 448 AB:
365 381 413 446 uti
434 381 481 446 ita
501 378 665 462 triangula
685 380 719 446 in
741 399 819 446 area
841 381 951 446 mrmh
977 380 1073 446 insint
1097 378 1240 459 infinita,
1271 380 1377 451 omnia
1406 381 1580 448 verticibus

262 473 296 537 in
318 479 428 535 oeritro
450 470 478 532 A
500 472 656 536 coeuntia.
699 470 902 535 Extendatur
927 471 1026 554 igitur
1054 469 1308 538 circumferentia
1335 472 1444 536 circuli
1465 473 1525 538 BG
1549 475 1581 536 in

192 633 195 642 ¹
263 567 395 638 rectum,
420 565 454 624 et
475 560 517 623 sit
535 559 587 624 Bc
608 558 753 642 aequalis
773 558 829 636 illi,
853 564 886 624 et
907 559 962 625 ΑΒ
984 557 1027 624 ad
1047 559 1136 624 illam
1159 559 1443 643 perpendicularis,
1478 561 1583 626 Erunt

261 651 358 731 igitur
378 645 578 712 infinitorum
604 647 732 712 illorum
759 647 994 730 triangulorum
1015 668 1072 712 seu
1094 652 1252 713 sector-mn
1273 646 1366 713 bases
1386 649 1584 732 imaginatae

263 757 372 804 omnes
393 737 427 800 in
441 758 506 801 una
527 743 617 802 reeta
631 735 694 815 BG,
713 739 810 820 juxta
832 737 965 800 invicem
987 735 1168 802 ordinatae:
1192 737 1235 802 sit
1249 757 1315 802 una
1327 736 1443 802 talium
1456 735 1585 804 basium

262 828 316 893 Bl'
339 824 620 908 quantulacunque
649 826 740 908 eique
771 825 916 907 aequalis
937 824 999 897 GE,
1023 829 1254 890 connectantur
1275 832 1384 890 autem
1405 833 1526 910 puncta
1547 829 1583 907 F,

263 913 350 995 Ε,Ὀ
377 935 451 979 cum
479 913 515 980 A.
561 913 645 989 Quia
672 914 770 995 igitur
797 911 958 996 trhngrda
983 913 1081 992 ΑΒΕ,
1110 913 1193 980 Aac
1222 915 1356 980 totidem
1370 922 1459 980 sunt
1488 935 1584 996 super

264 1001 435 1080 rettulit),
460 1007 540 1085 quot
562 1007 696 1067 sectoroe
718 1002 752 1066 in
773 1023 851 1066 area
873 1002 992 1081 cumuli,
1016 1010 1050 1067 et
1070 1000 1165 1066 bases
1180 1001 1242 1080 BF,
1258 1001 1312 1069 Ec
1333 1003 1487 1086 aequales
1507 1004 1582 1082 illis,

263 1097 297 1158 et
318 1091 455 1156 omnium
477 1092 651 1156 eommunis
672 1089 809 1156 altimdo
831 1089 895 1170 ΒΑ,
919 1111 1002 1173 quae
1025 1091 1194 1156 etiamest
1214 1097 1391 1156 sectorum:
1421 1092 1585 1173 uianguh

263 1181 360 1263 igitur
382 1177 471 1258 mc,
494 1179 575 1244 ΒΑΕ
597 1182 691 1244 erunt
712 1178 860 1262 aequalia
882 1185 915 1243 et
937 1178 1104 1262 quodlibet
1123 1179 1279 1262 aequabit
1300 1201 1399 1244 unum
1425 1185 1584 1246 sectorem

264 1269 386 1350 circuli3
409 1273 441 1334 et
462 1269 568 1334 omma
589 1267 684 1332 simul
704 1267 738 1334 in
759 1267 846 1332 linea
866 1267 919 1333 Bc
940 1267 1035 1333 bases
1057 1266 1225 1347 habentia,
1253 1269 1287 1333 id
1310 1273 1359 1332 est
1384 1268 1583 1352 triangrdum

263 1357 353 1439 Bac,
376 1379 415 1423 ex
437 1355 583 1422 omnibus
604 1357 668 1422 illis
690 1360 850 1437 constans,
872 1355 1025 1440 aequabit
1046 1363 1185 1422 sectores
1207 1357 1317 1422 circuli
1338 1377 1456 1436 omnes,
1479 1357 1513 1422 id
1535 1363 1584 1424 est

263 1467 373 1514 aream
400 1445 511 1510 circuli
533 1466 572 1510 ex
593 1444 741 1512 omnihus
767 1451 973 1510 constantem
1018 1445 1087 1512 Hoc
1110 1445 1171 1510 sibi
1199 1446 1267 1512 vult
1292 1446 1348 1512 illa
1368 1445 1584 1512 Archimeden

264 1536 308 1602 ad
329 1533 526 1618 impossibile
547 1533 697 1599 deductio
709 1531 747 1614 ³).

352 1622 459 1690 Divisa
481 1624 580 1706 igitur
599 1623 654 1688 Bc
674 1621 826 1688 bifariam
847 1621 879 1688 in
901 1619 941 1702 H,
964 1621 1023 1688 liat
1045 1622 1160 1688 ΑΒΗΙ)
1175 1622 1519 1708 parallelogrammum,
1544 1631 1583 1688 ut

264 1713 325 1778 DH
347 1717 432 1776 secet
453 1712 508 1778 lc
529 1711 563 1776 in
584 1711 610 1776 Ι.
655 1711 727 1782 Erit
747 1711 808 1777 hoe
829 1710 1168 1794 parallelogrammum
1196 1711 1419 1795 reetangulum
1444 1713 1582 1795 aequale

264 1821 359 1866 areae
381 1799 496 1864 circuli.
542 1800 626 1865 Nam
648 1803 687 1864 ut
718 1799 768 1865 ΟΒ
790 1807 861 1865 tota
890 1799 932 1864 ad
964 1799 1020 1866 GH
1049 1801 1223 1881 dimidiam,
1254 1800 1302 1865 ita
1323 1804 1357 1864 et
1377 1801 1442 1878 AB,
1474 1802 1510 1874 id
1532 1809 1583 1866 est

263 1889 325 1956 ΒΗ
347 1895 416 1954 tota
438 1889 480 1953 ad
506 1889 552 1954 ΙΗ
582 1888 754 1954 dimidiam.
801 1887 901 1970 Igitur
922 1889 971 1954 ΙΗ
997 1895 1119 1971 aequat
1148 1889 1193 1954 ID
1215 1895 1249 1954 et
1277 1887 1334 1952 Hc
1363 1895 1486 1972 aequat
1513 1889 1580 1969 DA,

263 1977 298 2042 id
322 1985 372 2042 est
392 1978 463 2055 ΗΒ,
495 1983 527 2042 et
549 1978 659 2060 anguli
680 1977 723 2041 od
748 1975 765 2041 l
791 1977 953 2060 aequales,
984 1977 1110 2042 D·vero
1140 1985 1172 2042 et
1194 1977 1226 2042 H
1246 1977 1335 2044 recti
1380 1977 1583 2060 Triangulum

264 2066 364 2149 igitur
386 2064 467 2146 IGH,
499 2067 587 2148 quod
608 2073 657 2131 est
679 2071 772 2130 exus
801 2065 1148 2148 parallelogrammum,
1178 2066 1315 2148 aequale
1343 2073 1394 2134 est
1421 2069 1582 2148 triangulo

263 2155 346 2235 ΙΑΙ),
370 2176 435 2238 quo
457 2155 790 2238 parallelogrammum
812 2154 936 2218 excedit
956 2155 1134 2238 trapezium
1155 2155 1268 2220 AIHB.

354 2244 434 2309 Cum
454 2244 550 2326 igitm
572 2244 730 2308 diameter
752 2241 809 2308 (ΞΒ
830 2248 969 2326 ponatur
990 2263 1060 2308 esse
1073 2243 1213 2326 partimu
1236 2249 1265 2324 7,
1290 2242 1489 2326 quadratum
1510 2243 1578 2308 dia·

263 2333 359 2398 metri
381 2333 441 2396 erit
464 2335 516 2397 49.
561 2333 603 2398 Et
632 2352 705 2396 cum
733 2331 850 2402 harum
872 2331 1013 2415 partium
1036 2335 1077 2395 22
1106 2331 1225 2398 sintin
1246 2330 1513 2412 circumferentia,
1535 2353 1579 2397 sc.

263 2421 298 2485 in
320 2421 382 2500 BG,
407 2421 539 2485 dimidia
553 2419 611 2485 BH
625 2418 757 2484 habebit
771 2438 883 2484 earmn
908 2425 956 2500 11,
980 2419 1078 2502 paulo
1100 2421 1213 2485 minus·
1229 2427 1267 2484 ut
1288 2441 1396 2504 snpra
1440 2421 1514 2486 Duc
1540 2425 1577 2486 ll

263 2509 297 2576 in
323 2510 594 2576 semidiametnnu
617 2507 690 2588 3¹1¹,
712 2527 757 2573 se.
783 2509 817 2574 in
838 2508 907 2574 AB:
929 2506 986 2574 fiet
1005 2510 1230 2592 rectangulum
1250 2509 1311 2576 ΑΗ
1334 2507 1430 2609 3811ιῖ

324 2645 331 2658 ·
352 2621 480 2684 Qualium
492 2637 560 2691 ergo
573 2621 736 2692 quadratum
749 2619 875 2674 diametri
883 2619 970 2673 hahet
979 2619 1026 2682 49,
1048 2621 1144 2675 talium
1164 2633 1233 2675 area
1251 2620 1345 2675 circuli
1365 2621 1443 2676 iuscr.
1458 2621 1487 2676 h.
1498 2619 1581 2690 usu.

330 2711 335 2722 ·
901 2700 944 2753 bis
980 2699 1017 2756 98
1030 2739 1454 2756 ..........
1496 2701 1534 2756 'll

332 2807 338 2826 .
617 2778 706 2834 Divisi
725 2795 776 2848 per
797 2779 814 2834 'l
839 2777 945 2834 anime
982 2781 1018 2835 14
1059 2817 1455 2836 .........
1499 2782 1545 2836 ll.

264 2861 341 2924 Quod
362 2867 424 2916 erat
443 2861 688 2916 demomtrandum.

352 2957 584 3036 corollarium
606 2960 630 3012 l.
672 2955 791 3012 Sectoris
816 2955 844 3010 in
863 2955 964 3010 circulo
994 2954 1179 3024 (constituitur
1204 2957 1286 3010 rectis
1312 2974 1349 3011 ex
1374 2963 1469 3011 centro
1495 2963 1525 3010 et
1544 2973 1581 3011 ex

220 3097 226 3120 1
263 3053 330 3093 arcu
350 3037 512 3107 intercepto)
539 3053 607 3091 area
626 3043 670 3090 ert
694 3035 816 3106 aequalis
841 3037 1004 3106 rectangmo
1030 3038 1081 3090 suh
1101 3037 1300 3090 semidiametro
1321 3044 1350 3092 et
1369 3037 1478 3090 dimidio
1505 3053 1580 3090 arcu.

351 3135 581 3189 Corollarium
606 3134 632 3189 2.
679 3133 820 3204 Segmenti
846 3132 941 3188 cuculi
964 3134 1073 3188 minoris
1101 3133 1200 3203 (portio
1227 3141 1270 3189 est
1293 3149 1343 3204 per
1367 3149 1450 3188 unam
1474 3143 1580 3187 rectam

263 3207 362 3278 recisa)
389 3230 457 3268 area
481 3213 567 3268 minor
594 3220 637 3267 est
662 3215 775 3266 sectoris
801 3227 869 3266 area
894 3213 1034 3284 triangulo
1061 3215 1112 3267 sub
1139 3214 1252 3268 sectoris
1279 3219 1308 3267 et
1333 3214 1468 3284 segmenti
1496 3215 1580 3267 rectis

263 3296 469 3364 comprehenso:
498 3293 634 3363 segmenti
653 3292 763 3361 majoris
784 3309 852 3346 area
876 3299 954 3346 tanto
975 3291 1062 3361 major
1083 3300 1126 3346 est
1146 3297 1252 3347 secttre
1272 3309 1329 3348 suo.
1368 3295 1582 3348 Demonstrstur

263 3381 356 3428 autem
376 3374 404 3428 in
423 3374 605 3446 geometricis,
625 3373 816 3442 rectangulum
836 3373 886 3425 sub
906 3373 1101 3442 perpendiculo
1121 3373 1254 3443 trianguli
1275 3379 1305 3427 et
1323 3373 1433 3426 dimidia
1453 3374 1582 3427 ιεοιίοιιίι

264 3454 337 3508 linea
358 3455 473 3524 aequale
494 3471 554 3506 esse
574 3468 657 3506 areae
678 3451 818 3522 trianguli.
858 3453 960 3508 ablato
981 3453 1068 3523 igitur
1090 3454 1172 3522 plano
1193 3453 1276 3522 hqjm
1302 3453 1435 3523 trianguli
1455 3455 1493 3506 ab
1515 3469 1582 3506 area

263 3533 384 3597 sectoris,
405 3540 492 3588 restat
502 3549 569 3587 area
578 3531 711 3602 segmenti
721 3531 837 3595 minoris,
858 3533 906 3585 sed
916 3532 1018 3596 addito,
1034 3533 1150 3602 majoris
1165 3533 1301 3603 segmenti
1311 3549 1379 3586 area
1397 3533 1580 3588 constituitur.

350 3631 381 3684 ln
402 3631 540 3685 schemate
563 3633 588 3686 l.
608 3631 706 3684 DABE
727 3636 770 3682 est
789 3635 879 3682 sector
897 3630 997 3694 minor,
1017 3629 1140 3684 DABCD
1160 3629 1262 3698 mqjort
1286 3630 1386 3684 DGBE
1406 3639 1580 3700 segmentum

264 3708 358 3772 minus,
378 3711 474 3764 1)ch
495 3709 597 3780 majus3
621 3710 696 3764 DBA
715 3708 896 3779 triangulum,
918 3725 971 3780 quo
992 3716 1081 3762 sector
1101 3725 1120 3762 a
1140 3715 1281 3779 segmento
1301 3708 1398 3763 differt.
1440 3711 1471 3764 ld
1493 3711 1580 3764 habet

263 3791 332 3842 duas
352 3797 444 3858 partes
466 3791 596 3861 aequales
616 3795 645 3843 et
664 3804 808 3860 congruas,
828 3789 910 3850 Aca,
930 3789 1015 3843 AGD.
1056 3789 1188 3859 apposito
1208 3789 1295 3860 igitur
1321 3791 1423 3860 angusto
1444 3790 1525 3844 DAG
1545 3791 1578 3842 ed

264 3869 345 3930 GBA‚
365 3868 403 3922 sic
423 3871 500 3924 ADG
519 3873 554 3924 ad
571 3871 652 3932 ΕΑΒ,
673 3869 704 3922 fit
723 3869 916 3938 reetangulum
936 3868 1081 3922 altitudine
1095 3869 1155 3931 AG,
1175 3868 1321 3922 latitudine
1337 3868 1391 3922 GB.
1414 3869 1461 3922 ·Et
1481 3870 1579 3923 dicit-ur

263 3947 291 4002 in
310 3948 509 4018 triangulorum
529 3950 653 4004 doctrina
672 3949 719 4002 GB
740 3949 813 4002 sinus
834 3964 913 4000 meus
936 3949 984 4002 ΕΒ
1005 3948 1115 4010 dimidii,
1137 3949 1186 4003 Ga
1208 3947 1282 4002 sinus
1303 3947 1362 4017 ejus
1382 3949 1578 4018 complectenti.
1678 3993 1679 4012 ,

350 4045 537 4117 Episagma
559 4049 583 4102 1.
625 4046 731 4100 Circuto
756 4061 894 4098 commune
920 4046 973 4097 hoc
993 4051 1036 4099 est
1055 4061 1115 4098 cum
1142 4046 1291 4114 parabola,
1318 4047 1387 4116 quod
1414 4045 1442 4099 in
1465 4054 1580 4116 utraque
1678 4039 1679 4056 l

262 4124 400 4194 portiones
420 4129 658 4197 quomodocunque
677 4142 727 4195 per
749 4141 830 4178 unam
851 4131 954 4178 rectam
980 4124 1133 4186 obscum,
1154 4125 1177 4178 si
1198 4127 1328 4195 aequales
1353 4126 1505 4180 habuerint
1524 4126 1579 4180 dia·

262 4212 371 4266 metros,
392 4212 421 4259 et
441 4205 516 4274 ipsae
536 4206 608 4261 inter
629 4225 658 4260 se
679 4206 705 4259 in
726 4205 849 4276 qualibet
868 4206 959 4274 figura
979 4205 1034 4258 sint
1054 4205 1193 4275 aequales.
1215 4203 1343 4270 (Arabim.
1354 4207 1388 4258 de
1398 4205 1512 4260 Conoid.
1521 4201 1580 4268 lv.)

349 4302 534 4373 Episagma
560 4305 586 4358 2.
627 4304 778 4358 Paraboles
805 4317 873 4356 area
898 4307 941 4355 est
966 4302 1142 4374 sesquitertia
1168 4317 1251 4355 areae
1278 4303 1424 4373 trianguli,
1452 4303 1580 4358 habentis

263 4383 376 4434 eandem
402 4398 462 4435 cum
489 4385 626 4452 parabola
651 4382 729 4436 basin
755 4390 858 4436 rectam
884 4389 913 4434 et
938 4383 1051 4435 eandem
1077 4381 1256 4437 altitudinem.
1298 4381 1389 4450 (arch.
1419 4385 1455 4437 de
1480 4384 1580 4446 Quadr.

260 4461 416 4515 Parabolae
436 4462 515 4532 Prop.
540 4465 574 4518 17
596 4470 626 4516 et
649 4458 706 4525 24.)

349 4557 536 4629 Episagma
556 4559 582 4613 3.
612 4558 723 4628 Ellipsii
743 4575 811 4614 area
831 4560 866 4612 ad
887 4573 981 4613 aream
1001 4557 1095 4612 circuli
1116 4563 1159 4612 est
1172 4563 1204 4612 ut
1217 4559 1304 4612 minor
1324 4557 1426 4628 ellipsis
1448 4561 1580 4618 diameter
1601 4603 1605 4618 .

262 4639 298 4690 ad
318 4635 455 4704 majorem.
495 4639 533 4692 Et
551 4646 584 4693 ut
603 4639 719 4692 circulus
740 4641 775 4693 nd
796 4639 959 4710 quadratum
983 4637 1123 4701 diametri,
1143 4637 1182 4692 sic
1202 4639 1305 4708 ellipsis
1332 4641 1367 4693 nd
1386 4644 1580 4714 rectangulum

262 4716 462 4786 diametqrum,
483 4718 587 4774 seilicet
607 4718 689 4774 etiam
710 4725 741 4774 ut
764 4721 795 4773 ll
820 4719 854 4772 od
879 4720 914 4776 14
935 4718 1002 4776 lere.
1043 4717 1135 4787 (arch.
1156 4719 1320 4788 Sphaeroid.
1341 4714 1440 4784 l-l.)
