3412 5538
645 325 676 376 de
688 325 762 376 rebus
774 325 959 391 chronologicis.
1041 339 1044 353 ·
1430 305 1472 374 93

131 463 298 546 Principum
306 466 714 548 magnatomporisjactura.
738 469 864 532 Interim
872 469 981 532 Feriae
997 467 1274 552 appropinquantes
1290 469 1471 532 admonuere

130 573 172 616 me
187 554 222 617 de
239 553 429 620 calendario
446 557 542 638 deque
557 555 758 638 Ephemeridc
775 557 866 634 Solis,
881 559 986 620 Lunae
1001 558 1169 640 Martisque
1186 557 1402 634 concinnanda,
1420 558 1472 622 ubi

130 651 158 706 et
171 652 341 710 ceterorum
357 647 549 727 planetarum
563 665 603 708 er
617 646 741 728 Magiuo
757 649 796 710 ad
812 648 1041 710 observationes
1056 647 1245 728 Tychonicas
1261 647 1291 710 in
1307 647 1396 710 simili
1412 647 1472 710 situ

130 734 294 797 conferendi
320 736 453 798 fuerunt.
499 733 595 798 Simul
619 735 682 798 bini
707 736 771 800 dies
797 756 835 799 ex
860 735 985 817 singulis
1007 737 1185 818 septimanis
1207 737 1298 799 dandi
1323 736 1419 799 literis
1441 737 1475 799 in'

129 821 257 902 Styriam
279 825 500 900 emendandis,
529 825 600 906 quia
620 825 745 905 negotia
771 826 948 907 imperfecta
972 826 1168 906 relinquenda
1193 828 1321 888 fuerant.
1365 827 1471 908 Neque

128 911 256 976 immunis
272 914 318 975 lui
342 914 383 977 ab
399 913 649 976 extraordinariis
670 915 845 978 ministeriis
863 914 989 979 Caesari
1008 915 1218 996 praestandis,
1241 935 1364 995 quorum
1380 934 1472 978 causa

129 1001 226 1065 crebro
248 1002 280 1065 iu
303 1022 409 1066 arcem
431 1003 489 1065 fuit
510 1003 647 1066 eundum.
686 1003 763 1068 Cum
779 1005 846 1085 jam
868 1005 1027 1067 defunctus
1050 1023 1118 1066 esse
1134 1003 1213 1066 omui
1229 1004 1332 1067 labore
1353 1004 1471 1068 viderer
1520 1011 1523 1020 ’

128 1085 174 1169 (de
189 1091 302 1154 salario
321 1092 532 1173 extorquendo
548 1092 622 1154 nihil
638 1088 761 1174 dicam),
779 1113 849 1156 ecee
867 1093 1080 1158 coloniensem
1093 1094 1275 1168 Electorem,
1291 1095 1341 1175 qui
1355 1112 1402 1156 me
1417 1112 1471 1175 per

127 1179 271 1242 octiduum
293 1181 428 1263 amphus
450 1183 586 1245 exercuit
607 1181 639 1244 iu
662 1183 839 1263 quaestione
861 1183 1094 1258 mathematica,
1118 1183 1289 1264 donataque
1312 1203 1404 1246 aurea
1426 1183 1471 1245 sni

126 1269 248 1348 hnagine
272 1289 345 1333 cum
366 1271 476 1352 poculo
499 1269 591 1334 trium
611 1289 780 1335 marcarum
808 1273 1024 1335 necessitatem
1045 1272 1118 1335 mihi
1145 1272 1287 1352 imposuit
1308 1272 1471 1336 identidem

127 1359 208 1422 cilicii
223 1379 320 1422 causa
337 1361 541 1440 comparendi.
570 1361 675 1424 Habes
684 1380 739 1442 per
749 1381 916 1437 excursum,
932 1362 1002 1443 quid
1021 1381 1069 1424 me
1091 1362 1261 1424 sexcenties
1277 1362 1317 1424 ad
1327 1362 1472 1424 calculum

126 1448 342 1527 expediendum
359 1449 567 1514 considentem
589 1449 714 1512 subinde
736 1452 928 1514 revocaverit
950 1469 1130 1532 causamque
1151 1451 1324 1531 praebuerit
1344 1468 1471 1530 respon-

126 1555 184 1600 sum
203 1538 363 1620 tantisper
385 1539 559 1616 differendi,
587 1557 654 1602 cnm
674 1540 882 1606 embescerem
902 1539 968 1603 sine
983 1541 1120 1623 perfecto
1143 1540 1258 1602 calculo
1280 1541 1470 1621 respondere.

125 1626 187 1688 Jam
202 1628 325 1692 adrem
341 1628 444 1698 redeo.

205 1715 412 1782 certitudinis
428 1737 522 1781 causa
543 1737 581 1781 ue
603 1720 682 1782 lorte
698 1718 777 1780 idem
793 1737 877 1782 error
892 1719 1011 1801 utrique
1027 1737 1096 1782 sese
1111 1718 1296 1794 insinuaret,
1318 1737 1392 1780 usus
1407 1735 1471 1781 snm

126 1805 180 1867 slis
194 1807 322 1889 epocha,
339 1827 418 1889 quae
433 1807 477 1871 io
493 1807 580 1871 annis
596 1816 645 1870 est
660 1808 812 1889 antiquior
828 1808 953 1884 Christi,
969 1809 1113 1890 adquam
1129 1808 1232 1871 addidi
1247 1825 1359 1872 annum
1372 1825 1470 1882 nuum,

126 1894 237 1958 Juuium
252 1896 435 1977 simplicem,
452 1897 517 1960 dies
531 1897 647 1962 solidos
659 1897 836 1973 octodecim,
852 1898 896 1960 sic
911 1905 946 1960 ut
960 1898 1114 1979 prodeant
1127 1916 1196 1962 mea
1210 1898 1279 1962 loca
1294 1898 1334 1960 ad
1343 1895 1471 1960 mediam

127 1993 237 2048 noctem
253 1994 445 2068 sequentem

211 2151 351 2220 Exprimis
363 2155 445 2206 literis
726 2155 862 2208 Exaltesis
1108 2155 1274 2208 'Measdih
1286 2155 1319 2208 ii.
1333 2171 1402 2222 sequ.

584 2240 616 2305 Θ
630 2239 679 2294 21⁰
693 2243 734 2296 19¹
747 2250 787 2304 ee.
1051 2239 1083 2305 Θ
1100 2239 1156 2293 21⁰.
1169 2243 1213 2294 48‘
1227 2250 1267 2302 ee.

583 2307 610 2380 1>
625 2315 648 2366 1.
661 2315 686 2367 8.
701 2323 742 2376 ea.
755 2317 799 2366 isc
816 2316 839 2367 1.
853 2309 895 2368 47.
910 2311 936 2366 s.
1049 2307 1076 2380 1>
1090 2309 1114 2365 7.
1130 2313 1163 2366 16
1176 2321 1207 2372 ee
1220 2315 1266 2366 lat
1282 2309 1318 2366 1⁰.
1333 2311 1374 2366 18⁶
1387 2313 1413 2367 s.

1048 2379 1250 2451 §litalde

581 2452 924 2520 mammarii.

582 2528 912 2592 no.1sa,o.as.

621 2599 942 2664 resacrari.
1086 2594 1400 2664 terraneam.

583 2599 931 2744 {sermones
1048 2599 1393 2748 geremarus.
1477 2715 1481 2724 ,

583 2739 935 2806 umma,nms
1047 2733 1394 2804 omma,rms

1047 2808 1331 2878 omensrssefl.

1045 2879 1332 2950 Procyou27.24.11.

203 3039 349 3119 Apparet
364 3036 467 3118 igitur,
482 3037 683 3120 posteriorem
698 3037 846 3114 calculum
860 3039 937 3102 bene
958 3037 1086 3114 habere,
1108 3037 1167 3102 nisi
1187 3038 1218 3102 in
1233 3033 1270 3117 ij,
1291 3037 1343 3100 ubi
1363 3037 1471 3100 desunt
1503 3089 1507 3097 .

128 3125 232 3208 aliquot
246 3128 383 3202 minuta,
406 3127 485 3190 forte
501 3126 548 3203 6‘,
569 3147 645 3210 quae
667 3127 716 3191 hic
738 3129 848 3190 nullius
870 3135 941 3190 sunt
968 3129 1121 3202 momenti,
1166 3127 1261 3191 Marti
1282 3126 1471 3193 tribuebatur

128 3217 453 3389 {lufgffifflssngd
468 3235 555 3280 secus
569 3218 673 3293 habet,
689 3225 739 3280 est
754 3218 832 3280 enim
847 3217 879 3282 iu
894 3216 1013 3300 quintili
1022 3217 1114 3294 Solis,
1129 3237 1186 3280 nec
1201 3216 1260 3280 nisi
1274 3224 1347 3298 post
1361 3215 1476 3324 trinum

187 3481 257 3544 Quae
268 3488 379 3548 praeter
394 3485 534 3547 pnemhsa
544 3482 672 3550 Keplerus
689 3485 743 3552 egit
758 3499 803 3548 per
819 3485 907 3534 litans
924 3497 982 3535 eum
997 3483 1129 3536 iienarco
1146 3484 1178 3533 de
1195 3481 1269 3533 rehtu
1287 3482 1470 3548 chronologicis,

128 3553 171 3618 ipse
180 3554 311 3620 Keplerus
324 3553 418 3619 publici
427 3557 491 3619 luris
504 3555 564 3607 iecit
575 3555 601 3605 in
613 3557 727 3622 sequenti
739 3556 813 3615 libro,
831 3571 905 3620 quem
921 3555 1058 3619 inscripsit:
1078 3555 1188 3622 liclogae
1207 3555 1351 3604 chronicae.
1388 3553 1471 3614 Quare

127 3628 190 3676 nuso
208 3630 261 3691 jam
291 3625 424 3676 Eersrarto
451 3641 483 3692 ea
509 3629 680 3692 proponimus,
708 3641 773 3692 quae
795 3627 923 3691 Keplerus
940 3628 1040 3691 scripsit
1063 3623 1225 3692 scaligero
1248 3625 1298 3676 huc
1313 3626 1469 3693 pertinentia

128 3695 239 3762 Kaplerus
255 3699 358 3763 ingenii
375 3697 415 3746 sui
430 3699 527 3749 ratium
540 3705 567 3748 et
577 3701 662 3750 innato
673 3698 862 3763 philosophandi
874 3699 958 3750 studio
968 3713 1021 3749 reru
1033 3711 1050 3747 a
1061 3697 1195 3748 Maestlino
1207 3703 1301 3748 motam
1311 3713 1361 3748 non
1372 3697 1471 3761 abjecit,

127 3769 197 3820 sedin
208 3773 297 3821 uino
309 3769 399 3827 rolris,
417 3777 445 3819 et
455 3769 498 3820 nbi
509 3771 615 3834 primum
627 3771 680 3821 tale
692 3771 751 3836 qnid
764 3771 884 3831 occurrit,
901 3771 973 3821 aride
987 3770 1143 3820 occasionem
1156 3770 1242 3834 arripit
1254 3770 1285 3820 de
1296 3784 1363 3820 novo
1370 3783 1423 3820 rem
1435 3770 1471 3818 in·

127 3841 233 3904 subaudi
257 3839 355 3892 Talem
367 3843 523 3891 occasionem
535 3843 650 3906 praebuit
662 3841 814 3905 Iosephus
827 3840 972 3907 Scaliger
984 3855 1058 3906 opere
1071 3857 1116 3891 suo
1124 3841 1228 3905 prolixo:
1241 3839 1282 3890 De
1291 3841 1470 3892 Emendatioue

128 3909 266 3976 Temporum
283 3908 401 3976 (primum
414 3913 482 3976 typis
495 3927 613 3964 excusum
626 3921 665 3963 est
678 3927 694 3963 a
707 3913 783 3972 1583,
802 3913 859 3963 dein
872 3915 943 3962 annis
957 3911 1026 3963 1593
1039 3918 1066 3963 et
1079 3908 1170 3974 1⁵98),
1188 3912 1254 3977 quod
1265 3924 1358 3978 magna
1370 3912 1468 3976 quidem

128 3984 259 4044 eruditione,
276 3985 426 4048 praesertim
437 3983 596 4035 historiarum
612 3986 751 4050 cognitione
763 3987 940 4048 eouscriptum,
958 3986 1041 4034 minus
1057 3997 1107 4034 acu
1122 3985 1217 4048 tangit,
1237 3996 1302 4049 quae
1320 3983 1353 4033 ad
1371 3983 1466 4032 mathe-

128 4057 235 4105 usticssn
245 4057 391 4120 pertineut;
410 4067 487 4119 quam
498 4057 529 4106 ob
547 4070 600 4107 reus
614 4056 727 4113 Clarius,
744 4058 786 4120 qui
802 4057 871 4119 priua
884 4056 985 4128 quidem
1000 4057 1026 4106 iu
1039 4053 1195 4120 Scaligernm
1212 4055 1330 4113 urbanius
1347 4055 1470 4119 prodierat

128 4119 159 4186 (in
168 4126 329 4186 ,calendarii
339 4125 522 4190 explicatione*
536 4134 562 4178 et
575 4127 642 4188 ,Joa
656 4127 779 4192 Scaligeri
797 4127 917 4177 elenchus
936 4133 963 4177 et
981 4128 1115 4192 cutigatio
1128 4126 1182 4176 cal.
1195 4125 1343 4191 Gregorisni
1355 4139 1372 4174 s
1384 4125 1469 4174 Clario

129 4197 282 4264 eutigw),
294 4199 385 4262 po'stes
395 4211 462 4257 sero,
474 4213 550 4263 quum
563 4197 676 4263 Scaliger
686 4199 759 4248 nimis
771 4200 966 4262 intemperanter
977 4198 1156 4264 respondisset,
1170 4199 1290 4248 acerrime
1302 4199 1328 4248 iu
1339 4197 1420 4261 ipsum
1431 4195 1468 4244 iu·

129 4268 215 4321 vehitur
231 4265 401 4333 („Responaio
414 4268 448 4319 ad
459 4271 571 4320 convicia
582 4277 608 4320 et
626 4269 764 4320 calumnias
778 4265 940 4336 Scaligori“),
959 4270 1070 4320 referens
1089 4269 1152 4319 ahos
1171 4283 1268 4336 quoque
1290 4281 1385 4318 errores
1401 4263 1467 4315 hand

129 4337 187 4391 lases
208 4355 226 4391 a
250 4341 384 4406 scaligero
406 4341 434 4390 iu
456 4341 641 4392 mathematicis
665 4337 786 4392 umbros
812 4337 848 4403 (in
875 4339 936 4392 libro
963 4342 1092 4406 inscripto:
1129 4339 1311 4403 (igclometrica
1336 4338 1468 4389 momenta

191 4483 329 4552 Sequentes
345 4481 453 4546 Kepleri
470 4483 589 4548 epistolas
606 4483 640 4534 ad
658 4482 825 4550 scaligerum,
844 4495 909 4549 qnae
928 4485 1008 4549 operis
1028 4480 1087 4544 „De
1104 4481 1285 4534 Emendationis
1304 4474 1467 4544 'l'eusporuna⁸

131 4557 239 4618 mudum
250 4562 339 4621 partes
353 4559 481 4618 spectant,
502 4555 645 4620 Scaligerus
662 4555 732 4606 nulls
749 4555 846 4606 ridetur
861 4556 951 4620 dignas
969 4554 1087 4606 habuisse
1104 4555 1275 4620 responsione,
1295 4557 1362 4601 certe
1374 4549 1468 4624 nullam

131 4631 287 4694 usnuscripts
297 4626 420 4678 referunt
457 4625 578 4688 Causam,
600 4641 644 4678 eur
655 4641 704 4677 non
715 4628 841 4691 respoudit
853 4627 1010 4692 Scaligerns,
1029 4631 1103 4690 petas
1115 4625 1179 4676 forte
1191 4639 1224 4676 ex
1235 4621 1344 4675 secunda
1356 4627 1383 4670 et
1394 4621 1470 4669 tertis

131 4693 226 4763 depleri
236 4701 350 4765 epistola,
363 4699 414 4748 nisi
426 4698 531 4757 morbus,
545 4699 587 4764 qni
598 4705 702 4748 moriem
713 4699 883 4762 praecedebat
895 4693 1045 4762 (hydropsis)
1058 4697 1183 4747 silentium
1196 4693 1331 4746 exemerit
1356 4690 1469 4741 Mortuus

132 4776 165 4818 tsi
175 4769 313 4838 dodigerus
324 4769 446 4836 Lugduni
456 4768 607 4822 Batavorum
619 4783 684 4821 auno
699 4768 767 4821 1609
779 4765 917 4832 (ianuario)
930 4782 1024 4820 unum
1036 4781 1114 4835 agens
1126 4765 1174 4827 69,
1194 4773 1221 4816 et
1231 4763 1336 4827 iiapieri
1348 4763 1468 4828 epistolae

133 4838 200 4896 Μ·
210 4853 265 4898 ms
275 4842 349 4898 baud
367 4843 407 4894 its
417 4841 495 4894 multo
512 4849 572 4894 aute
590 4849 703 4896 mortam.
739 4841 837 4894 Priores
849 4841 955 4908 Kepleri
972 4841 1063 4894 literae
1079 4854 1128 4892 uon
1143 4841 1257 4902 mtegrse
1276 4836 1362 4890 iusum
1379 4847 1466 4886 manu·
1504 4856 1507 4865 ‹
