3390 5542
277 229 340 292 598
735 222 927 274 sammonico
946 223 1126 274 &chimeleae

275 400 392 466 borum
415 402 588 464 excurrant
608 417 707 480 supra
729 399 964 482 contingentem
991 417 1102 462 verene
1128 395 1252 480 figurae
1274 401 1429 462 centrum
1476 396 1594 480 Magno

276 489 404 572 quidem
427 493 461 552 et
483 507 581 570 prope
602 485 851 551 demonstrativa
873 487 919 552 vis
942 486 1109 572 est'hujus
1132 485 1307 568 anologioe.

367 579 480 659 Neque
510 581 616 640 temen
647 574 777 653 suffieit,
800 575 860 642 hoe
889 574 1008 642 hebere
1038 575 1306 656 demonstratum,
1338 581 1466 660 oportet
1500 576 1595 639 etiarn

162 717 166 726 .
274 666 434 750 ipsissima
462 669 583 749 puncta
611 663 752 730 indicare
780 664 863 728 iuter
894 665 1114 748 contingentes
1146 669 1179 728 et
1207 664 1359 730 verticem
1387 664 1517 749 ellipe'u,
1541 669 1596 728 ant

276 759 421 822 centrum
441 752 639 837 hyperboles.
953 786 959 804 ι

773 893 949 960 lbeoreme
970 893 1097 960 XXVII.
1209 846 1214 858 Ι

276 1000 315 1066 Si
342 999 511 1082 oerjndibet
539 1001 694 1080 trianpnli
722 1000 807 1068 lotos
836 1002 971 1066 alternat
997 1003 1084 1066 circo
1105 1007 1223 1068 rectam
1250 1003 1404 1085 copulem
1424 1005 1598 1066 meteret

278 1092 313 1154 in
343 1091 404 1154 dno
436 1087 584 1170 aequalia
606 1095 635 1152 et
658 1089 692 1153 in
709 1093 913 1170 proportione
933 1091 1068 1156 lotorem
1091 1091 1297 1173 reliquorum:
1326 1094 1361 1156 in
1386 1091 1505 1173 crepulo
1527 1110 1597 1154 vero

276 1179 417 1260 opposito
457 1183 644 1242 concurrant
677 1180 828 1244 sectiones
868 1181 993 1244 ionicae
1033 1181 1156 1258 conoe,
1199 1182 1402 1246 wnenmrnler
1437 1200 1473 1244 se
1509 1179 1599 1258 ipses

278 1273 307 1332 et
330 1265 508 1331 lotnsreeto
520 1266 824 1358 onpnlooppositnrn
836 1273 1004 1351 tonpcntes,
1026 1270 1155 1334 vertices
1163 1270 1342 1350 prinrorios
1353 1269 1388 1333 in
1398 1268 1499 1332 lutere
1518 1272 1597 1330 secto

276 1355 437 1420 lactentes:
467 1375 545 1436 qnae
575 1365 649 1418 snrrt
672 1377 832 1430 nonnemo
862 1357 906 1422 od
928 1358 1134 1437 predictotent,
1157 1377 1261 1422 omnes
1282 1363 1372 1424 mitt
1393 1355 1599 1440 byperbcloe,·

281 1464 359 1526 quae
380 1445 416 1508 in
437 1443 542 1524 ipsam
565 1441 760 1514 insertionem
783 1446 905 1525 incidit,
925 1445 1095 1526 parabole,·
1121 1467 1201 1528 pane
1214 1445 1287 1510 binc
1309 1465 1407 1527 erepte
1421 1445 1466 1508 od
1490 1445 1597 1508 sectio-

279 1554 350 1610 nem
365 1531 644 1612 proportionatae,
668 1535 769 1618 omnis
790 1537 915 1616 pencris
941 1535 1068 1616 ellipses
1090 1541 1209 1614 reetoe,·
1231 1555 1311 1618 quac
1337 1535 1373 1598 in
1394 1535 1502 1614 ipsam
1524 1553 1597 1612 pro·

275 1619 487 1702 portionalem
509 1619 631 1698 inuidit,
653 1623 804 1702 eirerdue5
826 1644 905 1704 quoe
928 1623 1060 1706 deniqne
1080 1624 1153 1688 birro
1175 1645 1273 1704 enque
1291 1623 1334 1686 od
1356 1628 1480 1686 rectane
1501 1643 1598 1702 anpu-

282 1711 357 1791 lnm,
374 1709 475 1775 omnis
492 1709 618 1791 pencris
635 1711 762 1792 ellipses
785 1716 982 1778 transversae
1001 1717 1102 1790 munt,
1126 1711 1162 1776 in
1173 1711 1285 1794 pnibeer
1301 1717 1408 1776 verta
1424 1709 1598 1791 improprie

618 1798 737 1864 dicitnr
756 1820 815 1880 pro
837 1807 975 1866 extremo
997 1799 1252 1894 onislbrecicris.

494 1899 538 1954 ¹³⁸·
551 1899 584 1942 ²¹·
767 1921 775 1931 ⁴
904 1905 953 1972 Sit
973 1907 1195 1990 rectnngulum
1216 1905 1306 1983 Bne,
1330 1907 1421 1989 cujus
1443 1903 1532 1968 latus
1550 1903 1599 1969 AG

299 2038 324 2090 7
815 2001 938 2060 sectum
953 1997 1042 2061 sitin
1057 1995 1251 2078 aeqnnliniu
1264 1996 1300 2074 Ο,
1323 1993 1483 2060 bieeeetur
1504 1991 1600 2056 etiam

816 2086 954 2168 angulus
977 2085 1059 2150 CBA
1089 2084 1175 2149 lineo
1197 2084 1270 2156 BN,
1300 2089 1337 2148 nt
1365 2083 1447 2148 sieut
1474 2087 1525 2145 eet
1547 2081 1600 2146 AB

816 2174 859 2238 ad
881 2174 943 2252 BG,
967 2174 1014 2238 sic
1035 2173 1078 2238 eit
1098 2173 1157 2238 AN
1181 2173 1224 2238 ad
1246 2173 1320 2238 Nil:
1344 2171 1407 2236 erit
1427 2176 1601 2254 propterea

815 2261 873 2326 AN
896 2262 1023 2328 brevior
1044 2263 1114 2344 ipsa
1131 2261 1197 2328 ΑΟ.
1232 2261 1324 2348 Tune
1342 2260 1427 2324 inter
1450 2261 1485 2339 G,
1510 2259 1539 2323 0
1561 2259 1602 2322 sit

816 2357 969 2433 punctum
993 2352 1035 2429 V,
1058 2353 1140 2416 iuter
1163 2350 1203 2430 Ο,
1227 2349 1256 2416 N
1282 2357 1438 2435 puuctum
1459 2346 1492 2428 1,
1516 2349 1601 2412 inter

815 2439 854 2516 N,
867 2443 896 2505 A
910 2447 1061 2525 punctum
1072 2441 1118 2519 E;
1141 2445 1276 2523 tangant
1292 2445 1401 2503 eutem
1415 2457 1451 2502 se
1465 2436 1601 2501 invicem

816 2535 851 2593 et
871 2535 993 2593 rectem
1008 2529 1060 2594 BG
1078 2529 1111 2593 in
1127 2536 1247 2612 puncto
1263 2527 1290 2592 B
1312 2527 1422 2592 variae
1442 2527 1601 2590 sectiones

816 2617 951 2694 conicae,
976 2637 1113 2700 querum
1138 2617 1271 2682 vertices
1297 2617 1361 2680 sint
1389 2618 1449 2681 hcc
1472 2614 1599 2680 ordine:

816 2706 854 2784 V,
879 2705 917 2785 O,
940 2705 965 2785 Ι,
989 2707 1029 2785 Ν,
1053 2707 1096 2770 E:
1126 2705 1196 2772 dico
1221 2705 1276 2770 BV
1302 2725 1371 2772 esse
1397 2701 1601 2788 hyperbolae,

676 2823 692 2842 τ’
816 2794 871 2860 ΒΟ
894 2794 1081 2878 parabolen,
1110 2794 1154 2859 BI
1175 2795 1299 2878 ellipses
1322 2800 1439 2872 rectae,
1465 2791 1524 2857 BN
1545 2791 1602 2854 eir·

815 2883 928 2962 culum,
952 2883 1007 2948 BE
1030 2882 1158 2968 ellipees
1180 2889 1388 2948 transversos.

904 2972 1011 3037 Primo
1034 2972 1074 3038 de
1096 2971 1161 3037 ΒΟ.
1208 2971 1285 3037 Cum
1306 2973 1406 3054 igitur
1433 2970 1604 3035 sectionem

816 3060 958 3126 oonicom
977 3061 1050 3140 ΒΟ,
1074 3063 1162 3146 eujus
1189 3061 1258 3126 exie
1280 3081 1339 3126 eeu
1361 3061 1519 3126 diameter
1543 3057 1604 3136 CA,

816 3155 926 3214 vertex
941 3148 977 3228 Ο,
1001 3155 1116 3234 tangat
1136 3157 1224 3214 recta
1239 3150 1292 3214 BG
1314 3151 1346 3214 in
1362 3151 1400 3228 B,
1417 3147 1605 3212 conveniens

674 3274 698 3317 γ
817 3259 889 3302 cum
904 3238 1057 3304 dbmdro
1080 3246 1173 3302 extre
1194 3239 1365 3303 sectionem
1387 3237 1422 3301 in
1441 3235 1479 3315 Ο,
1501 3236 1607 3317 sitque

704 3332 716 3381 A
819 3347 841 3390 a
862 3331 951 3391 tectu
972 3327 1000 3392 B
1027 3327 1069 3392 ed
1092 3327 1284 3392 diametrum
1305 3327 1477 3392 ordinatim
1503 3323 1605 3408 appli-

761 3457 786 3508 Β
818 3423 897 3480 cata'
915 3417 988 3495 Bu,
1017 3417 1135 3500 quippe
1163 3415 1434 3498 perpendicularis
1456 3414 1512 3478 axi
1535 3415 1604 3491 GA3

818 3510 951 3570 etcum
978 3505 1020 3568 sit
1051 3504 1104 3569 CO
1135 3505 1278 3587 aequalis
1307 3505 1368 3587 ipsi
1399 3502 1475 3568 On:
1507 3520 1607 3584 quare

791 3593 872 3658 ’Βο
896 3594 958 3658 erit
978 3592 1145 3677 parabole,
1169 3613 1228 3676 per
1248 3594 1273 3659 1.
1299 3598 1351 3658 37.
1396 3590 1506 3674 Apoll.
1534 3610 1606 3656 con·

820 3701 955 3747 versem.

909 3769 1055 3834 Secundo
1077 3769 1118 3836 de
1139 3770 1203 3836 BV.
1248 3767 1455 3835 Manentibus
1478 3765 1607 3844 ¹ceteris,

819 3881 892 3925 cum
907 3861 948 3924 sit
962 3859 989 3921 V
1003 3869 1112 3924 vertex
1127 3864 1159 3924 et
1173 3858 1226 3924 GV
1241 3859 1343 3923 minor
1357 3857 1496 3923 dimidio
1509 3857 1608 3940 ipsine

819 3950 883 4029 CA,
905 3948 1003 4030 duple
1024 3947 1121 4028 igitur
1135 3948 1235 4032 ipsius
1252 3947 1305 4013 GV
1319 3945 1494 4012 auferetur
1508 3969 1530 4011 a
1546 3945 1605 4016 Cb

819 4043 852 4102 et
872 4037 931 4102 fiat
951 4042 988 4101 ut
1010 4037 1175 4102 residuum
1196 4037 1257 4101 hoc
1271 4035 1313 4102 ad
1333 4034 1395 4114 ct,
1420 4035 1469 4100 sic
1492 4034 1547 4100 GV
1570 4031 1607 4095 ad

823 4125 873 4192 CF
896 4127 929 4191 in
950 4121 1060 4208 p'nrtee
1083 4126 1263 4190 exteriores.
1301 4124 1380 4190 Cum
1402 4125 1503 4206 igitur
1526 4119 1610 4207 qnod

819 4235 859 4280 ex
874 4211 924 4280 OF
948 4221 980 4278 et
1003 4213 1130 4278 residuo
1153 4213 1238 4279 dicte
1274 4218 1391 4296 aequet
1414 4212 1610 4295 quadratum

820 4307 918 4387 ipsius
956 4303 1023 4368 CV:
1062 4302 1224 4367 addantur
1256 4304 1385 4384 utrique
1418 4299 1609 4376 commrmie,

827 4393 1019 4477 quadratum
1042 4411 1063 4454 a
1082 4389 1132 4456 GN
1156 4397 1189 4455 et
1210 4391 1287 4456 bina
1308 4390 1499 4474 rectonguln
1523 4386 1609 4466 VCF,

296 4490 335 4551 nt
354 4507 394 4551 ex
416 4506 482 4553 una
495 4491 587 4571 parte
610 4487 760 4553 confletur
781 4483 1000 4565 rectengulum
1015 4478 1104 4559 (ΒΕΑ,
1129 4499 1168 4544 er
1183 4479 1287 4546 altere
1300 4485 1393 4563 parte
1417 4478 1611 4563 qnadramm

297 4575 338 4640 ab
360 4573 428 4640 NV:
453 4597 536 4659 quae
559 4597 631 4641 curn
654 4577 719 4642 sint
740 4573 898 4658 aequalis,
923 4589 1024 4652 qnare
1045 4589 1104 4652 per
1126 4567 1151 4647 1,
1177 4574 1228 4634 37.
1249 4569 1401 4652 Apellen.
1424 4585 1611 4634 conversam

296 4665 392 4729 sectio
415 4660 469 4728 BV
492 4661 555 4728 erit
575 4664 758 4748 hyperbole,
781 4669 870 4749 enjus
894 4663 1036 4724 centrum
1058 4656 1094 4721 F.

384 4751 491 4820 Tertio
512 4752 553 4818 de
574 4753 626 4836 ΒΙ,
649 4753 705 4819 BN
728 4762 760 4820 et
782 4753 846 4818 ΒΕ.
881 4746 1085 4814 Manentibus
1109 4745 1334 4830 superioribus,
1357 4765 1431 4812 curn
1447 4746 1514 4812 sint
1533 4743 1558 4823 Ι,
1573 4742 1609 4821 Ν,
