3400 5538
256 231 318 293 542
741 226 771 277 In
789 225 873 292 Opera
891 225 1070 292 Chronologica
1381 137 1409 191 ⁶

256 407 405 476 appellant.
447 407 493 460 Ita
510 405 597 460 minas
624 405 706 462 etiam
731 400 871 460 dissensus
891 405 1026 460 nominum
1051 412 1125 460 esset
1149 404 1221 460 inter
1239 405 1423 460 Ptolemaeum
1448 413 1554 476 etpro-
1661 451 1662 454 ,

256 488 355 557 phetas
377 487 582 556 chaldaeosque
601 486 691 542 libros.
848 489 852 503 ¹

346 567 391 620 98.
422 568 481 619 Hoc
499 573 580 634 pacto
607 564 806 620 numerabimus
832 565 915 632 etiam
937 566 972 619 79
1000 579 1083 618 annos
1110 563 1239 619 inclusive
1264 564 1430 633 captivitatis
1455 567 1492 619 ab
1516 567 1558 620 11.

256 644 387 700 sedeciae
407 645 442 698 ad
463 645 578 714 Cyrum,
604 645 810 716 faventibusque
836 644 1001 698 documentis
1023 637 1197 714 ‚antiquitatis
1223 644 1345 698 omnibus
1369 645 1422 697 erit
1446 643 1560 700 historia

257 725 334 778 talis:
356 731 433 778 Anno
444 725 488 778 27.
504 725 670 792 captivitatis
680 725 942 778 Nabuchodonosoro
963 723 1092 777 successit
1110 723 1324 788 Evihnerodach,
1343 724 1452 778 Danieli
1474 724 1560 778 dictus

255 805 394 858 Baltasar.
429 805 508 858 Hunc
529 820 597 858 anna
619 805 645 858 3.
666 805 754 874 regni,
774 811 845 874 capt
867 803 913 868 39,
933 803 1033 872 Darius
1046 803 1142 856 Medus
1163 804 1311 858 avunculus
1331 809 1359 857 et
1378 803 1560 873 Niriglissaris

170 877 174 888 '
256 883 374 936 sororius
394 881 463 934 inita
483 883 681 952 conspiratione
700 884 901 944 interfecerunt,
921 898 1089 954 regnumque
1114 882 1223 953 partiti,
1242 889 1274 935 ut
1293 883 1431 952 praedixit
1449 883 1560 943 Daniel,

255 961 370 1025 Darius,
391 963 528 1016 Herodoto
548 970 704 1033 Astyages,
723 963 836 1020 Assueri
855 963 900 1018 rel
920 961 1055 1032 eraseris
1083 961 1143 1032 (per
1162 961 1335 1024 metathesin)
1362 963 1447 1024 filius,
1474 961 1561 1014 irater

255 1040 400 1095 Nitocridis
421 1041 515 1094 matris
529 1043 613 1113 regis,
635 1043 860 1114 septentrionales
879 1035 1039 1110 provincias,
1058 1040 1176 1096 Mediam
1186 1059 1221 1094 so.
1232 1048 1261 1094 et
1269 1042 1389 1095 Persium
1410 1041 1561 1109 occuparit,

256 1127 374 1174 assunto
396 1137 485 1175 secum
499 1122 623 1186 Daniele,
643 1123 825 1193 Niriglissaris
845 1113 910 1174 iero
931 1121 1065 1174 australes
1086 1121 1206 1184 retinuit,
1224 1121 1397 1184 Chaldaeum,
1411 1120 1560 1189 Assyriam,

256 1201 374 1269 Syriam,
394 1199 578 1266 Phoenicium,
598 1203 938 1272 ‚Iudaeam-Aegyptum,
965 1200 1070 1254 nomine
1097 1200 1204 1272 quidem
1223 1201 1431 1262 Labassardaci,
1451 1201 1500 1254 tilii
1521 1199 1562 1252 sni

256 1297 292 1332 ex
313 1278 370 1332 lilia
389 1279 667 1344 Nabuchodonosoria
689 1281 777 1334 adium
797 1281 950 1351 impuberis.
981 1278 1032 1342 Qui
1051 1287 1132 1351 patre
1150 1288 1214 1351 post
1228 1280 1251 1332 ’3
1273 1297 1355 1334 annos
1375 1290 1482 1333 niomuo
1504 1296 1562 1332 suc·

255 1357 336 1410 cessit
357 1375 507 1429 caesusque
527 1367 569 1414 est
594 1367 656 1430 post
676 1361 693 1416 9
714 1378 834 1424 menses,
860 1359 1027 1430 captivitatis
1048 1377 1073 1415 a.
1095 1360 1140 1414 34.
1183 1359 1218 1413 Ei
1238 1361 1365 1412 suffectus
1386 1366 1487 1420 estex
1508 1359 1564 1412 alia

254 1435 360 1492 familia
379 1438 562 1504 Nabonnidus,
583 1443 717 1512 quondam
737 1442 786 1494 sub
806 1441 991 1495 Nabulassare
1011 1439 1086 1508 pacis
1106 1440 1218 1510 legatus
1239 1440 1309 1510 inter
1323 1439 1454 1509 Lydoset
1468 1440 1562 1492 Medos

256 1517 292 1570 ab
313 1519 449 1572 Herodoto
471 1518 630 1574 nominatus.
659 1521 715 1575 Sub
736 1521 795 1584 hoc,
817 1525 881 1574 ante
902 1519 950 1574 Ch.
972 1536 997 1574 a
1020 1521 1094 1582 560..
1117 1517 1205 1588 Cyrus
1226 1519 1371 1572 Persarum
1391 1536 1443 1572 rex
1465 1518 1562 1580 factus,

255 1597 349 1652 Medos
370 1615 530 1669 oppugnare
551 1601 639 1670 coepit
666 1616 735 1654 anno
759 1603 782 1655 1.
804 1601 909 1670 Olymp.
932 1599 978 1661 55,
998 1597 1063 1652 vicit
1082 1598 1197 1652 Darium
1223 1615 1272 1650 seu
1287 1603 1462 1668 Astyagem,
1491 1603 1561 1666 post

256 1693 337 1747 quam
357 1676 380 1730 is
401 1693 484 1730 annos
508 1679 542 1732 19
564 1680 730 1748 imperasset,
752 1679 828 1733 annis
849 1691 942 1732 natum
963 1679 1014 1741 81;
1029 1684 1160 1752 'numerat
1181 1677 1250 1732 enim
1264 1677 1364 1730 Daniel
1385 1677 1420 1730 ab
1444 1681 1469 1731 1.
1485 1673 1563 1730 Darii

256 1757 291 1808 ad
313 1756 339 1809 9.
361 1757 425 1826 Cyri
447 1759 481 1812 21
505 1773 589 1811 annos
609 1759 658 1812 sub
680 1758 798 1829 imagine
819 1758 929 1817 dierum,
951 1773 1036 1811 annus
1058 1757 1286 1810 erat'Nabonnidi
1310 1757 1353 1811 17.
1382 1757 1449 1810 Post
1469 1759 1561 1810 Medos

258 1836 345 1905 Cyrus
365 1836 480 1905 Lydiam
501 1835 661 1900 debellarit,
689 1839 750 1892 inde
770 1839 911 1909 Assyriam
932 1839 1054 1900 adoram,
1081 1839 1191 1890 tandem
1211 1835 1316 1890 exactis
1337 1837 1374 1891 68
1395 1835 1562 1905 captivitatis
1661 1861 1662 1876 ι

256 1916 425 1984 babylonem
445 1917 517 1986 cepit
538 1934 615 1980 anno,
637 1918 682 1988 qui
703 1926 764 1972 erat
784 1919 829 1973 69.
852 1919 886 1970 ab
911 1919 953 1972 ll.
975 1917 1114 1970 Sedeciae.
1157 1917 1232 1970 'l'unc
1252 1917 1350 1970 Judeei
1370 1923 1399 1970 et
1417 1915 1562 1985 Babylonii

255 2001 400 2048 numerant
422 1996 446 2050 l.
462 1997 536 2066 Cyri,
556 2004 587 2050 ut
607 2004 636 2050 et
655 2014 741 2055 canon
761 1996 1019 2066 mathematicorum.
1049 1997 1157 2058 ludaei,
1179 1995 1338 2064 captivitate
1358 1997 1449 2049 seluta
1469 1999 1561 2048 decur-

256 2077 335 2127 re'nte
356 2089 380 2127 a
405 2077 428 2130 l.
445 2075 518 2146 Cyri,
536 2075 646 2146 jamque
667 2085 792 2130 currente
809 2079 854 2130 79.
875 2076 1050 2146 captivitatis,
1072 2077 1241 2130 inludaeam
1262 2075 1367 2129 reversi
1386 2075 1563 2128 aedificarunt

257 2157 355 2218 altare,
376 2160 440 2287 antp
461 2156 523 2211 Chr.
544 2159 610 2220 537,
631 2173 690 2212 cum
711 2174 824 2227 sequens
841 2158 906 2212 534.
928 2162 1002 2210 esset
1015 2155 1193 2210 samaritanis
1217 2155 1375 2208 sabbaticus
1394 2172 1432 2208 ex
1451 2155 1564 2224 antiqua

257 2233 422 2288 continuatio
442 2251 465 2288 e.
489 2237 497 2248 '

345 2313 390 2367 99.
420 2321 498 2369 Anno
519 2315 544 2369 2.
565 2315 643 2370 Darii
664 2317 765 2370 Persae
791 2331 840 2367 seu
860 2307 1006 2384 Hystaspis
1024 2313 1086 2378 filii,
1110 2315 1154 2368 17.
1173 2315 1282 2383 „solutae
1302 2313 1479 2382 captiuitatis,
1500 2319 1562 2368 ante
1661 2369 1662 2390 ἶ

258 2391 305 2444 Ch.
328 2393 393 2447 529.
415 2395 484 2448 exiit
503 2397 641 2449 decretum
661 2398 694 2449 de
714 2394 917 2448 reaedificandis
937 2394 1121 2464 ierosolymis.
1155 2393 1262 2449 Abhinc
1282 2401 1441 2447 numeratae
1460 2393 1560 2446 behdo·
1661 2453 1662 2464 χ

256 2472 352 2524 modae
374 2475 399 2535 1,
421 2491 469 2527 seu
484 2474 624 2544 jubilaeus
643 2475 744 2544 primus
764 2474 910 2529 difficilIImi
931 2475 1067 2544 temporis,
1088 2479 1117 2526 et
1137 2474 1183 2536 62,
1204 2473 1231 2525 id
1252 2480 1295 2526 est
1314 2474 1378 2526 anni
1392 2473 1460 2536 483,
1482 2471 1562 2526 attin·

256 2557 327 2621 gunt
356 2568 455 2606 annum
481 2555 507 2608 9.
529 2555 680 2618 lulianum,
710 2548 816 2625 quando
846 2556 967 2609 Heredes
1001 2553 1126 2623 plebejus
1155 2559 1185 2605 et
1212 2554 1355 2606 Idumaeas
1383 2553 1563 2606 Romanorum

257 2631 369 2683 arbitrio
390 2639 419 2685 et
439 2633 521 2702 copiis
542 2635 685 2704 occupavit
703 2636 888 2704 Jerosolymm
909 2641 938 2687 et
956 2635 1055 2702 plenae
1078 2635 1114 2688 79
1133 2632 1329 2695 hebdomadae,
1350 2649 1398 2684 seu
1420 2633 1493 2686 anni
1505 2632 1561 2684 499

257 2709 398 2780 attingunt
425 2714 608 2768 monarchiam
634 2714 752 2792 Augusti
782 2713 810 2768 in
835 2715 953 2776 oriente,
983 2713 1089 2766 devicto
1116 2712 1232 2768 antonio
1262 2719 1398 2783 captuque
1422 2719 1561 2782 Aegypto,

256 2789 365 2863 iuliano
389 2792 439 2855 16,
460 2809 511 2864 quo
531 2796 654 2848 Herodes
675 2797 709 2848 ab
732 2795 788 2863 ipsc
816 2793 924 2846 feudum
948 2793 1029 2862 regni
1048 2793 1173 2846 iudaeae
1194 2791 1307 2860 accepit.
1346 2793 1389 2846 Ab
1410 2792 1463 2844 hoc
1488 2790 1561 2844 initia
1661 2813 1662 2870 ]

256 2885 306 2938 per
327 2885 410 2924 annos
427 2873 482 2928 199
503 2881 647 2944 sequentes
668 2873 841 2944 contigerunt
861 2873 1004 2942 praedicta
1024 2872 1180 2926 aDaniele:
1202 2872 1252 2924 snb
1261 2873 1369 2924 Herode
1390 2871 1461 2925 enim
1482 2877 1562 2924 natus
1661 2889 1662 2894 ¹

257 2956 300 3002 est
320 2949 460 3014 Christus,
489 2954 538 3005 sub
565 2953 672 3008 Tiberio
701 2969 814 3023 passum
843 2954 923 3020 stirps
944 2952 1125 3016 Christorum,
1154 2957 1296 3004 unctorum
1316 2967 1351 3004 sc.
1379 2950 1406 3003 in
1432 2965 1517 3020 reges
1536 2956 1564 3000 et
1661 2971 1662 2974 ¹

256 3031 420 3092 sacerdotes,
442 3027 590 3097 eradicata,
609 3034 727 3092 necflnis
747 3032 947 3095 malorumsuit,
967 3033 1142 3102 quoadusque
1156 3033 1279 3084 cumulus
1293 3033 1424 3084 malornm
1439 3029 1562 3092 accessit,

257 3108 361 3160 eversio
383 3109 464 3173 urbis,
485 3111 601 3166 incensio
623 3113 729 3182 templi,
750 3112 894 3166 sacerdotii
914 3111 1035 3174 abolitio,
1056 3110 1148 3181 gentis
1169 3110 1311 3164 excidium.
1334 3139 1369 3150 -··
1399 3112 1461 3164 Hac
1482 3110 1563 3162 inter·

258 3189 411 3257 pretatione
430 3191 565 3245 Eusebius
586 3199 614 3245 et
634 3193 709 3246 illum
729 3193 814 3246 acuti
835 3191 954 3246 οοιιιειιιί
973 3191 1092 3261 fuerunt,
1116 3245 1118 3251 ,

347 3296 410 3348 199.
442 3296 495 3350 Sed
514 3298 653 3352 rideamus
673 3296 761 3368 prima
780 3271 907 3368 tempora*
923 3300 958 3351 de
978 3297 1020 3350 bis
1046 3271 1210 3351 libaninis.
1251 3301 1328 3351 Anno
1349 3295 1436 3366 igitur
1461 3295 1564 3350 reditus

261 3373 304 3428 18.
326 3373 466 3430 mactatum
487 3383 529 3432 est
548 3381 684 3447 templum,
705 3380 778 3440 urbs,
800 3379 850 3430 etsi
871 3377 979 3439 licebat,
1000 3377 1116 3430 nondum
1136 3383 1228 3430 tamen
1249 3375 1399 3429 aedificata.
1430 3377 1498 3430 Post
1518 3377 1564 3436 93,
1661 3419 1662 3446 ,

258 3451 360 3506 reditus
382 3454 428 3518 51,
448 3457 498 3509 sub
518 3459 614 3512 Xerxe
635 3475 683 3512 sen
702 3464 830 3521 Assuero,
850 3464 882 3510 ιιι
901 3458 1022 3510 omnibus
1043 3455 1250 3510 circumstantiis
1269 3456 1415 3524 probatur,
1436 3457 1566 3510 volebant
1661 3499 1662 3522 ,

258 3533 403 3586 aedificare
423 3537 531 3601 urbem,
558 3541 605 3592 sed
626 3539 754 3600 accusati,
776 3545 808 3591 ιιι
827 3543 870 3591 est
889 3537 993 3590 Esdrae
1014 3533 1040 3590 3.
1062 3535 1119 3604 (sed
1141 3535 1351 3604 transpositione
1370 3531 1564 3596 obscuratum),
1661 3581 1662 3604 ,

258 3612 366 3664 tributis
396 3613 479 3669 etiam
507 3618 629 3687 oppressi
657 3619 691 3671 ob
711 3614 818 3672 'bellum
837 3617 954 3671 Xerxis·
968 3623 1064 3669 contra
1092 3615 1194 3669 insulas
1223 3615 1304 3668 maris
1327 3645 1361 3654 -
1384 3617 1508 3669 Graecas
1530 3645 1563 3654 —
1611 3611 1614 3616 ’
1661 3611 1662 3646 ³

258 3691 427 3756 destiterint,
448 3695 512 3766 quin
532 3696 583 3751 imo
603 3703 666 3768 post
686 3714 769 3752 annos
790 3697 894 3768 aliquot
913 3703 973 3749 teta
993 3712 1062 3766 gens
1081 3695 1239 3764 periclitata
1258 3695 1307 3748 vix
1328 3701 1370 3748 est
1390 3697 1425 3748 ab
1447 3695 1565 3748 Esthera

258 3777 376 3822 servata.
421 3774 493 3828 Ecce
519 3778 675 3848 angustiam
700 3777 828 3846 temporis
854 3793 939 3848 usque
965 3777 1039 3830 ultra
1064 3777 1111 3830 49.
1138 3775 1304 3845 captivitatis
1332 3780 1361 3828 et
1387 3775 1426 3828 sic
1452 3775 1563 3828 ultra'l

233 3897 236 3906 .
257 3849 449 3917 hebdomadas,
470 3855 567 3924 quibus
588 3857 693 3912 exactis
714 3872 765 3925 ope
781 3857 919 3912 Estherae
939 3855 1116 3924 respirarunt.

257 3997 262 4012 .
347 3948 410 4003 191.
439 3955 553 4008 ΑιιιιοΊ.
573 3955 747 4017 Artaxerxis,
769 3961 833 4008 ante
848 3953 894 4008 Ch.
906 3953 973 4016 458,
992 3954 1094 4006 Esdras
1115 3951 1253 4022 profectus
1273 3949 1370 4005 foedus
1391 3968 1452 4006 eum
1466 3951 1563 4022 populo

257 4024 304 4078 icit
323 4029 357 4081 de
382 4034 516 4086 servanda
541 4035 604 4105 lege
630 4043 658 4088 et
684 4033 844 4096 sabbaticis;
871 4051 937 4104 ergo
965 4049 1050 4086 annus
1076 4039 1246 4094 contractus,
1277 4031 1404 4101 incipiens
1432 4047 1449 4084 a
1475 4047 1564 4084 mense

257 4107 370 4174 ⁸⁰Piiffl⁰
398 4117 427 4163 et
452 4115 630 4182 complectens
660 4121 793 4168 aestatem
824 4113 887 4167 anni
918 4113 990 4176 457,
1025 4113 1126 4183 primus
1153 4113 1205 4166 fuit
1239 4111 1394 4164 sabbaticus
1423 4128 1511 4164 norae
1538 4115 1566 4162 et

257 4187 391 4254 repetitae
418 4191 628 4260 observationis,
649 4196 683 4249 ad
704 4195 775 4248 hanc
796 4210 880 4264 usque
906 4193 977 4245 diem
997 4208 1016 4246 a
1035 4193 1148 4246 ludaeis
1173 4193 1351 4255 observatae,
1377 4207 1431 4244 non
1453 4191 1564 4244 attentis
1661 4215 1662 4242 l

257 4267 443 4335 Seruaritanis,
464 4273 509 4343 qui
529 4276 638 4329 tertium
658 4275 832 4328 hebdomadis
854 4273 984 4344 agebant.

348 4351 410 4405 192.
439 4351 501 4422 Seq.
512 4369 582 4408 anno
592 4357 658 4419 456,
678 4355 764 4424 primo
785 4352 967 4415 hebdomadis,
989 4357 1136 4422 coeperunt
1154 4357 1260 4404 stmere
1280 4367 1387 4410 muros:
1410 4355 1441 4403 at
1460 4365 1564 4404 rursum

257 4423 378 4496 impediti
398 4436 427 4485 et
446 4433 568 4502 suspensi
594 4433 704 4490 fuerunt
729 4435 870 4509 usquead
891 4431 1004 4486 ulterius
1031 4433 1177 4485 decretum
1217 4431 1248 4485 Id
1269 4447 1334 4484 vero
1361 4430 1479 4483 obtinuit
1503 4435 1566 4497 post

260 4507 293 4560 ll
317 4525 400 4564 annos
420 4512 546 4566 Neemias
567 4515 773 4588 aedificavitque
792 4527 897 4566 murum
918 4527 988 4564 anno
1010 4511 1054 4566 29.
1076 4511 1243 4567 Artaxerxis
1264 4513 1301 4566 52
1323 4509 1427 4573 diebus,
1448 4515 1564 4579 augusto

258 4599 323 4640 sane
349 4591 477 4661 temporis
504 4594 607 4662 spatie,
633 4602 696 4663 post
722 4609 806 4648 annos
828 4595 864 4648 75
886 4592 922 4645 ab
943 4592 1016 4662 edito
1043 4586 1168 4654 decretu,
1195 4591 1241 4645 93.
1263 4607 1282 4644 a
1300 4590 1399 4645 reditu.
1439 4591 1565 4657 Idemque
1661 4643 1662 4660 2

258 4669 403 4724 Nehcmias
423 4687 548 4728 reversus
569 4673 595 4727 iu
611 4677 745 4733 Judaeam
766 4673 816 4726 sub
825 4671 910 4728 Dario
919 4672 1018 4736 Natho,
1042 4672 1106 4726 113.
1127 4669 1239 4733 reditus,
1260 4672 1381 4724 Judseos
1400 4667 1565 4724 reformavit
1661 4663 1662 4698 ³

348 4750 412 4806 193.
440 4755 484 4809 Ab
504 4755 555 4810 hoc
582 4760 718 4824 tempore,
744 4752 791 4808 ubi
812 4751 938 4807 desinunt
964 4751 1025 4808 libri
1046 4751 1131 4817 sacri,
1157 4751 1252 4821 incipit
1271 4750 1387 4806 delectio
1406 4747 1528 4820 Aegypti
1548 4761 1566 4798 a
