3428 5542
312 1396 603 1530 columb
639 1399 984 1530 murnum
1015 1321 1504 1530 MATHEMATIOI

503 1628 548 1700 ad
575 1628 774 1728 Epistolam
794 1628 895 1704 Sethi
923 1629 1067 1705 Calvisii
1095 1627 1309 1742 Chronologi
1382 1737 1384 1744 Ι

750 1829 1067 1984 susrorsro.

277 2126 492 2208 Quapervcrsi
502 2145 610 2190 sensus
620 2127 778 2191 verborum
786 2127 1004 2207 Evangelistae
1015 2127 1127 2190 crimen
1138 2125 1268 2204 diluitur,
1284 2133 1316 2188 et
1329 2126 1361 2192 in
1377 2105 1539 2192 auctorem

809 2223 1008 2297 retorquetur.

758 2483 1057 2558 Franoofurti,

464 2629 544 2698 Apud
563 2625 746 2682 Godolredum
759 2624 953 2696 Tampacbium
966 2616 1052 2698 'lypis'
1065 2627 1172 2684 Erasini
1185 2625 1343 2696 Kempfferi.

785 2766 866 2818 Anno
879 2759 1031 2818 MDCXIV.
1046 2821 1049 2832 ,
1086 2755 1088 2758 ’

320 3318 486 3382 loannes
500 3317 713 3399 Ke'pplerus
730 3313 845 3378 Setbo
861 3315 1027 3380 Calvisio
1044 3318 1076 3381 S.
1122 3317 1221 3390 Quam
1236 3317 1276 3382 ad
1290 3337 1338 3381 mc
1353 3319 1485 3401 publicis
1502 3322 1586 3403 typis

236 3407 392 3489 scripsisti
408 3407 569 3490 epistolam
585 3405 650 3470 Gal.
661 3405 731 3469 Oct.
747 3405 817 3468 anni
832 3407 1004 3487 superioris,
1019 3408 1123 3490 accepi
1143 3403 1190 3472 17.
1201 3405 1266 3472 Cal.
1275 3409 1364 3472 Febr.
1387 3407 1435 3472 Fu
1449 3410 1588 3492 pellecta
1705 3441 1706 3488 3

234 3515 380 3560 summam
399 3498 479 3559 banc
500 3495 574 3558 mibi
595 3495 700 3558 videor
722 3495 1000 3576 comprehendisse,
1024 3497 1184 3560 ecclesiam
1205 3497 1416 3579 perturbatam
1438 3519 1510 3562 ease
1525 3501 1586 3562 bac

233 3605 313 3650 nora
328 3603 397 3649 moa
412 3592 445 3648 et
460 3585 593 3648 absurda
608 3585 764 3667 opinione,
786 3585 865 3667 quod
881 3584 1004 3648 Christo
1019 3587 1159 3662 Domino,
1182 3605 1249 3650 cum
1264 3588 1303 3650 ad
1325 3587 1513 3669 baptismum
1528 3609 1585 3652 ao-

234 3675 366 3751 oedcret,
382 3693 479 3738 annos
495 3674 626 3738 tribuam
636 3675 688 3750 33,-
704 3681 812 3737 contra
822 3693 967 3756 expressa
975 3676 1070 3739 verba
1078 3677 1297 3757 Evangelistae
1305 3675 1409 3740 Lucae
1424 3685 1585 3742 veterum-

141 3777 145 3790 '
234 3783 291 3848 que
306 3771 428 3846 patrum
443 3765 668 3827 auctoritatem.
711 3765 798 3826 Haec
813 3763 902 3826 unica
917 3771 950 3826 et
964 3765 1095 3846 genuina
1110 3785 1212 3841 causa,
1228 3785 1281 3828 seu
1295 3766 1384 3829 malis
1399 3775 1586 3848 praetextus

233 3863 306 3918 tuae
330 3853 518 3934 scriptionis3
543 3861 647 3916 cetera
667 3852 779 3915 nullius
801 3853 946 3916 momenti
968 3861 1040 3916 sunt
1055 3862 1088 3918 et
1101 3855 1131 3917 in
1146 3856 1177 3917 id
1192 3862 1313 3918 tantum
1327 3864 1523 3937 comparata,
1544 3877 1585 3920 ue

154 4001 156 4014 ,
233 3944 293 4007 bac
308 3939 375 4005 sola
389 3941 507 4006 ratione
522 3961 658 4024 pugnare
678 3943 824 4005 videaris:
850 3943 962 4006 auxilia
984 3960 1022 4006 ex
1037 3944 1152 4007 colonis
1167 3945 1326 4008 coactain
1342 3946 1475 4026 speciem
1492 3965 1585 4016 exer-
1685 3953 1689 3960 '
1705 4021 1706 4030 ἵ

236 4033 324 4107 citus,
340 4039 376 4095 ut
390 4032 544 4115 numerum
565 4033 614 4095 vel
628 4031 716 4094 inviti
732 4029 885 4113 expleant
930 4029 1011 4103 Quin
1033 4040 1065 4095 et
1079 4033 1201 4096 umbras
1218 4054 1240 4096 a·
1250 4034 1326 4096 meis
1341 4033 1487 4116 delapsas
1501 4035 1584 4099 mili-

234 4122 317 4186 tibus
334 4121 416 4184 iuter
430 4128 500 4184 tuos
515 4139 656 4184 numeras
671 4121 792 4196 milites,
808 4121 927 4202 quoties
942 4122 980 4185 ab
995 4122 1033 4184 iis
1048 4123 1167 4205 trepide
1182 4123 1270 4204 fugis.

322 4210 418 4292 Atqui
439 4229 537 4292 neque
559 4211 664 4274 thema
685 4219 769 4273 tuum
787 4211 949 4274 consimile
965 4219 1029 4288 est,
1050 4231 1146 4294 neque
1162 4231 1266 4275 varum
1281 4221 1501 4294 argumentum
1548 4181 1599 4278 si'

234 4316 362 4382 namque
384 4299 565 4380 perturbata
588 4307 637 4362 est
658 4300 803 4376 ecclesia,
832 4319 981 4383 quaenam
1002 4301 1076 4364 illa?
1113 4303 1193 4364 Num
1214 4302 1383 4366 Romanam
1412 4303 1512 4366 dicis?
1549 4311 1583 4367 at

233 4391 355 4452 fuerunt
369 4388 401 4451 in
416 4405 462 4464 eu,
478 4387 527 4470 qui
541 4389 599 4450 boc
614 4407 712 4452 mcum
727 4390 830 4452 themu
844 4389 935 4471 longe
950 4397 1022 4454 anto
1037 4410 1085 4453 me
1101 4399 1209 4454 contra
1223 4399 1293 4454 tuos
1308 4399 1451 4456 auctores
1474 4373 1580 4456 defen-
1705 4393 1706 4398 ’

235 4479 343 4541 derant
357 4477 509 4558 librosque
525 4477 562 4539 de
578 4497 615 4540 ea
630 4497 663 4540 re
680 4479 735 4540 sub
751 4497 879 4540 censura
894 4479 1031 4556 ederent,
1053 4481 1142 4544 unico
1157 4480 1254 4543 solum
1269 4501 1347 4544 anno
1364 4501 1446 4545 amc
1463 4483 1580 4546 discre-

232 4574 353 4649 pantes.
397 4567 477 4629 Num
491 4565 584 4646 igitur
599 4567 745 4630 ecclesias
762 4565 980 4631 Germanicas?
1009 4569 1056 4632 Ac
1070 4588 1219 4650 quaenam
1232 4570 1326 4633 illae?
1356 4571 1476 4635 Multae
1492 4589 1578 4635 nam-

234 4674 291 4736 que
315 4662 393 4718 sunt
437 4655 508 4717 Non
528 4653 690 4719 Suevioac:
719 4655 886 4737 disputavit
910 4658 989 4720 enim
1012 4658 1075 4721 ista
1096 4658 1337 4722 Maestlinus
1361 4660 1392 4722 in
1424 4661 1580 4724 academia

234 4743 420 4825 'lubingensi
436 4749 507 4806 anto
523 4763 619 4807 annos
633 4745 786 4808 minimum
803 4747 852 4821 12,
868 4747 1048 4828 aequissimo
1064 4747 1222 4825 auditorio,
1237 4765 1285 4810 me
1299 4749 1578 4830 Progne.versante

235 4830 337 4912 reique
352 4831 440 4912 hujus
459 4830 581 4912 penitus
596 4833 702 4914 ignaro
715 4826 768 4915 ²⁵).
798 4834 1049 4899 NonAlaaticao:
1067 4835 1313 4914 censuramenim
1320 4837 1577 4920 argentinensem
