3400 5538
498 933 1092 1052 thnmmmlbmmo

343 1137 443 1246 n.
497 1133 1226 1274 maximiniano,

132 1328 267 1396 Domino
300 1329 352 1393 De
385 1328 676 1396 Liechtenstoin
714 1337 746 1397 et
779 1329 1007 1414 Niclselspurg,
1047 1329 1182 1396 Domino
1214 1329 1447 1414 Rabenspurgi,
1499 1303 1541 1394 l,

133 1415 366 1500 Hohenaugae,
401 1417 626 1500 Butschavizii,
662 1420 810 1486 Poserizii
844 1425 877 1483 et
908 1419 1090 1502 Neogradi,
1107 1417 1242 1484 'Sacrae
1273 1419 1451 1485 Caesareae

253 1506 431 1590 Majestatis
455 1505 656 1591 Consiliario,
681 1508 865 1575 Camerario
888 1513 920 1574 et
940 1505 1061 1574 stabuli
1082 1507 1247 1574 Praefecto
1270 1513 1330 1573 stc.

730 1652 784 1704 Nec
806 1643 862 1704 aon

443 1771 635 1840 uuusrar
658 1773 712 1840 ur
735 1769 960 1874 cannaoso
981 1771 1165 1840 oomno

368 1887 1222 2008 o.esruunsoosbacsa0,

132 2055 165 2122 in
187 2053 300 2136 Tollet,
324 2055 487 2142 Keppach,
511 2055 651 2144 Grebing
673 2063 706 2125 et
727 2059 876 2142 Hernals,
904 2059 1040 2127 Domino
1063 2057 1225 2125 Steireccii
1247 2062 1279 2123 et
1300 2057 1449 2140 Erlachii,
1579 2111 1582 2124 .

131 2143 201 2210 Lib.
225 2145 343 2212 Baroui
364 2145 404 2210 de
428 2145 627 2232 Creiispach:
650 2147 885 2216 Archiducatus
904 2149 1052 2214 hustn'ae
1074 2169 1171 2232 supra
1192 2147 1333 2212 Anasum
1354 2146 1451 2213 aulae

132 2233 287 2318 Magistro
299 2233 485 2318 provinciali
495 2235 724 2304 haereditario:
738 2237 855 2302 Sacrae
864 2236 1041 2303 Caesareae
1050 2235 1226 2322 Majestatis
1236 2235 1277 2300 ad
1286 2239 1452 2302 Camarum

132 2322 272 2390 aulicam
301 2322 503 2405 Consiliasio;
534 2329 567 2390 et
595 2345 656 2410 pro
686 2331 829 2408 tempore
857 2323 1042 2392 Provinciae
1071 2326 1176 2392 dictae
1207 2343 1247 2389 ex
1273 2323 1451 2391 Beronibus

701 2413 890 2497 Ordinan'o3

538 2591 677 2658 Dominis
698 2590 776 2657 meis
793 2588 1041 2676 gratiosissimis.

871 2694 876 2716 l

224 2729 304 2796 Cum
325 2731 483 2816 superiori
504 2731 676 2799 Novembri
689 2753 820 2814 meuse,
848 2734 1065 2800 illustrissime
1089 2732 1229 2812 Domine,
1258 2731 1397 2798 Illustris
1419 2737 1452 2798 et

135 2817 297 2885 Generosa
320 2819 355 2884 L.
378 2819 473 2901 Baro,
497 2822 627 2888 Domini
642 2817 879 2904 Graticsissimi,
903 2845 1017 2890 novam
1039 2829 1175 2908 nuptam
1197 2821 1326 2888 domum
1349 2819 1449 2886 dedu·
1581 2852 1586 2864 ⁸

135 2909 252 2972 xissem
284 2916 428 2992 tempore
461 2909 535 2993 tali,
571 2910 701 2994 quando
728 2912 869 2993 hostria,
902 2911 1063 2978 vindemia
1095 2911 1223 2994 copiosa
1254 2931 1315 2974 neo
1347 2909 1452 2974 minus

134 3017 294 3080 generosa,
310 2997 622 3084 collecta-plurimis
645 3001 797 3066 onerariis
824 3001 957 3068 adverso
979 3000 1125 3066 Danubio
1150 2999 1253 3064 missis
1276 3019 1351 3081 opes
1374 3019 1451 3063 suas

134 3085 253 3151 Norico
275 3093 386 3152 nostro
402 3085 562 3155 dividebat
577 3090 717 3174 litusque
733 3109 824 3155 omne
839 3090 1025 3155 Linoianum
1040 3089 1125 3154 vasis
1139 3087 1270 3154 vinariis
1289 3085 1451 3151 tolerabili

135 3173 239 3258 pretio
268 3173 434 3242 venalibus
464 3175 667 3244 obstructum
697 3177 870 3244 visebatur:
902 3179 1088 3244 conveniens
1111 3182 1182 3242 erat
1205 3175 1315 3242 ¹officio
1344 3174 1452 3240 mariti

134 3261 272 3344 bonique
294 3264 556 3346 patrisfamilias,
581 3273 618 3332 ut
631 3266 739 3342 domui
759 3287 848 3332 meae
867 3265 906 3334 de
924 3267 1103 3332 necessario
1115 3261 1206 3351 ¹potu
1229 3264 1451 3349 prospicerem.

134 3350 237 3417 Deliis
258 3351 354 3435 igitur
376 3351 504 3436 aliquot
526 3354 653 3421 domum
673 3355 771 3422 illatis
794 3363 827 3421 et
849 3355 983 3421 conditis
1010 3361 1083 3440 post
1109 3355 1176 3419 dies
1205 3360 1345 3435 quatuor
1366 3353 1453 3418 venit

134 3439 282 3505 venditor
298 3461 371 3506 cum
385 3441 475 3524 virga
497 3445 665 3524 mensoria,
690 3464 755 3528 qua
770 3465 835 3509 una
851 3449 884 3507 et
898 3445 1011 3509 eadem
1027 3443 1123 3509 cados
1145 3443 1320 3524 promiscue
1342 3461 1452 3508 omnes
1568 3469 1570 3474 ·

134 3528 314 3610 exploravit
335 3530 404 3596 sino
426 3529 614 3613 discrimine,
638 3533 707 3597 sine
729 3537 876 3615 respectu
899 3532 1031 3614 figurae,
1055 3531 1121 3595 sine
1135 3530 1378 3596 ratiocinatione
1400 3530 1452 3594 vel

135 3616 271 3682 calamo.
316 3617 461 3684 Demissa
485 3621 569 3686 enim
590 3621 659 3687 acie
680 3621 788 3704 virgae
810 3641 909 3686 aenea
930 3623 963 3686 iu
978 3619 1133 3686 orificium
1154 3617 1344 3684 infusorium
1367 3618 1453 3702 pleni

135 3705 208 3770 cadi
229 3707 437 3772 transversim
458 3709 501 3774 ad
524 3709 642 3778 calcem
664 3711 828 3793 utriusque
858 3707 943 3774 orbis
965 3707 1069 3792 lignei,
1099 3727 1179 3790 quos
1201 3706 1317 3772 fundos
1340 3728 1452 3771 verna-

135 3793 209 3860 culo
224 3815 285 3859 usu
301 3794 491 3876 dictitamus,
515 3803 688 3883 postquam
702 3797 853 3880 utrinque
869 3797 1015 3880 aequalis
1030 3797 1180 3880 apparuit
1194 3795 1274 3861 haec
1287 3796 1452 3880 longitudo

136 3903 156 3947 a
178 3883 296 3948 ventris
311 3905 433 3950 summo
455 3885 498 3952 ad
513 3887 678 3970 utriusque
694 3883 1004 3952 cheulan's'tabulae
1025 3886 1135 3950 imum:
1159 3885 1199 3949 de
1221 3892 1298 3950 nota
1317 3884 1452 3962 numeri,

135 3991 219 4053 qnae
242 3977 313 4036 erat
332 3973 487 4058 impressa
508 3975 618 4058 virgae
640 3995 678 4040 eo
700 3976 779 4056 loco,
803 3995 867 4058 quo
891 3975 1056 4040 desinebat
1077 3972 1158 4038 haee
1180 3973 1355 4057 longitudo,
1377 3993 1451 4056 pro·

134 4058 299 4126 nunciavit
319 4082 486 4130 numerum
516 4063 743 4148 amphorarum
764 4084 846 4148 quos
868 4069 997 4150 caperet
1018 4063 1133 4144 cadus;
1159 4063 1335 4128 secundum
1357 4079 1452 4144 quem

134 4167 302 4213 numerum
323 4151 407 4217 ratio
430 4150 492 4218 fuit
514 4153 597 4218 inita
616 4153 722 4236 pretii.
1496 4149 1502 4154 ’

224 4237 338 4302 Mirari
360 4259 427 4322 ego,
452 4241 478 4306 si
495 4247 674 4307 transversa
690 4242 772 4307 husa
793 4261 852 4325 por
874 4261 989 4323 corpus
1009 4239 1130 4306 dimidii
1152 4240 1223 4306 cadi
1239 4239 1334 4302 ducta
1356 4255 1451 4317 argu·

134 4330 280 4391 mentum
295 4347 363 4392 esse
377 4335 487 4411 posset
501 4331 696 4416 capacitatis,
714 4329 860 4395 dubitare
876 4327 972 4394 etiam
986 4328 1025 4394 de
1040 4329 1104 4394 fide
1118 4329 1214 4414 hujus
1229 4324 1451 4404 dimensionis,

135 4436 207 4479 cum
230 4415 327 4480 cadim
348 4416 432 4482 inter
454 4417 544 4485 binos
575 4416 670 4484 orbes
699 4418 912 4500 brevissimus,
942 4418 1164 4484 tantummodo
1194 4413 1323 4482 orbibus
1352 4413 1451 4495 paulo

133 4502 303 4570 latioribus
315 4523 414 4589 eoque
425 4508 618 4594 perexiguae
629 4508 826 4591 capacitatis,
839 4507 939 4591 possit
946 4506 1065 4572 habere
1077 4505 1211 4571 eandem
1221 4503 1451 4586 longitudinem

134 4591 175 4656 ab
198 4593 352 4659 infusorio
382 4593 424 4659 ad
453 4595 539 4662 orbis
569 4596 757 4663 alterutrius
787 4598 895 4662 imum.
941 4593 1043 4661 Subiit
1075 4592 1262 4659 memoriam
1290 4589 1452 4656 laboriosa

134 4680 291 4748 dimensio
313 4681 360 4752 ad
383 4683 530 4751 Rhenum
560 4685 695 4751 usitata:
725 4684 780 4751 uhi
802 4693 861 4752 aut
890 4686 987 4751 cados
1016 4684 1149 4768 implent
1170 4686 1202 4747 et
1231 4677 1452 4764 persingulas

133 4769 271 4855 liquoris
292 4769 466 4856 amphoras
489 4775 686 4842 numerando
709 4780 885 4859 transeunt,
909 4795 979 4840 cum
995 4771 1163 4839 fastidiosa
1184 4767 1336 4853 temporis
1358 4787 1450 4834 oocu-
