3396 5540
640 218 787 282 ,Eclogaa
810 217 957 268 Chronica.
1064 239 1067 244 ·
1130 201 1133 210 ¹
1415 216 1480 278 475

155 411 286 456 cussum
308 393 538 460 numerationis
560 413 719 462 annorum
741 391 880 461 Herodis
901 412 923 458 0
944 412 996 458 me
1017 397 1204 474 usurpatae,
1231 408 1330 473 quam
1352 388 1484 472 qnidam

155 479 227 545 aliis
250 481 349 544 etiam
372 481 524 567 exemplis
547 481 692 565 probaui.

245 566 308 634 Sed
337 589 407 653 ege,
423 570 636 654 :pensitamus
665 572 771 650 edam,
787 611 789 614 -
806 589 893 652 quae
921 573 1114 652 argumenta
1142 589 1164 634 a
1192 565 1304 632 diebus
1333 568 1480 650 opponis.

156 657 240 722 Cum
263 665 387 722 certum
409 659 461 739 sit,
485 679 570 725 anno
589 663 657 746 jam
679 660 781 728 euicto
802 659 924 744 pascha
945 677 1013 724 esse
1035 656 1179 741 potuisse
1201 662 1233 722 8.
1252 654 1380 738 Aprilis,
1404 655 1479 721 sab·

154 745 290 810 bathum
310 767 384 813 vero
407 752 494 813 certo
516 748 615 814 luisse
638 753 668 812 ’1.
692 746 899 833 Septembris,
923 752 961 812 tu
982 753 1092 812 tamen
1109 745 1267 830 indignari
1281 735 1408 826 videris,
1430 765 1483 809 me

153 839 223 900 tam
256 834 351 900 100110
384 836 514 902 credere
546 834 703 923 losepho,
739 837 797 921 qui
829 835 953 922 pascha
989 835 1116 900 dixerat
1149 839 1180 898 8.
1211 831 1377 911 Xanthioi,
1412 839 1481 898 tarn

153 923 249 988 facile
288 922 418 992 credere
449 941 504 1004 ea,
548 947 643 1008 quae·
669 931 744 1010 post
777 929 808 989 6.
839 925 927 1009 Sept.
962 929 996 989 et
1029 923 1160 1007 quidem
1197 920 1355 986 sabbatho
1386 929 1480 1003 gesta

153 1012 248 1093 dixit,
278 1019 369 1096 gesta
400 1013 469 1078 csse
500 1020 530 1079 7.
554 1012 762 1100 Septembris.
808 1013 894 1090 Quid
916 1013 1015 1078 habet
1035 1019 1095 1078 tua
1117 1010 1277 1078 dubitatio
1298 1010 1478 1075 verisimili·

154 1101 285 1182 tudinis,
311 1103 487 1188 quodcum
509 1103 782 1169 verisimilitudine
796 1123 888 1167 meae
902 1099 1088 1167 assertionis
1110 1100 1340 1182 comparaturi
1373 1097 1482 1164 1100οἐ

156 1185 280 1254 donicis
301 1189 483 1257 nominibus
509 1211 635 1260 menses
658 1194 820 1258 Romanos
849 1193 884 1256 in
906 1191 1031 1257 Graeco
1052 1195 1146 1254 testu
1167 1188 1312 1272 exprimi,
1343 1207 1409 1251 non
1433 1193 1483 1251 est

154 1279 321 1362 singulare
351 1281 382 1344 in
411 1279 564 1365 Josepho,
592 1281 631 1346 fit
659 1281 744 1346 idern
773 1280 862 1364 apud
892 1279 1100 1344 Plutarchum
1130 1282 1162 1344 et
1191 1275 1362 1342 nonnullos
1388 1275 1481 1341 ahos.

153 1367 223 1431 Nec
245 1367 272 1431 si
293 1368 391 1433 semel
418 1373 468 1434 14.
492 1369 592 1434 Nisan
615 1391 674 1454 per
699 1375 749 1436 14.
772 1369 891 1452 Aprilis
913 1387 971 1432 sen
987 1367 1135 1432 Xanthioi
1158 1365 1358 1449 exprimitur,
1383 1387 1479 1449 prop·

151 1461 242 1520 terea
264 1454 297 1520 id
320 1477 446 1540 semper
460 1457 498 1522 fit
513 1459 602 1544 apud
617 1457 703 1522 hunc
717 1465 899 1548 auctorem:
922 1463 956 1520 et
971 1477 1036 1541 quo
1051 1477 1136 1522 anno
1151 1456 1184 1520 id
1199 1454 1285 1534 iecit,
1309 1470 1348 1518 ec
1363 1453 1480 1518 testem

151 1543 250 1628 habet
272 1547 512 1611 astronomiam.
558 1547 624 1614 Cur
645 1547 839 1613 Xanthicum
862 1551 895 1612 et
916 1543 1137 1612 Macedonicos
1160 1545 1235 1610 olim
1257 1563 1353 1626 vagos
1375 1549 1480 1610 10000·

154 1639 261 1708 mutet
282 1633 315 1698 iu
337 1633 417 1700 fixos
439 1635 612 1718 Romanos,
644 1657 777 1702 causam
798 1635 898 1701 habet
917 1633 1045 1720 imperii
1065 1633 1286 1715 mutationem,
1301 1631 1481 1698 ,materiam

152 1722 261 1806 operis
283 1721 460 1788 Romanam
491 1730 524 1789 et
549 1725 716 1809 impositas
737 1726 826 1790 010110
848 1721 1158 1807 Syromaccdonibns
1179 1727 1362 1804 temporum
1383 1719 1480 1803 leges,

152 1810 270 1880 relicto
292 1817 402 1876 tumen
425 1813 575 1879 idiomate
596 1813 723 1898 lingrrae
746 1815 790 1894 (lu
807 1815 937 1890 numus:
959 1823 1274 1882 intercolumnium
1295 1822 1348 1878 illis
1367 1825 1480 1878 Lauare

50 1906 56 1916 '
152 1899 303 1970 relietuml.
328 1945 331 1950 -
355 1899 391 1966 Si
425 1901 502 1967 alibi
532 1901 696 1968 absolute*
711 1908 877 1986 comparat
905 1921 1032 1966 mermes
1062 1899 1227 1968 Hebraeos
1256 1898 1482 1976 Maoedonicis,

152 2007 253 2071 uagos
274 1988 371 2070 ragis,
403 1989 437 2058 id
458 1991 565 2066 minus
586 1992 712 2058 mirum.
758 1989 843 2056 Sunt
860 1992 947 2056 'enim
968 1989 1205 2072 illatempdra,
1233 1987 1352 2071 quibus
1373 1987 1480 2052 Mace·

151 2076 254 2140 dones
284 2078 495 2162 imperarunt,
528 2085 562 2143 et
591 2081 727 2162 constat,
758 2080 901 2148 ludaeos
930 2099 1007 2144 usos
1027 2085 1107 2144 tunc
1129 2097 1214 2142 anno
1235 2075 1366 2141 Lunari.
1410 2076 1481 2141 Etsi

150 2184 217 2229 non
239 2167 460 2235 contenderim
482 2173 597 2249 tecum
622 2191 666 2234 an
680 2187 767 2252 quae
788 2174 863 2254 post
878 2172 909 2232 6.
925 2169 1014 2252 Sept.
1028 2173 1114 2232 sunt
1135 2171 1226 2251 gesta
1247 2163 1415 2244 sabbatho,
1439 2185 1481 2228 00

153 2257 183 2318 7.
208 2251 410 2339 Septembris.
420 2255 612 2328 tribuenda:
644 2264 732 2323 certe
754 2257 781 2322 si
802 2277 867 2322 non
891 2262 921 2321 7.
946 2255 1152 2341 Septembris,
1175 2260 1212 2319 st
1233 2251 1321 2318 certe
1348 2257 1397 2319 14.
1421 2259 1481 2317 aut

151 2347 210 2422 21;
246 2342 382 2410 historia
416 2345 548 2436 quidem
584 2345 770 2430 ambiguum
798 2345 977 2428 relinquit·
1016 2344 1100 2422 Quia
1129 2343 1207 2426 regii
1235 2342 1409 2407 dhcoesere
1439 2361 1481 2405 ex

149 2431 311 2514 superiori
341 2426 423 2498 urbe
448 2437 483 2500 c.
514 2431 722 2519 Septembris,
759 2434 896 2500 Romani
924 2435 1030 2500 territi
1058 2435 1093 2499 in
1120 2439 1229 2498 turres
1258 2430 1479 2513 confugerunt

152 2521 234 2586 Oum
257 2526 367 2586 auterh
389 2521 533 2588 uiderent
554 2525 776 2609 pertinacium,
798 2543 868 2588 sese
890 2522 1098 2604 dediderunt3
1128 2521 1160 2586 id
1183 2540 1286 2604 aeque
1309 2517 1480 2584 uerisimile

149 2609 309 2694 postridie
336 2607 459 2676 iactum
482 2611 580 2690 dicas,
605 2634 648 2678 an
671 2620 745 2696 post
767 2611 835 2676 dies
858 2617 889 2676 8.
923 2613 983 2677 Est
1004 2612 1100 2692 aliud,
1122 2610 1217 2693 quod
1233 2629 1286 2673 me
1309 2613 1480 2692 exercete

124 2704 183 2766 nte
212 2718 277 2761 non
308 2697 441 2770 dictum.
486 2701 572 2766 Nam
604 2701 665 2766 etsi
695 2701 736 2766 de
764 2722 850 2768 anno
872 2721 943 2765 snm
965 2699 1269 2778 confirmatissimae,
1296 2717 1366 2782 non
1387 2695 1480 2761 uideo

148 2793 267 2866 tamen,
299 2788 358 2870 qui
388 2795 521 2855 octavus
543 2790 594 2855 vel
615 2809 720 2855 nonus
742 2788 811 2854 dies
832 2811 853 2855 a
874 2785 956 2856 ietto
978 2790 1187 2873 scenopegiae
1207 2787 1310 2870 possit
1331 2805 1402 2864 eus
1426 2790 1479 2850 30.

150 2874 323 2940 Octobris?
367 2871 406 2942 ld
436 2886 547 2960 autern
574 2880 723 2962 arguitur
753 2899 793 2943 ex
822 2879 906 2942 serie
927 2877 1082 2947 historiae
1105 2877 1146 2942 de
1168 2875 1260 2940 clade
1283 2874 1390 2940 Cestii.
1435 2875 1480 2938 At

149 2963 236 3027 enim
266 2965 293 3028 si
321 2963 444 3050 pascha
475 2973 506 3034 8.
536 2967 667 3050 Aprilis,
696 2968 802 3051 prima
830 2968 929 3049 igitur
947 2986 1142 3052 azymorum
1164 2970 1302 3049 occupat
1324 2963 1478 3028 diurnum
1502 2990 1507 2999 ·

147 3059 279 3136 ternpus
310 3075 414 3119 nonae
443 3056 572 3140 Aprilis,
603 3062 718 3142 estque
751 3062 801 3122 15.
832 3057 951 3120 mensis
979 3055 1125 3135 Hebraei,
1157 3055 1212 3119 sed
1235 3053 1480 3134 etscenopegia

149 3146 201 3206 est
227 3147 281 3212 15.
299 3144 418 3208 mensis
439 3143 498 3224 Ab,
522 3146 639 3210 mensis
662 3145 790 3231 septimi
812 3144 853 3209 ab
868 3145 982 3228 Aprili.
1006 3142 1183 3218 Serisolidi
1202 3141 1343 3208 Hebraei
1357 3138 1480 3205 habent

148 3229 219 3294 dies
245 3234 318 3312 1773
340 3231 439 3315 igitur
461 3236 649 3318 scenopegia
672 3239 702 3299 2.
726 3231 882 3313 Octobris,
906 3233 979 3300 finis
995 3241 1026 3300 8.
1043 3232 1206 3312 Octohris3
1228 3231 1302 3295 hinc
1316 3228 1480 3294 numerati

149 3319 219 3386 dies
251 3323 270 3383 9
301 3321 494 3403 perveniunt
523 3323 557 3387 in
589 3315 628 3387 '17
634 3373 641 3387 .
672 3321 830 3389 Octobris.
874 3325 919 3388 At
948 3321 1107 3406 Josephus
1137 3321 1216 3386 dicit
1238 3325 1290 3384 30.
1315 3316 1477 3384 Octobris:

148 3407 232 3473 nihil
266 3408 320 3473 hic
354 3409 499 3493 proderit
522 3421 638 3477 'annus
672 3411 813 3478 additus.
858 3401 1014 3494 Sequenti
1044 3405 1128 3475 enim
1157 3429 1244 3475 anno
1274 3407 1393 3491 pascha
1422 3411 1477 3471 28.

148 3498 261 3562 Martii
291 3498 428 3579 01001100,
458 3501 651 3584 scenopegia
682 3505 734 3567 21.
765 3498 866 3583 Sept,
897 3498 1033 3564 duorum
1055 3499 1152 3580 igitur
1173 3497 1315 3563 alterum
1337 3501 1394 3576 est,
1420 3501 1479 3560 sut

147 3585 273 3669 pascha
294 3586 420 3668 mobile,
446 3589 649 3673 scenopegia
659 3588 777 3654 festum
799 3588 899 3652 fixum
920 3589 954 3652 in
969 3595 1078 3652 mense
1092 3589 1238 3653 Romano
1261 3585 1350 3668 (nom
1365 3604 1476 3650 scano·

146 3675 290 3760 pegiaa
320 3681 370 3743 15.
397 3676 431 3741 in
459 3683 513 3744 21.
542 3685 601 3757 est,
632 3697 789 3760 quorsum
816 3676 920 3742 additi
947 3682 966 3742 9
989 3676 1114 3741 faciunt
1137 3673 1478 3760 301001100001100

146 3763 201 3829 hic
230 3763 309 3829 iacit
337 3765 371 3830 in
401 3771 472 3831 tota
495 3765 631 3832 historia
652 3765 798 3831 Romana
819 3763 930 3845 semel,
952 3769 1046 3850 cnjus
1068 3785 1090 3830 a
1110 3769 1144 3830 te
1166 3765 1315 3849 arguitur
1337 3763 1476 3846 saepius,

146 3859 185 3918 ut
202 3857 254 3917 30.
272 3853 345 3918 001.
361 3853 450 3920 dieat
465 3875 525 3939 pro
546 3855 707 3920 tricesima
721 3853 819 3933 Tisri;
842 3855 955 3937 itaque
971 3852 1068 3936 cupio
1085 3874 1106 3919 0
1121 3859 1164 3934 10,
1181 3855 1209 3919 01
1223 3873 1320 3938 graue
1335 3873 1400 3919 non
1417 3857 1477 3928 est,

147 3943 277 4008 edoeeri
299 3941 340 4007 dc
362 3943 518 4026 pluribus¹
533 3944 688 4028 exemplis
709 3944 805 4030 hujus
826 3945 933 4023 moris,
956 3941 1000 4008 ad
1021 3943 1187 4008 historiam
1209 3941 1341 4026 quidem
1359 3941 1476 4007 1100ιο-

146 4053 224 4096 nam
252 4031 498 4115 pcrtinentibus.
542 4031 626 4098 Nam
656 4033 710 4098 de·
727 4032 799 4097 aliis
829 4053 892 4098 nou
915 4031 1036 4112 laboro,
1069 4053 1154 4116 quaa
1175 4031 1478 4118 0001100000οῃῒο-

145 4139 247 4203 qnam
268 4119 422 4192 Romanis
443 4119 464 4186 J
467 4121 562 4186 01001
584 4120 801 4187 subderentur
815 4125 873 4186 ant
887 4120 1011 4200 nunriis
1026 4127 1169 4202 agerent,
1183 4128 1222 4189 ut
1235 4121 1328 4205 prius
1344 4119 1476 4184 dictum.

197 4251 201 4263 ·
236 4209 275 4274 ln
296 4207 382 4274 falsa
395 4229 469 4276 vero
485 4210 674 4294 allegatione
689 4209 793 4279 Taciti
806 4208 974 4299 manifeste
988 4229 1041 4274 me
1055 4207 1305 4294 deprehendisti,
1325 4207 1479 4289 deceptor

146 4297 224 4364 milri
254 4318 350 4363 nemo
381 4299 504 4364 exstitit
531 4305 664 4383 praeter
693 4317 745 4363 me
775 4297 890 4381 ipsum.
935 4298 1177 4384 Exscripseram
1199 4297 1299 4363 verba
1321 4294 1424 4361 Taciti
1444 4295 1478 4358 in

145 4387 267 4452 scheda
277 4387 453 4453 memoriae
465 4409 572 4466 causa,
589 4387 709 4452 additis
719 4387 783 4465 illis
799 4387 977 4470 (anundum
990 4387 1175 4452 mceshuum
1190 4405 1312 4452 anuum
1323 4383 1478 4466 agentia),

144 4475 265 4560 quibus
287 4475 423 4540 innuere
444 4475 599 4556 volebam,
628 4483 787 4544 rectorem
813 4475 885 4540 dari
908 4475 1033 4542 nonnisi
1056 4477 1172 4542 minori
1203 4475 1361 4540 doemonio
1385 4472 1476 4538 mini·

143 4587 262 4650 meque
292 4563 427 4630 consuli.
472 4565 568 4630 Nam·
588 4566 685 4651 Oajurs
715 4563 862 4632 vicesimo
894 4586 981 4631 auno
1004 4563 1209 4632 consulatum
1232 4563 1340 4644 gessit.
1387 4561 1477 4626 Poet-

143 4675 242 4739 quam
274 4653 411 4718 schedas
438 4653 557 4728 iterum
586 4655 744 4738 percurri,
789 4653 979 4724 concinnato
1021 4660 1191 4733 contextu,
1231 4652 1289 4736 qui
1318 4650 1475 4728 ederetur,

136 4749 205 4831 jam
230 4742 387 4810 memoria
407 4743 598 4824 discriminis
622 4744 707 4809 inter
728 4741 826 4808 rerba
848 4743 950 4809 Taciti
974 4749 1006 4808 et
1029 4763 1140 4808 meum·
1154 4743 1477 4824 interpretamentum
