3390 5542
671 250 885 316 Supplsmsntum.
1369 244 1430 316 681

34 487 40 501 ,
118 423 321 506 acutangulis
342 423 441 490 habet
462 433 557 490 ossus
580 425 731 510 quinque.
765 425 848 490 Nam
862 431 919 492 aut
941 425 1025 490 iuter
1039 423 1229 490 (1111111111
1244 422 1435 500 madenam
1501 486 1505 504 ,

118 515 152 576 11
174 512 325 577 verticem
347 513 525 604 primarum
546 513 686 592 ducitur,
717 519 753 578 ut
773 515 861 580 inter
884 514 919 594 G,
943 514 981 594 0,
1004 518 1061 581 aut
1082 533 1139 596 per
1160 513 1264 598 ipsum
1286 514 1433 578 verticem

70 679 74 688 ,
117 601 306 686 primarium
334 601 371 680 0,
400 607 458 667 aut
483 602 567 667 iuter
593 603 728 684 vertices
759 603 846 682 duos,
878 603 1064 686 primarium
1095 601 1119 667 G
1150 605 1182 666 et
1208 601 1370 684 positionis
1394 605 1434 682 A,

117 697 177 755 ant
198 689 285 754 ultra
307 691 454 756 verticem
476 691 638 776 positionis
660 693 697 756 Α.
742 691 805 756 Sed
828 692 862 756 in
884 690 1102 773 obtusangulis
1124 689 1302 774 hyperbolis
1324 695 1435 756 vertex

116 778 283 862 positionis
312 780 512 858 nondatur.
565 781 602 844 In
632 801 694 844 uno
724 779 868 862 quolibet
899 799 975 845 casu
1004 785 1133 846 secatur
1161 778 1266 860 figura
1295 778 1328 842 in
1351 779 1434 844 duas

117 867 285 936 dissimiles
313 874 431 950 partes.
473 866 610 951 ,Species
637 868 745 952 igitur·
766 874 953 933 nascuntur
974 874 1025 948 13,
1055 887 1194 950 quarum
1224 872 1244 932 4
1275 867 1435 952 (31-37)

117 962 194 1021 suut
220 955 337 1022 similes
366 963 537 1037 craterum,
568 974 701 1038 numero
725 962 755 1035 ’1,
778 963 845 1022 tres
868 957 1027 1040 (38-40)
1050 957 1168 1039 similes
1191 954 1313 1039 figurae
1336 977 1434 1022 cavae

117 1063 252 1110 numero
276 1049 332 1140 30,
349 1041 488 1127 quatuor
509 1029 666 1129 (41-41)
694 1045 811 1111 similes
837 1045 1057 1127 ceratoidum,¹
1076 1065 1208 1110 numero
1222 1071 1225 1078 ·
1239 1049 1289 1124 10,
1314 1045 1434 1136 quippe

116 1138 245 1198 acutae:
269 1133 351 1198 duae
370 1134 515 1200 residuae
538 1135 603 1218 (45,
621 1135 774 1216 46),1111
796 1134 990 1200 rotundatas
1012 1135 1047 1199 in
1072 1135 1197 1213 vertice,
1230 1133 1348 1198 similes
1380 1154 1432 1199 co·

115 1221 206 1286 noidi
235 1221 453 1306 hyperbolico,
483 1230 617 1318 numero
637 1229 678 1302 ’2,
704 1243 768 1287 una
799 1224 943 1306 quidem,
968 1243 1051 1306 quae
1080 1227 1129 1287 est
1152 1243 1173 1286 a
1194 1227 1288 1304 parte
1314 1225 1434 1307 majore
1503 1243 1507 1262 ·

114 1310 303 1394 hyperbolae
334 1311 386 1378 vel
412 1312 628 1396 'acutangulae
656 1312 715 1390 vel,
748 1313 775 1376 si
807 1312 1028 1394 obtusengula',
1061 1310 1257 1376 conuenienti
1276 1309 1435 1376 ‘ffiametm

115 1399 247 1480 divisae,
268 1403 305 1464 ut
327 1400 564 1483 dictumidebet
586 1401 670 1466 enim
683 1397 748 1466 'illa
771 1421 880 1466 secere
898 1401 1051 1484 angulum
1073 1397 1262 1484 hyperbolen
1286 1397 1435 1465 obtusum

114 1488 150 1558 iu
172 1487 253 1554 duas
274 1493 381 1572 partes
404 1489 539 1571 acutas),
563 1487 675 1555 similis
699 1493 748 1554 est
769 1489 992 1573 obtusengulo,
1015 1509 1101 1572 quae
1121 1509 1195 1554 vero
1217 1507 1239 1578 a
1259 1491 1353 1571 parte
1373 1489 1432 1554 mi·

115 1596 205 1655 nore,
229 1576 339 1642 similis
361 1579 555 1666 acutangulo
577 1579 714 1644 concidi.
765 1605 770 1616 ·
1079 1623 1083 1640 ‚
1420 1619 1422 1624 .

206 1665 338 1735 Ultima.
355 1666 438 1732 linea
465 1669 508 1732 sit
528 1668 711 1749 contingens
741 1667 918 1746 sectionem,
950 1669 1172 1730 1111111111
1194 1663 1432 1748 verticem'pfi·

114 1753 254 1829 marium
285 1755 320 1834 O,
350 1762 387 1820 ut
416 1757 478 1837 EF,
510 1757 596 1821 cirea
625 1761 730 1840 quam'
752 1757 779 1820 si
801 1757 1059 1837 circumagsutur
1081 1753 1204 1838 figurae
1226 1751 1380 1842 parabole
1401 1757 1434 1817 at

113 1842 295 1926 hyperbole,
320 1844 400 1910 duas
422 1845 554 1928 gignunt
574 1847 691 1930 species
713 1843 860 1910 infinitas
875 1843 941 1927 (47,
959 1843 1016 1924 48)
1039 1843 1158 1908 similes
1180 1842 1230 1924 iis,
1253 1861 1335 1924 quae
1358 1841 1434 1905 sunt

113 1953 250 1997 numero
279 1936 333 2014 15,
362 1937 415 2011 16,
440 1933 543 2014 minus
570 1940 678 1998 tamen
705 1935 883 2013 ordinatae,
911 1930 1052 1996 infinitas
1074 1931 1156 1996 enim
1179 1947 1213 1995 se
1235 1929 1380 2004 extendit
1400 1929 1435 1994 in

112 2026 345 2090 transuersum.
376 2022 505 2106 Ellipsis
526 2042 609 2104 vero,
627 2025 711 2102 circa
732 2022 817 2107 hauc
839 2023 892 2087 EF
908 2021 1132 2098 ehcumducta,
1155 2019 1257 2103 gignit
1278 2017 1434 2094 annulum

113 2107 264 2174 strictum
287 2109 504 2180 conniventem
527 2109 609 2194 (40),
625 2117 793 2193 cognatum
810 2110 861 2176 ’1111
880 2129 1012 2176 numero
1031 2114 1079 2190 11,
1103 2128 1200 2191 quem
1212 2105 1434 2189 imsginaheris

112 2198 151 2262 in
179 2198 341 2264 schemate
364 2203 421 2280 10,
453 2201 596 2284 quinque
625 2201 790 2266 modorum
822 2195 1045 2278 circumactus,
1083 2197 1172 2281 apud
1201 2215 1370 2270 numerum
1402 2201 1431 2276 2,

113 2285 173 2350 sed
206 2307 264 2372 pro
295 2287 424 2352 circulis
458 2281 632 2357 sectionum
663 2290 796 2371 ,concipe
829 2288 966 2370 ellipses,
1001 2287 1043 2352 ad
1072 2289 1221 2350 mutuum
1250 2287 1434 2349 contactum

113 2375 298 2457 aequaliter
322 2377 505 2466 inclinatas.
553 2377 998 2460 ‹tontingannbus'aceensen
1019 2381 1128 2460 posset
1149 2372 1361 2458 asymptotos'3
1385 2380 1435 2476 ayt

113 2463 204 2537 euim,
214 2465 305 2547 quasi
317 2464 500 2549 contingens
515 2467 688 2532 sectionem
698 2467 731 2530 in
741 2471 860 2548 puncto
875 2463 1032 2548 infinitum
1044 2463 1191 2528 distanti:
1215 2468 1249 2528 11
1267 2463 1442 2552 111,11111·“

112 2551 483 2636 de1·atur'nouaspecies
501 2555 580 2638 (50),
603 2555 696 2638 quasi
713 2547 818 2618 media
832 2554 916 2618 inter
939 2550 1119 2638 annulares
1134 2550 1225 2616 laxas
1247 2557 1280 2616 et
1294 2550 1432 2619 strictas.

24 2707 32 2724 ,
205 2639 253 2706 Sit
283 2663 341 2726 pro
371 2644 565 2726 contingenti
596 2647 660 2729 ejus
689 2642 860 2726 parallela,
893 2645 925 2706 et
946 2641 988 2707 sit
1009 2642 1149 2725 primum
1170 2646 1263 2706 extra
1285 2638 1433 2722 liguram,
1473 2717 1475 2728 Ι

113 2735 149 2793 11
171 2729 256 2794 cirta
270 2729 353 2796 hano
364 2730 451 2797 velut
465 2743 558 2796 axem
574 2733 827 2814 circumaguntur
841 2729 979 2813 figurae,
1002 2735 1142 2812 quatuor
1159 2726 1243 2794 fiunt
1258 2727 1434 2794 solidorum

109 2817 308 2892 annulorum
338 2823 467 2905 species,
500 2839 539 2884 ex
560 2820 717 2906 parabola
746 2826 778 2885 et
807 2817 983 2904 hyperbole
1010 2816 1125 2884 infiniti
1151 2818 1184 2882 in
1205 2823 1432 2900 ususversum,

108 2923 246 2990 quorum
268 2907 396 2974 dorsum
416 2911 449 2975 in
479 2908 663 2994 parabolice
694 2929 818 2993 semper
848 2906 1044 2980 111111111111
1073 2907 1188 2971 eminet
1212 2903 1293 2988 (51),
1317 2904 1352 2969 in
1374 2905 1431 2988 hy·

107 2993 271 3082 perbolico
294 2997 424 3080 quidam
445 3001 585 3064 eminens
608 2999 738 3064 dorsum
757 2997 887 3078 habent,
911 2996 967 3062 alii
982 3001 1162 3062 extrorsum
1185 2993 1269 3060 fiuut
1291 2993 1431 3074 altiores,

108 3105 209 3166 quam
232 3105 296 3168 quo
318 3086 387 3152 loco
410 3092 486 3152 sunt
506 3086 725 3170 angustissimi
747 3087 812 3168 (52,
839 3084 910 3167 13),’
929 3101 993 3152 1ο1
1008 3084 1146 3158 multum
1168 3081 1330 3148 absimiles
1350 3081 1433 3166 figu-

107 3191 321 3256 1111111111
347 3179 396 3243 13.
442 3173 492 3240 Ex
513 3176 614 3261 ellipsi
637 3176 821 3244 vero-cirea
843 3173 903 3254 eu
924 3175 1120 3239 circumacta
1141 3170 1179 3236 fit
1202 3169 1339 3236 annulus
1362 3169 1433 3246 fini·

108 3267 162 3326 tus
189 3264 356 3331 connivens
383 3264 468 3347 (54),
496 3285 535 3330 ex
563 3266 667 3340 altera
696 3271 790 3348 parte
812 3261 1017 3348 amplior,'in
1038 3262 1142 3328 torma
1163 3261 1229 3326 sere
1250 3261 1353 3326 tiarae
1374 3279 1441 3326 seu,

108 3349 196 3432 globi
219 3351 358 3432 Turcici,
388 3354 415 3418 si
437 3353 636 3418 demseris'ei
658 3354 790 3436 apicem.
835 3353 928 3434 Hauc
949 3351 1047 3415 etiam
1068 3350 1244 3432 imaginare
1266 3348 1354 3432 apud
1368 3348 1433 3448 prgi-

108 3459 197 3502 mam
228 3439 365 3520 formam
395 3437 607 3506 circumactus
616 3451 630 3520 ,⁴
655 3449 691 3506 ut
712 3448 819 3506 tamen
841 3461 901 3525 pro
918 3440 1051 3521 ,11111111
1073 3439 1251 3505 sectionum
1273 3437 1435 3521 concipias

108 3526 238 3612 ellipses
260 3529 302 3594 ad
323 3552 360 3594 se
380 3523 493 3595 mutuo
516 3529 697 3614 aequaliter
720 3530 904 3594 inclinatas.
1131 3543 1135 3556 ·

199 3617 364 3684 Perallela
386 3619 579 3702 contingenti
602 3619 628 3682 si
649 3617 745 3683 fuerit
764 3618 851 3684 intra
865 3617 1011 3700 figurem,
1035 3620 1073 3685 ut
1094 3613 1160 3694 LK,
1184 3633 1297 3679 secans
1310 3633 1382 3679 eam
1397 3616 1431 3681 iu

108 3709 222 3789 partes
244 3706 340 3788 duas,
370 3707 490 3772 multae
515 3706 598 3772 fiunt
620 3707 752 3790 species,
781 3707 859 3789 quia
881 3707 977 3771 etiam
1000 3725 1093 3770 casus
1116 3703 1220 3768 multi.
1266 3701 1324 3768 Vel
1347 3703 1430 3769 euim

109 3791 169 3858 LK
191 3815 255 3860 uon
281 3802 370 3861 secat
398 3816 489 3861 exem
514 3796 603 3861 intra
632 3794 782 3877 figuram,
815 3793 865 3860 vel
892 3815 965 3859 eum
987 3797 1107 3859 secat·
1130 3793 1173 3856 Et
1194 3790 1223 3856 si
1243 3798 1341 3873 secat,
1363 3797 1433 3858 tum

111 3882 161 3948 vel
184 3884 304 3949 transit
324 3885 483 3950 11111111]Ι
498 3884 685 3969 primarium
708 3887 747 3964 C,
776 3882 827 3948 vel
849 3903 923 3949 eum
944 3882 1116 3967 intercipit,
1140 3879 1312 3946 excludens
1335 3881 1432 3946 verti·

111 3991 183 4035 cem
212 3973 378 4055 positionis
409 3974 495 4038 cirea
522 3973 558 4054 Ο,
587 3973 644 4056 qui
670 3973 713 4038 ad
735 3973 926 4038 erectionem
954 3970 1075 4056 figurae
1096 3969 1271 4054 secundum
1301 3968 1354 4034 EF
1381 3983 1432 4033 se·

111 4059 237 4144 quitur,
270 4061 298 4126 si
319 4069 429 4127 temen
451 4063 701 4146 aliquis·datur;
728 4082 804 4126 uam
825 4062 858 4126 in
880 4059 1058 4146 hyperbole
1080 4057 1303 4142 obtusangula,
1328 4057 1356 4123 si
1376 4055 1432 4122 LK

110 4147 164 4214 uel
185 4147 212 4212 1³
213 4149 240 4213 E
263 4170 335 4216 cum
357 4157 541 4236 asymptoto'
564 4151 724 4219 1111111111
754 4150 809 4214 RB
841 4149 954 4216 iecerit
975 4149 1126 4216 obtusum
1149 4147 1299 4232 angulum
1320 4165 1432 4212 versus

111 4235 264 4319 figuram,
295 4245 403 4307 vertex
430 4240 540 4305 nullus
570 4246 632 4305 est:
663 4240 714 4305 vel
738 4261 802 4342 per
825 4239 911 4306 hunc
936 4239 1104 4324 positionis
1126 4237 1277 4302 verticem
1303 4235 1430 4315 transit,

111 4325 165 4390 uel
189 4327 287 4392 etiam
309 4328 395 4394 hunc
421 4329 454 4394 in
479 4335 572 4414 parte
599 4335 723 4410 resecta
748 4327 893 4394 includit.
944 4325 1045 4394 Casus
1067 4325 1210 4392 recensui
1237 4323 1377 4407 quinque
1397 4329 1431 4388 et

113 4437 227 4480 omnes
253 4417 288 4484 in
314 4417 457 4486 manibus
485 4418 590 4484 tribus
618 4416 727 4500 figuris
758 4417 863 4482 locum
884 4415 1018 4496 habent3
1050 4417 1202 4480 sectiones
1224 4432 1297 4496 ergo
1313 4418 1373 4496 15,
1397 4415 1431 4477 11

111 4501 190 4570 bina
211 4506 244 4570 in
266 4505 399 4590 siugulis
420 4505 531 4592 figuris
564 4513 735 4590 segmenta.
789 4505 852 4570 Sed
873 4507 906 4570 in
920 4505 1093 4590 hyperbole
1115 4505 1178 4567 tria
1196 4503 1319 4585 majora
1333 4498 1431 4564 trium

111 4595 293 4678 primorunr
319 4615 451 4660 casuum·
472 4595 626 4680 duplicia,
655 4601 803 4679 respectu
831 4595 978 4678 effectum
1014 4600 1073 4659 aut
1094 4589 1178 4655 enim
1203 4591 1352 4664 deorsum
1374 4609 1428 4653 ex·

112 4685 215 4748 currit
237 4681 380 4748 infinitas
402 4685 463 4764 ibi,
478 4691 516 4750 ut
536 4687 570 4750 iu
591 4684 762 4768 parabola,
789 4691 846 4749 aut
872 4703 1010 4750 sursum.
1055 4678 1239 4746 Solidorum
1261 4699 1336 4762 ergo
1358 4699 1428 4762 spe·

111 4771 177 4838 cies
208 4771 284 4838 hinc
311 4777 388 4838 suut
418 4779 469 4856 33,
500 4793 637 4857 quarum
668 4780 708 4841 13
738 4771 882 4840 infinitae
912 4772 945 4840 in
965 4767 1192 4849 transuersum,
1220 4765 1428 4834 11111110
