3396 5540
247 219 309 280 ⁴22
761 215 869 278 &roga
894 214 1041 262 t'rrrorrr'm.

247 392 324 454 anni
345 391 471 455 initium
492 387 662 454 Juilaioum
686 388 718 451 in
742 388 841 452 Nisan
864 387 995 454 meliore
1012 392 1096 472 jure.
1151 389 1299 454 Tiberius
1321 389 1405 454 enim
1420 391 1561 470 Augusto
1683 385 1684 398 ¹

248 500 357 544 mense
385 480 465 556 iniit,
496 487 517 544 4
546 478 707 540 mensibus
738 488 811 559 post
840 479 966 543 initium
993 477 1070 541 enni
1091 475 1280 556 Iudaicum,
1305 483 1381 564 jure
1402 478 1562 561 11000010

248 567 370 651 primus
392 567 510 632 Tiberii
531 589 635 631 annus
656 565 802 631 habetur.

336 655 424 721 b'ibil
451 657 548 738 igitur
576 655 685 720 obstat
713 654 790 718 mibi
819 675 889 720 mos
915 655 1135 720 Romanorum
1163 655 1357 738 scriptorum
1387 655 1480 736 alius,
1510 656 1564 736 qui

248 745 401 810 tradituri
429 746 557 827 privata
582 744 760 826 principum
781 743 910 825 negotia
931 743 1037 808 solent
1058 743 1125 806 sere
1147 765 1250 808 annos
1271 766 1384 810 eorum
1406 753 1523 828 putare
1544 764 1564 806 s

249 835 301 898 die
323 834 456 917 imperii.
502 833 632 897 Tacitus
654 833 707 896 lib.
730 833 789 896 ll':
814 832 851 896 C.
873 831 999 912 Asinio,
1025 831 1061 896 0.
1084 831 1227 898 Ardmlr‘o
1249 834 1320 916 (qui
1342 839 1438 898 erant
1451 831 1564 896 decimi

249 922 367 988 ‘liberii
389 921 492 1002 Coss.)
521 943 623 986 rrorrrrs
646 921 768 985 Tiberii
790 942 893 985 currus
913 921 1070 985 corrnrode
1092 920 1185 1002 Reip.
1208 927 1267 986 etc.
1313 923 1367 989 Sic
1388 929 1422 987 et
1444 921 1566 986 Plinius

250 1011 320 1076 libr.
344 1011 491 1076 XXXIII.
513 1031 583 1094 cap.
607 1015 638 1074 2.
683 1009 873 1075 Paterculus
894 1009 972 1073 anni
993 1010 1118 1075 Juliani
1142 1017 1193 1076 15.
1217 1011 1289 1075 Cos.
1311 1011 1474 1076 Vinicium
1488 1031 1562 1074 con·

251 1103 311 1165 lert
340 1101 373 1164 irr
396 1108 427 1166 5.
450 1099 577 1178 Tiberii,
600 1119 679 1164 sane
701 1100 779 1181 quia
800 1098 945 1164 Tiberius
967 1101 1112 1180 Augusto
1134 1099 1221 1182 patri
1242 1101 1395 1164 suecessit
1416 1107 1565 1180 vergente

251 1209 337 1254 anno
356 1189 487 1254 Iuliano
511 1195 570 1266 593
592 1197 629 1252 ut
650 1189 696 1252 ita
718 1193 858 1270 quatuor
878 1188 997 1252 residui
1018 1209 1145 1252 menses
1169 1209 1233 1252 nou
1253 1195 1444 1271 reputentur
1464 1207 1567 1268 usque

252 1278 294 1342 ad
323 1277 448 1342 initium
479 1278 555 1340 anni
586 1277 765 1342 Romanum
795 1277 828 1338 in
858 1275 929 1340 Cal.
958 1275 1043 1356 Ian,
1073 1283 1265 1360 reputentur
1288 1298 1362 1342 rere
1384 1278 1419 1341 in
1441 1277 1567 1340 ratione

251 1363 397 1441 Iudaica,
422 1373 458 1430 ut
480 1366 513 1429 in
535 1387 603 1450 qus
624 1371 766 1448 quatuor
787 1364 837 1428 bis
858 1365 1022 1430 mensibus
1044 1365 1203 1430 accedunt
1220 1366 1276 1430 alii
1291 1371 1357 1430 tres
1371 1387 1392 1430 a
1407 1365 1479 1430 Cel.
1493 1365 1565 1431 Jan.
1685 1398 1686 1422 r

251 1475 355 1538 nsque
386 1455 428 1520 ad
455 1455 570 1532 Xisan,
603 1454 730 1518 initium
760 1453 837 1517 anni
858 1453 1047 1531 Iudaicum,
1076 1453 1163 1518 unde
1186 1454 1348 1536 colligitur
1369 1455 1444 1537 plus
1466 1473 1565 1536 quam

251 1544 417 1608 dimidium
448 1544 543 1607 unius
572 1543 659 1607 anni.
704 1541 791 1606 Nihil
821 1542 919 1625 igitur
940 1542 1067 1622 mirum,
1089 1543 1148 1624 qui
1170 1542 1277 1608 Lucae
1299 1549 1350 1608 cst
1371 1541 1492 1608 liberii
1518 1548 1565 1620 15,

252 1653 325 1698 eum
347 1633 468 1710 Tacito,
490 1631 595 1697 Plinio
616 1637 650 1695 et
672 1629 853 1709 Paterculo,
878 1632 1041 1709 Romanis,
1065 1651 1136 1696 esse
1161 1637 1211 1696 14.

340 1723 506 1804 Quotquot
531 1721 688 1786 hactenus
709 1719 878 1796 sudarunt,
908 1725 946 1782 ut
968 1727 989 1784 4
1010 1719 1060 1784 rel
1082 1727 1102 1785 5
1124 1719 1281 1802 paschata
1300 1720 1333 1784 in
1355 1719 1569 1804 Evangelistis

251 1811 438 1878 invenirent
468 1809 545 1874 lassi
567 1815 652 1888 sunt,
684 1808 743 1874 sibi
766 1829 830 1872 non
852 1807 1009 1886 satisfieri,
1032 1809 1239 1891 suspicantur
1258 1808 1384 1874 hiatum
1406 1809 1440 1872 in
1464 1809 1567 1872 Eran-

252 1899 351 1982 gebo:
374 1905 490 1982 putant
511 1897 689 1963 Iohannem
713 1897 847 1980 simplici
870 1918 931 1982 usu
952 1897 1047 1967 vocis,
1071 1897 1422 1982 perstrennuus
1437 1895 1568 1982 paseha,
1686 1903 1687 1906 ’

253 1993 367 2052 contra
396 2007 516 2052 morem
545 1993 579 2051 et
608 1986 758 2070 ἀκριβειιυ
786 1987 928 2052 «loannis.
982 1987 1057 2051 Fuit
1086 1992 1196 2050 autem
1224 1986 1356 2052 Iuliano
1387 1993 1443 2050 16.
1473 1987 1569 2050 litera

253 2076 450 2142 dominicalis
482 2075 523 2155 G,
553 2095 592 2142 ac
619 2076 752 2160 proinde
775 2081 805 2141 8.
830 2075 898 2140 car.
922 2077 999 2158 Apr.
1021 2074 1074 2139 rel
1097 2079 1150 2140 25.
1172 2075 1283 2141 Martii
1304 2081 1378 2140 erat
1398 2075 1567 2140 dominica.

341 2256 487 2338 Apparet
517 2253 602 2321 binc.
638 2275 688 2317 me
717 2273 847 2336 negare.
883 2271 968 2335 quas
998 2249 1153 2316 Calvisius
1182 2250 1237 2316 101.
1270 2255 1321 2318 ll.
1353 2251 1446 2335 ponit
1479 2257 1570 2316 extra

254 2343 512 2408 controversiam.
563 2343 646 2408 Nam
677 2344 737 2406 etsi
768 2340 898 2424 quidem
927 2340 1064 2424 populus
1093 2340 1240 2424 agnoscit
1266 2340 1397 2424 plenam
1426 2341 1570 2405 Lunam:

253 2439 361 2497 tamen
384 2451 489 2516 neque
510 2433 557 2497 ita
579 2437 700 2510 exacte,
727 2435 764 2496 ut
785 2437 881 2516 putat
902 2429 1064 2499 Caluisius.
1094 2429 1224 2510 quando
1245 2429 1342 2514 plena
1364 2431 1406 2495 sit
1427 2429 1571 2512 agnoscit

254 2521 375 2592 rtriduo
397 2522 480 2584 enim
503 2520 600 2604 plena
620 2527 772 2604 apparet;
795 2541 854 2583 nec
868 2517 1013 2583 omnibus
1027 2525 1121 2582 vacat
1136 2518 1297 2601 speculari
1312 2517 1394 2584 Solis
1409 2537 1570 2596 occasum,

255 2610 364 2674 Lunae
373 2607 1108 2692 exortum,adprobandumqusndositrerum
1116 2607 1569 2692 pleniluniumlmequepopu·

254 2695 306 2764 lus
326 2698 382 2762 sed
401 2700 586 2763 sacerdotes
606 2699 639 2763 in
653 2699 799 2762 futurum
814 2695 943 2761 edicunt
957 2701 1015 2760 eut
1029 2695 1061 2758 in
1074 2696 1194 2760 multos
1203 2715 1303 2760 snnos
1315 2696 1471 2762 ordinant
1481 2697 1570 2762 festa.

343 2787 432 2852 Folio
470 2794 520 2853 12.
572 2786 707 2852 Prcbari
741 2807 805 2851 non
840 2791 960 2870 potest,
992 2783 1133 2850 ludaeos
1167 2784 1321 2850 mandato
1355 2791 1390 2849 st
1419 2785 1571 2870 praemiis

255 2877 405 2960 impulsos
428 2897 496 2940 esse
519 2875 561 2940 ad
580 2876 721 2941 rationes
737 2875 845 2943 Lunse
860 2873 1035 2939 discendas.
1059 2873 1146 2938 Alias
1161 2873 1222 2937 hoe
1232 2874 1335 2956 posito
1350 2873 1571 2951 frmdamento,

255 2964 342 3048 quod
364 2985 422 3047 ego
438 2977 528 3047 nego,
551 2970 637 3029 recte
653 2965 891 3028 convinceretur
906 2964 1108 3040 Reusnerus;
1131 2981 1208 3026 sane
1223 2969 1260 3026 ut
1274 2981 1334 3028 nec
1349 2983 1397 3036 ea
1422 2967 1511 3045 quse
1524 2963 1571 3027 bic

256 3070 344 3136 nego,
377 3057 540 3118 lteusnero
570 3055 688 3117 servire
718 3059 805 3134 puto.
851 3051 928 3117 Vult
948 3051 1031 3116 enim
1054 3057 1087 3114 et
1108 3051 1188 3134 ipss,
1212 3051 1373 3117 Christum
1396 3058 1429 3117 4.
1453 3051 1571 3136 Aprilis

256 3143 481 3208 resurrexisse:
505 3142 592 3225 quod
613 3142 722 3207 itidem
744 3161 836 3223 nego.

344 3233 420 3312 l'ag.
455 3237 504 3296 14.
550 3233 597 3296 I'm
636 3251 707 3294 meo
744 3229 866 3308 libello,
911 3228 968 3313 qui
996 3227 1173 3293 Mercurius
1210 3229 1243 3294 iu
1274 3227 1345 3294 Sole
1376 3227 1569 3307 inscribitur,

255 3325 355 3404 patet,
387 3320 508 3384 nullum
538 3340 606 3384 esse
638 3319 779 3402 Dionysii
809 3339 949 3383 errorem
980 3317 1105 3387 calculi,
1140 3316 1201 3381 nisi
1231 3315 1312 3382 bene
1344 3317 1569 3383 deliberatum.

256 3419 299 3480 (11.
326 3421 378 3472 800
396 3418 440 3482 ss.)
464 3410 522 3474 Est
545 3411 628 3473 errim
651 3413 748 3492 ceput
770 3427 866 3472 serae
889 3410 1019 3470 nostrae
1035 3405 1246 3484 Christianus,
1271 3425 1370 3487 quam
1385 3427 1406 3470 a
1421 3407 1571 3491 Dionysio

255 3505 442 3581 computare
464 3497 640 3576 didicimus,
662 3523 797 3580 reparer,
828 3497 997 3561 confictum
1020 3514 1060 3558 ex
1082 3493 1335 3560 Christianorum
1358 3497 1569 3580 posteriorum

256 3593 405 3670 computo
426 3595 513 3652 retro
537 3594 677 3666 extenso,
700 3587 800 3657 donec
820 3585 1015 3650 inveniretur
1036 3603 1151 3662 annus,
1174 3583 1232 3666 qui
1253 3583 1387 3649 baberet
1406 3585 1569 3667 quandem

254 3677 406 3741 historiae
436 3697 547 3740 sacrae
577 3676 647 3756 (seu
677 3677 784 3758 potius
813 3674 977 3738 hominum
1007 3669 1177 3755 opinionis)
1201 3672 1422 3760 imitationem.
1469 3673 1569 3739 Series

189 3793 196 3816 r
255 3766 337 3828 crrirn
359 3765 609 3834 ratiocinationis
631 3763 759 3829 illorum
782 3762 1046 3839 Christianorum,
1070 3781 1151 3843 quos
1175 3761 1342 3846 Dionysius
1362 3767 1497 3826 secutus
1511 3767 1568 3840 est,

255 3855 315 3918 luit
337 3856 412 3919 ista:

342 3943 367 4007 1.
413 3940 578 4009 Ponebant
589 3941 752 4006 Christum
766 3946 878 4006 natum
894 3939 944 4004 die
961 3941 1013 4002 25.
1024 3935 1209 4002 Decembris
1224 3937 1257 4002 in
1271 3937 1408 4003 solstitio
1423 3937 1567 4014 hiberno,

254 4032 384 4114 quando
414 4021 466 4097 Sol
495 4029 605 4114 incipit
633 4051 667 4095 se
697 4030 818 4095 tollere.
864 4029 958 4093 Hunc
987 4027 1070 4090 enim
1093 4027 1273 4110 oportuisse
1296 4047 1453 4108 crescere,
1477 4033 1511 4092 01
1532 4032 1567 4090 01

254 4121 299 4184 sic
321 4121 483 4204 conceptio
507 4141 564 4183 seu
586 4117 765 4184 incarnatio
787 4124 895 4202 posset
917 4115 993 4202 poni
1015 4114 1048 4178 in
1072 4119 1124 4180 25.
1148 4115 1266 4196 Martii,
1297 4136 1383 4198 quae
1406 4121 1481 4180 erat
1503 4115 1567 4180 dies

254 4210 456 4291 aequinoctii,
485 4211 649 4273 renovatio
679 4209 755 4274 anrri
785 4207 872 4290 apud
901 4206 985 4270 berre
1014 4219 1135 4268 zonam.
1185 4205 1363 4288 Propterea
1391 4204 1425 4270 in
1456 4205 1565 4270 eodem

253 4299 453 4380 aequinoctio
483 4305 640 4380 putarunt
670 4298 767 4362 etism
795 4295 949 4374 mundum
978 4313 1048 4357 esse
1070 4291 1248 4371 conditum3
1271 4293 1473 4378 placuitque,
1496 4313 1566 4359 cum

253 4393 376 4474 certum
405 4392 499 4465 esset,
530 4386 691 4452 Christum
719 4387 780 4451 boc
811 4391 863 4450 25.
893 4383 1004 4449 Martii
1032 4381 1257 4462 resurrexisse,
1289 4381 1402 4448 eodem
1434 4389 1469 4449 et
1491 4403 1562 4449 con·

253 4481 382 4558 ceptum
393 4495 473 4555 esse,
484 4474 596 4540 eodem
607 4476 709 4540 sidere
718 4473 912 4540 etmundum
924 4469 1086 4538 eonditum
1097 4475 1254 4534 statuere.
1268 4472 1331 4538 Alii
1343 4478 1454 4536 tamen
1466 4475 1564 4556 ajunt,

253 4565 455 4630 traditionem
478 4583 547 4629 esse
568 4565 769 4630 indubitatae
791 4563 876 4641 fidei,
899 4561 1059 4627 Christum
1082 4577 1151 4622 esse
1174 4566 1287 4624 ustum
1303 4565 1355 4625 25.
1371 4559 1562 4625 Decembris.

341 4653 380 4718 II.
427 4653 560 4718 Constet
583 4674 621 4718 ex
643 4653 846 4735 Evangelista
868 4651 963 4729 lmca,
992 4649 1151 4714 Josnnem
1174 4667 1242 4712 esse
1265 4653 1418 4735 majorem
1442 4648 1560 4713 Christo

254 4741 398 4805 semestri
434 4742 570 4806 circiter.
625 4742 707 4808 Nam
738 4763 776 4805 ex
806 4761 868 4822 quo
898 4741 1039 4806 Josnnes
1068 4735 1127 4800 luit
1160 4744 1331 4823 conceptus
1361 4738 1448 4820 (post
1479 4734 1559 4820 qnod
