3406 5542
255 297 320 367 338
424 270 430 282 ⁸
566 363 569 376 ,
712 333 715 340 ’
755 315 1087 380 commessationum,

254 483 344 546 qnam
364 485 383 526 a
404 463 559 545 paschate.
594 459 744 524 confirmo
763 460 1045 542 interpretationem
1064 461 1180 522 duobus
1201 459 1406 540 argumentis:
1441 454 1476 539 l)
1491 458 1589 520 Eran-

256 553 368 634 gelium
382 559 510 634 usurpat
523 573 561 613 aa
576 543 675 626 ἄζυμα
690 569 801 632 genere
816 556 923 612 neutro
939 567 993 630 pro
1009 549 1082 623 ritu,
1101 567 1161 612 non
1176 567 1287 629 genere
1303 547 1450 612 feminino
1466 566 1522 627 pra
1538 547 1591 608 diei

256 641 506 705 denominatione.
548 635 584 722 2)
607 639 706 715 Idem,
733 639 852 721 quando
873 639 940 702 vult
963 638 1079 714 dicere,
1107 637 1234 720 primam
1257 637 1496 710 sabbathermrr,
1525 636 1592 698 dicit

253 753 323 809 psus
338 732 503 808 σαββατων,
518 747 578 791 nou
593 749 709 809 πρωτην
724 730 889 806 ceillierus.

289 855 293 866 ·
343 819 418 884 Cum
431 819 526 900 igitur
541 819 669 880 omniurn
686 816 804 881 Graece
820 817 975 880 doctorum
985 815 1098 895 judicio
1115 822 1251 889 constet,
1273 815 1316 876 sic
1339 813 1456 895 optime
1476 832 1593 876 rursum

151 907 154 916 '
255 927 322 970 esse
338 909 417 971 hune
430 909 528 970 locum
543 907 644 970 Lucae
661 909 689 969 2.
704 907 856 987 multoque
877 905 1076 980 emendatius,
1100 923 1189 988 quarn
1209 905 1305 967 habet
1326 904 1456 984 amiqua
1477 903 1592 964 versio:

255 1015 343 1078 spero
360 1017 463 1060 ornnes
479 997 668 1078 requieturos
683 997 741 1058 hac
756 995 904 1058 solutione
926 994 1103 1074 objectionis
1123 993 1206 1074 prius
1220 993 1412 1074 propositae,
1437 999 1471 1054 et
1493 992 1593 1072 suspi-

255 1084 372 1162 ciones,
395 1087 421 1148 si
443 1105 519 1166 qnae
534 1086 670 1160 fuerunt,
692 1084 828 1147 defectus
844 1091 897 1146 aut
911 1083 1010 1145 mendi
1025 1084 1056 1146 in
1070 1082 1253 1162 Evangelio,
1276 1083 1384 1144 animis
1401 1101 1595 1144 exeussnros.

251 1175 322 1237 Non
338 1174 416 1237 enim
431 1174 527 1238 tradit
541 1173 754 1254 Evangelista,
776 1173 1009 1254 descriptionem
1030 1173 1110 1236 hene
1125 1173 1217 1234 fuisse
1232 1172 1359 1253 primam
1375 1170 1524 1244 omnium,
1540 1189 1593 1232 neo

253 1271 410 1343 peractam
425 1286 444 1327 a
460 1261 595 1335 Quirinio
611 1263 700 1326 dicit:
723 1263 778 1324 sed
801 1263 884 1343 prins
900 1262 1012 1324 factam
1028 1261 1153 1336 asserh,
1175 1279 1264 1342 quam
1278 1259 1472 1342 praesideret
1486 1257 1594 1341 Syriae

252 1349 424 1428 Quirinius;
449 1353 529 1435 quod
550 1353 736 1415 verissimum
758 1370 826 1414 esse
849 1358 983 1414 testatur
1003 1351 1132 1414 historia
1150 1351 1299 1414 hactenus
1320 1349 1458 1429 allegata
1481 1367 1522 1410 ex
1536 1349 1593 1411 Je-

252 1441 361 1522 sepho:
393 1439 561 1513 Quirinium
577 1441 693 1504 scilicet
708 1441 728 1504 9
743 1441 792 1502 vel
810 1441 850 1503 10
865 1441 953 1503 annis
968 1447 1040 1521 post
1055 1448 1183 1504 mortem
1196 1438 1329 1502 Herodis
1343 1439 1468 1500 venisse
1482 1439 1517 1500 in
1532 1437 1595 1518 Sy-

252 1529 344 1606 riam,
367 1529 520 1596 Christum
542 1549 614 1593 vero
636 1537 741 1593 uatum
762 1536 834 1592 aute
853 1536 980 1594 mortem
995 1530 1125 1593 Herodis
1140 1529 1208 1610 plus
1230 1547 1309 1591 anno
1330 1529 1469 1608 integro:
1490 1527 1595 1609 itaque

254 1618 433 1702 descriptio,
455 1620 492 1682 de
515 1639 574 1701 qua
588 1619 697 1695 Lucas,
721 1619 758 1681 ll
785 1618 889 1682 solidis
910 1619 997 1681 anuis
1019 1619 1186 1682 antecessit
1207 1615 1335 1688 Quirinii
1356 1617 1595 1697 potestatemiu

255 1705 355 1788 Syria.
399 1709 505 1790 ltaque
522 1708 682 1772 verisimile
698 1716 759 1784 est,
775 1727 833 1791 quo
848 1715 983 1789 tempore
1000 1706 1140 1776 Christus
1156 1727 1251 1770 annos
1266 1715 1357 1768 uatus
1374 1706 1417 1768 12
1431 1706 1595 1786 Jerosoly-
1681 1775 1682 1782 g

253 1795 310 1857 mis
326 1797 405 1859 leste
418 1797 577 1879 paschatis
586 1817 653 1862 eum
668 1798 775 1861 scribis
791 1805 823 1859 et
839 1797 1047 1860 sacerdotibus
1062 1798 1093 1860 in
1108 1796 1220 1878 templo
1237 1795 1419 1876 disputarit,
1432 1795 1594 1857 macedam

252 1883 483 1966 disceptationis
498 1887 577 1950 hane
591 1887 689 1970 ipsam
705 1889 812 1962 fuisse,
831 1887 911 1968 quod
926 1887 1001 1949 illud
1015 1887 1142 1968 primunr
1157 1893 1241 1948 esset
1252 1883 1370 1965 paseha
1385 1883 1459 1946 anrn'
1473 1885 1594 1962 Jul52,

253 1991 311 2055 quo
327 1975 433 2054 gentili
448 1983 566 2038 rectore
582 1985 721 2040 carentes
737 1976 893 2057 coeperint
907 1995 1063 2040 numerere
1083 1994 1178 2038 annos
1192 1974 1326 2055 Augusti
1339 1973 1372 2036 in
1386 1973 1594 2036 deminutione

250 2061 403 2126 Judaeae:
427 2065 476 2146 qui
499 2083 537 2128 ex
552 2084 587 2129 eo
603 2067 707 2148 procul
724 2065 813 2128 dubio
836 2072 869 2127 et
890 2083 1025 2129 nummos
1048 2085 1114 2128 curn
1135 2065 1265 2146 imagine
1287 2083 1344 2126 sua
1359 2063 1456 2125 etiarn
1471 2081 1593 2125 nunsero

251 2170 396 2214 annorum
411 2154 527 2234 imperii
543 2154 589 2217 sui
603 2155 635 2217 in
650 2155 770 2217 Judaea
777 2152 976 2235 ierosolymis
991 2155 1100 2218 cudere
1115 2154 1224 2235 coepit,
1238 2170 1326 2234 quem
1340 2151 1472 2234 quilibet
1486 2171 1594 2215 census

250 2241 369 2305 nomine
386 2242 528 2305 solveret
572 2241 652 2306 Orta
668 2245 746 2306 enim
762 2243 984 2324 disceptatione
1004 2245 1084 2308 inter
1097 2243 1305 2316 Herodianos,
1325 2242 1461 2304 Herodis
1478 2249 1593 2304 tetum·

252 2329 343 2404 chae,
366 2331 416 2413 qui
431 2331 545 2394 amicus
561 2341 629 2395 erat
642 2333 861 2408 Romanorum,
883 2333 1038 2396 ministros
1054 2333 1180 2396 etinter
1194 2331 1389 2415 pharisaeos,
1404 2331 1490 2394 haud
1506 2331 1592 2394 dubie

149 2483 152 2488 ,
247 2417 317 2482 inde
342 2419 381 2482 ab
405 2440 483 2483 anno
507 2421 558 2484 40.
572 2421 648 2498 tut,
678 2423 798 2505 quando
813 2423 940 2503 primunr
954 2422 1063 2485 Judaei
1077 2422 1109 2484 iu
1125 2422 1217 2484 rerba
1232 2419 1376 2484 Caesaris
1391 2421 1501 2484 adacti
1516 2428 1593 2494 sunt,

250 2517 444 2572 contumaces
459 2511 490 2572 in
505 2511 719 2592 magistratum
734 2511 898 2586 ethnicum,
914 2519 947 2574 et
959 2530 993 2573 re
1009 2512 1049 2573 ad
1066 2508 1220 2574 Christum
1235 2510 1353 2572 delata:
1374 2511 1591 2590 quaerentrbns

248 2598 396 2678 partibus,
411 2599 541 2662 liceatne
556 2619 612 2681 per
626 2601 743 2664 divinas
756 2601 841 2680 leges
856 2601 929 2663 dare
944 2619 1067 2663 censum
1081 2601 1131 2662 vel
1144 2599 1288 2663 tributum
1299 2597 1427 2661 Caesari
1437 2595 1591 2680 (liberio)

249 2705 304 2750 nee
319 2687 378 2749 ne?
404 2687 544 2752 Christus
560 2690 680 2752 ostendi
696 2689 753 2752 sibi
767 2689 847 2770 petit
860 2690 1008 2752 numisma
1017 2709 1135 2766 census,
1150 2688 1235 2770 quasi
1245 2689 1376 2750 diceret:
1390 2689 1592 2764 respondebo,

248 2776 274 2838 si
289 2777 372 2857 prius
387 2777 458 2858 quid
472 2778 503 2841 in
519 2797 611 2862 causa
626 2785 765 2842 versetur
780 2786 889 2841 exacte
905 2797 1090 2859 cognovero,
1106 2778 1197 2842 dieite
1212 2777 1293 2852 mihi,
1308 2785 1460 2858 qnantum
1472 2778 1590 2841 solutis

247 2867 366 2928 nomine
388 2885 497 2928 census
519 2875 551 2929 et
572 2885 630 2948 qno
652 2867 852 2930 numismate?
888 2867 966 2930 Erat
987 2875 1089 2930 autern
1108 2866 1236 2931 Judaeis
1255 2866 1423 2947 antiquitus
1444 2867 1591 2932 usitatum

249 2955 406 3028 numisma,
422 2954 513 3018 siclus
529 2956 633 3037 templi
649 2956 762 3031 dietus,
777 2975 844 3018 enm
859 2956 957 3037 effigie
972 2957 1077 3038 virgae
1090 2957 1237 3030 Aaronis,
1252 2963 1377 3036 eratque
1391 2966 1591 3039 praeceptum

249 3043 348 3105 Exodi
364 3043 415 3106 30.
430 3063 459 3104 v.
477 3045 533 3120 13,
554 3052 593 3106 ut
611 3045 777 3127 quicunqne
799 3045 957 3125 attigisset
979 3065 1089 3108 annum
1105 3049 1155 3109 20.
1174 3045 1287 3108 aetatis
1310 3044 1467 3108 dimidium
1487 3049 1592 3110 siclum

39 3109 43 3121 ¹
128 3207 130 3216 Ι
249 3131 353 3212 templi
369 3132 503 3218 solveret¹
518 3133 727 3196 sacerdotibus
743 3133 783 3194 ad
798 3139 914 3196 sumtus
929 3135 1121 3215 quotidianos
1137 3134 1357 3198 sacrificiorum.
1400 3135 1450 3197 At
1471 3157 1590 3200 nnnca

251 3219 374 3284 Christo
390 3221 539 3284 numisma
552 3222 687 3303 prolmm
698 3221 793 3303 jussi,
814 3241 872 3285 uon
896 3225 1062 3287 ostendunt
1082 3224 1187 3288 siclum
1206 3223 1326 3305 templi,
1348 3223 1403 3286 sed
1425 3224 1589 3299 denarium,

248 3310 395 3372 numisma
411 3311 504 3374 etism
518 3311 637 3374 nomine
652 3311 835 3386 Romanum,
857 3331 924 3374 cum
938 3311 1068 3394 imagine
1084 3320 1117 3376 et
1130 3312 1324 3394 inscriptione
1341 3310 1505 3391 Caesaris,
1528 3315 1587 3378 sire

246 3397 380 3479 Augusti
409 3399 462 3462 illa
486 3401 591 3476 luent,
623 3401 687 3464 sire
711 3399 840 3463 Tiberii:
866 3401 986 3494 ipsique
1008 3405 1157 3477 fatentur,
1185 3403 1242 3466 hoe
1264 3402 1447 3465 numismate
1469 3421 1588 3467 censum

247 3487 478 3568 repraesentari,
493 3509 580 3571 quem
590 3490 756 3569 jubeantur
770 3490 886 3552 solvere
902 3489 1038 3554 Caesari.
1073 3490 1100 3554 O
1117 3491 1272 3554 sanctulus
1287 3491 1404 3553 zelotes
1419 3492 1500 3574 legis
1514 3493 1587 3557 Dei!

251 3575 367 3638 adeone
381 3578 466 3652 illos,
488 3578 539 3660 qui
558 3579 697 3660 religioni
717 3579 774 3642 sibi
789 3579 941 3642 ducebant
956 3587 1081 3644 externo
1097 3586 1131 3642 et
1143 3579 1349 3648 incircumciso
1364 3599 1476 3660 perere
1490 3582 1587 3663 magi·

249 3666 375 3741 stratui,
398 3673 452 3729 ant
471 3668 549 3730 terre
570 3669 700 3751 aquilem
716 3685 838 3731 auream
852 3667 932 3731 inter
947 3675 1125 3732 ornamenta
1139 3669 1245 3750 templi
1259 3676 1313 3731 aut
1327 3667 1442 3748 pictam
1458 3673 1589 3754 aquilam

248 3753 278 3816 in
293 3754 413 3818 vexillis
427 3755 632 3820 Romanorum
645 3758 832 3820 exercituum
847 3765 901 3820 snt
915 3764 1088 3839 tropaeum,
1109 3757 1141 3820 id
1162 3766 1211 3822 est
1231 3758 1335 3821 rudem
1350 3759 1485 3840 effigiem
1506 3779 1587 3824 eom-

249 3843 381 3922 positam
396 3861 435 3906 ex
450 3846 542 3910 armis
560 3867 579 3908 a
595 3847 699 3929 stipite
716 3847 870 3928 suspensis
884 3846 916 3908 in
930 3847 987 3910 viri
1002 3849 1147 3929 speciem,
1169 3847 1286 3910 scilieet
1300 3847 1371 3928 quis
1385 3847 1437 3910 lex
1452 3849 1516 3912 Dei
1529 3848 1585 3912 Ju-

249 3931 334 3994 daeis
349 3951 404 3995 usn
420 3931 584 4014 imaginum
597 3935 808 4011 interdicebat,
821 3934 959 4016 intellige
974 3937 1014 4000 'ad
1030 3937 1143 4000 cultum
1157 3935 1299 4012 numinis,
1314 3936 1585 4018 illosinquanrjam

126 4027 131 4043 “
249 4021 306 4082 sibi
320 4021 458 4102 religioni
473 4041 660 4106 nequaqnam
674 4024 792 4100 ducere,
808 4025 954 4087 crumenis
970 4026 1032 4088 suis
1048 4026 1237 4089 circumferre
1252 4043 1388 4088 nummos
1404 4045 1473 4089 emn
1490 4027 1587 4108 effigie

248 4107 391 4173 Caesaris
407 4111 603 4176 incircumcisi
619 4121 652 4176 et
666 4114 784 4195 quidem
797 4114 878 4176 inter
891 4115 976 4176 Deos
991 4115 1088 4178 relati

335 4199 384 4263 Ex
398 4200 505 4264 harum
520 4203 810 4266 circumstantiarum
825 4202 1066 4265 consideratione
1077 4203 1142 4284 jam
1157 4203 1265 4266 elarius
1281 4202 1395 4266 enitere
1410 4211 1505 4284 puto,
1520 4203 1588 4286 quid

251 4288 307 4351 sibi
326 4289 458 4352 volucrit
476 4309 668 4373 responsum,
693 4293 771 4373 quod
792 4290 932 4354 Christus
951 4291 1164 4356 insidiantibus
1182 4292 1279 4355 dedit:
1309 4293 1401 4355 Date
1421 4314 1506 4374 queue
1519 4299 1588 4355 arnt

249 4375 399 4441 Caesarie
421 4377 555 4442 Ossam
575 4389 605 4443 et
625 4399 705 4461 quae
722 4379 792 4442 Dei
812 4379 905 4453 Deo;
935 4381 1072 4444 nimirum
1092 4381 1218 4445 Caesari
1240 4381 1407 4458 denarium,
1438 4383 1588 4454 numisma

247 4467 426 4544 Romanurn,
442 4475 475 4530 et
487 4467 556 4531 Deo
572 4469 677 4532 siclum
693 4463 788 4550 (inter
803 4466 921 4551 cetera)
938 4471 1085 4533 numisma
1098 4469 1267 4533 iudaicam.

334 4559 404 4620 Non
415 4559 543 4620 alienum
559 4565 608 4620 est
623 4558 662 4621 ab
678 4558 736 4621 hoe
751 4557 816 4620 loeo
831 4579 888 4622 nee
902 4557 1130 4636 illud,¹mouere,
1145 4568 1289 4640 parentes
1299 4559 1415 4624 Christi
1426 4578 1488 4622 non
1503 4559 1585 4622 rela-

249 4650 299 4707 tos
320 4665 388 4708 esse
411 4649 441 4710 in
464 4645 585 4708 tabulas
608 4666 732 4722 census,
758 4667 846 4728 quern
861 4645 1013 4719 Quirinius
1035 4667 1090 4730 per
1108 4649 1257 4712 Judaeam
1279 4650 1342 4729 egit
1362 4669 1442 4711 anno
1458 4649 1519 4712 Jul.
1535 4649 1586 4711 51.

248 4735 306 4796 vel.
323 4735 374 4798 52.
420 4735 611 4798 Gausahaec
626 4745 707 4812 erat,
729 4737 800 4817 quis
814 4734 968 4808 Quirinius
991 4737 1088 4800 solum
1107 4737 1254 4801 Archelai
1275 4738 1492 4820 patrimonium
1512 4738 1585 4800 des-

249 4822 364 4903 cripsit,
378 4823 457 4906 quod
472 4833 541 4887 erat
553 4825 683 4903 Judaea,
697 4825 841 4890 Idumaea
856 4834 888 4890 et
903 4825 1058 4891 Samarisr
1075 4845 1130 4891 nec
1146 4823 1317 4894 Galilaeam
1332 4827 1462 4892 attinuit
1475 4845 1584 4891 census
