3390 5542
574 249 752 306 sammech
769 251 837 304 noth
854 255 980 306 emutat
1380 258 1445 322 505

213 427 315 494 Porro
336 447 400 492 non
422 424 571 492 celandus
594 432 644 492 est
665 445 766 506 error,
790 427 824 492 in
845 447 943 512 quern
964 449 1015 494 me
1036 429 1174 515 conjecit
1194 427 1300 514 primo
1324 427 1374 496 die
1389 449 1442 494 su·

122 516 202 600 pina
227 517 432 583 theorematis
458 514 551 601 hujus
579 517 797 582 consideratio.
845 518 929 582 Nam
955 519 1035 584 haec
1057 517 1313 584 commemoratio
1335 519 1444 584 admo·

122 606 213 680 nebit
240 606 407 686 lectorem,
438 611 475 670 ut
505 624 527 668 a
551 604 704 671 similibus
731 604 790 670 sibi
811 612 923 672 caveat
946 608 1043 670 etiarn
1065 606 1150 672 alibi.
1196 607 1246 672 Sic
1269 608 1352 672 enim
1374 627 1446 672 sum

122 696 333 761 ratiocinatus
364 713 549 778 perperam:
586 715 659 758 cum
695 714 846 760 arearum
878 695 1028 760 similium
1061 695 1227 778 proportio
1268 696 1309 760 sit
1345 695 1446 779 dupla

124 783 341 868 proportionis
370 783 526 861 laterum,
559 802 729 866 corporum
758 803 834 848 vero
864 783 1014 849 similium
1047 783 1159 866 tripla:
1190 783 1257 848 fore
1287 784 1383 849 etiam
1412 784 1447 850 in

124 872 342 952 dissimilibus,
367 871 608 946 eademtamen
632 872 777 954 diagonio
799 872 854 936 lc
877 872 1049 962 uteqtibus,
1073 891 1244 956 corporum
1266 873 1444 957 proportio·

124 981 202 1026 nem
233 960 449 1045 proportionis
477 981 626 1024 arearum
655 960 872 1042 linearumque
903 981 1027 1044 semper
1057 961 1235 1042 analogum.
1281 961 1349 1026 Hoc
1371 981 1447 1026 sero

123 1049 243 1114 falsum
257 1057 322 1128 est;
346 1055 378 1114 et
392 1070 461 1132 ego,
482 1051 510 1114 si
520 1047 693 1113 viatoribuis
704 1049 736 1112 id
751 1048 875 1114 consilii
887 1048 1052 1129 dedissem,
1065 1054 1102 1113 ut
1116 1069 1240 1132 semper
1254 1047 1448 1116 diametrum

124 1138 213 1204 orbis
243 1137 339 1218 lignei
372 1139 601 1202 constituerent
626 1136 819 1220 subduplam
841 1137 1047 1220 longitudinis
1069 1137 1253 1203 tabularum
1276 1137 1374 1219 (quod
1397 1157 1445 1202 se·

124 1229 245 1292 caritas
268 1245 362 1290 areae
384 1226 559 1292 metiendae
572 1226 714 1309 requirit,
738 1246 776 1290 sc
798 1226 826 1289 si
847 1226 944 1292 etiam
968 1227 1129 1292 securitati
1142 1225 1285 1310 corporis
1299 1225 1449 1292 metiendi

125 1317 171 1382 sic
193 1322 398 1400 prospectum
410 1313 516 1396 esset),
541 1315 711 1399 plurimum
734 1316 878 1400 ipsorum
897 1315 962 1381 arti
972 1316 1150 1380 monuissem
1164 1315 1354 1398 longiusque
1375 1313 1447 1380 illos

125 1425 148 1468 a
176 1425 272 1487 scopo
302 1402 514 1468 abduxissem.
566 1401 637 1469 Non
666 1405 749 1468 enim
779 1403 836 1468 uhi
863 1404 1004 1468 maxima
1034 1409 1083 1469 est
1104 1423 1182 1468 area
1203 1403 1291 1488 plani
1312 1405 1447 1470 secantis

124 1492 320 1575 cylindrum,
348 1492 393 1557 ibi
416 1499 465 1558 est
493 1499 525 1558 et
546 1493 721 1558 maximum
742 1489 877 1576 cylindri
899 1513 1024 1577 corpus.
1072 1491 1133 1558 Sed
1156 1491 1190 1556 id
1211 1499 1324 1576 postea
1347 1511 1446 1575 appa·

125 1581 218 1660 rehit,
241 1603 335 1658 nunc,
359 1601 441 1664 qnae
462 1581 502 1646 de
524 1581 667 1667 cylindro
688 1588 776 1647 recto
801 1588 873 1647 sunt
895 1581 995 1662 dicta,
1018 1580 1264 1648 accommodabo
1287 1581 1383 1646 etiam
1406 1579 1449 1646 ad

123 1678 275 1736 truncum
296 1659 468 1736 conicum?¹

670 1757 847 1824 Theorema
866 1755 909 1824 II.

126 1863 169 1942 Iry
181 1864 301 1929 truncis
313 1865 428 1928 amicis
439 1863 563 1946 reliquo
574 1866 678 1928 masia
690 1871 824 1944 maneat,
836 1866 902 1929 nisi
914 1864 996 1946 qood
1007 1863 1091 1928 irater
1103 1869 1227 1930 tmmcos
1233 1865 1398 1945 prosim
1409 1863 1448 1929 ab

125 1954 194 2032 illo,
223 1953 279 2034 qai
316 1953 403 2017 latus
423 1953 577 2020 dimrwtro
600 1954 686 2018 basis
707 1953 853 2018 iabaeit
874 1953 1014 2034 aequale,
1033 1953 1113 2033 ptus
1134 1956 1280 2018 sanator
1302 1973 1450 2018 arceram

125 2061 260 2107 sucrum
286 2043 461 2123 proportio,
493 2061 587 2124 quam
612 2045 642 2106 si
675 2043 813 2125 cylindri
844 2061 905 2123 pro
940 2043 1061 2106 traiecta
1088 2043 1205 2108 corticis
1227 2048 1343 2124 assera,
1365 2044 1450 2108 iotcr

557 2135 681 2196 bosom
702 2133 884 2196 remotiores
905 2133 1020 2195 minos.
1064 2199 1070 2212 ,

188 2287 192 2296 ,
218 2217 297 2284 Cum
326 2219 410 2284 enim
439 2219 575 2302 angulus
611 2219 905 2303 comprehensus'a
934 2219 1035 2284 latero
1063 2218 1170 2284 trunci
1198 2225 1230 2284 at
1252 2238 1274 2283 a
1296 2218 1460 2285 diametro'

128 2309 217 2374 basis
246 2309 376 2372 minoris
406 2309 449 2373 sit
481 2312 583 2394 major
612 2317 717 2387 recto,
748 2315 907 2392 competet
936 2329 1000 2372 non
1022 2309 1055 2373 in
1076 2307 1315 2388 semicirculum,
1339 2307 1396 2371 sed
1417 2307 1452 2372 in

128 2419 240 2464 arcum
268 2397 460 2462 semicirculo
488 2398 649 2462 minorem.
696 2397 841 2462 Ducatur
862 2397 957 2479 igitur
978 2397 1038 2481 ipsi
1061 2397 1116 2462 AO
1137 2395 1294 2486 parallela
1315 2394 1377 2476 PQ,
1401 2417 1450 2460 se·

130 2507 209 2556 cans
233 2485 464 2550 semicirculum
486 2485 519 2550 in
542 2488 667 2569 punctis
689 2485 723 2565 P,
748 2485 784 2565 Q,
809 2493 842 2550 et
864 2483 1143 2569 perpendiculares
1166 2485 1220 2564 IN,
1245 2485 1318 2562 HM,
1343 2481 1399 2549 ΒΚ
1417 2486 1452 2549 in

128 2575 258 2660 punctis
280 2575 323 2653 R,
353 2572 388 2654 S,
414 2573 454 2653 V,
486 2581 519 2638 et
551 2581 780 2640 connectantur
807 2581 928 2658 puncta
949 2572 973 2650 I,
999 2575 1037 2652 H,
1062 2575 1089 2638 B
1111 2595 1182 2638 csuu
1204 2573 1331 2656 punctls
1354 2573 1388 2653 P,
1413 2571 1451 2650 Q.

127 2665 361 2748 Repraesentat
381 2663 478 2746 igitur
496 2666 563 2748 jam
585 2661 639 2739 PQ
661 2663 787 2746 virgam
808 2663 1006 2738 mensoriam,
1032 2657 1167 2742 QIJQH,
1190 2661 1244 2741 QB
1261 2662 1453 2728 diametrum

127 2752 217 2818 basis
239 2752 418 2818 detruncati
437 2752 522 2831 coni3
545 2751 596 2832 IP,
622 2751 687 2829 ΗΡ,
711 2751 764 2816 ΒΡ
786 2751 871 2816 latus
887 2752 1001 2830 trunci,
1026 2751 1156 2816 dimidia
1178 2750 1343 2833 longitudo
1357 2749 1452 2815 tabu·

128 2843 234 2907 larum
256 2842 289 2905 in
311 2841 418 2920 doliis3
454 2833 564 2923 anguli
593 2838 677 2919 QIP,
709 2838 807 2920 QHP,
837 2837 917 2915 QBP
944 2840 1050 2904 obtusi
1078 2846 1109 2904 et
1132 2839 1280 2922 aequales
1302 2839 1388 2903 inter
1409 2859 1451 2918 se,
1512 2881 1514 2887 ,

128 2932 250 3015 quippe
271 2931 304 2994 in
327 2929 438 2994 eodem
461 2935 623 3010 segmento
645 2927 715 3005 PQI
730 2935 862 3006 stantes,
887 2948 1018 2993 causam
1036 2926 1193 3012 praebent
1215 2927 1380 3011 aequalem
1396 2947 1455 3010 per

128 3021 189 3085 has
212 3039 322 3083 omnes
344 3017 465 3102 figuras
488 3017 672 3083 variationis
695 3021 772 3102 ejus,
797 3039 894 3101 quam
916 3016 967 3084 hic
989 3016 1208 3100 explicandam
1230 3017 1336 3080 sumsi

219 3109 361 3173 Rursum
391 3107 489 3190 igitur
519 3127 595 3170 area
625 3104 695 3183 PIQ
725 3113 773 3172 est
802 3107 845 3171 ad
874 3126 983 3171 aream
1005 3103 1090 3181 PHQ
1114 3112 1146 3171 et
1168 3103 1258 3183 PBQ,
1283 3111 1322 3169 ut
1342 3104 1388 3170 IR
1410 3102 1454 3168 ad
1566 3144 1571 3155 ·

129 3193 185 3263 HS
207 3203 239 3261 et
261 3195 330 3260 BV:
346 3217 416 3262 curn
438 3197 532 3278 igitur
555 3195 596 3260 ab
618 3195 841 3278 inaequalibus
856 3195 913 3286 IN,
936 3195 1001 3260 HM
1013 3193 1123 3260 ablata
1145 3195 1210 3258 sint
1232 3189 1383 3276 {aequalia
1395 3189 1454 3257 RN

131 3293 165 3351 et
187 3285 258 3352 SM:
282 3285 410 3350 residua
430 3283 476 3350 IR
499 3291 532 3370 et
553 3282 611 3348 HS
630 3291 724 3348 eruut
745 3285 777 3349 in
790 3285 996 3368 proportione
1018 3283 1147 3368 majori:
1171 3281 1272 3364 magis
1294 3282 1457 3364 igiturest

131 3372 286 3440 sensibilis
316 3373 493 3439 differentia
530 3393 677 3437 arearum
711 3371 790 3451 PIQ,
819 3370 919 3450 PHQ,
947 3391 1044 3455 quam
1071 3391 1220 3435 arearum
1248 3369 1327 3451 Alc,
1359 3369 1456 3434 AHG.

133 3465 257 3530 Contra
279 3460 808 3545 decrementaperpendicularium
830 3468 906 3524 sunt
932 3462 1071 3524 maxima
1093 3459 1178 3542 apud
1190 3463 1227 3538 A,
1252 3459 1377 3524 nsiuora
1397 3459 1456 3540 igi·

132 3561 187 3618 tur
209 3558 306 3616 erunt
327 3551 412 3635 apud
434 3549 470 3614 P.
516 3549 558 3614 Et
580 3548 665 3632 apud
692 3547 718 3612 P
740 3554 930 3613 evanescunt
957 3546 1233 3630 perpendiculares
1258 3554 1456 3628 truncorum,

132 3641 221 3726 apud
250 3639 277 3703 A
307 3661 381 3704 sero
413 3644 603 3728 epanescunt
638 3637 918 3722 perpendiculares
948 3636 1174 3720 cylindrorum:
1210 3637 1325 3701 minori
1359 3637 1458 3718 igitur

133 3730 342 3815 proportione
365 3729 551 3793 decrescunt
572 3746 665 3790 areae
686 3724 776 3802 PBQ,
801 3726 964 3810 propiores
986 3723 1043 3788 fini
1064 3725 1103 3800 P,
1128 3745 1226 3808 quam
1248 3745 1343 3790 areae
1365 3724 1455 3803 ABO,

133 3817 301 3904 propiores
330 3817 384 3881 fini
416 3817 453 3881 A.
506 3819 546 3880 At
579 3815 668 3899 prius
698 3815 861 3899 propiores
890 3813 980 3878 initio
1002 3812 1019 3878 I
1040 3815 1153 3898 majori
1175 3815 1381 3897 proportione
1403 3811 1457 3876 de·

135 3905 319 3974 crescebant
347 3903 432 3981 PHQ
463 3923 561 3988 quam
592 3903 686 3970 ΑΗΘ.
740 3904 809 3968 Ηοο
845 3902 1010 3967 theorema
1044 3903 1211 3986 praecipue
1243 3901 1385 3968 notabile
1407 3907 1459 3967 est

133 4003 269 4082 propter
290 3993 569 4060 hallucinationem
591 3991 686 4056 aliam
708 3991 948 4070 diuturniorem,
974 3990 1059 4055 circa
1073 3992 1342 4074 comparationem
1363 3995 1457 4054 trum

136 4107 251 4152 corum
273 4086 453 4149 comicorum
477 4082 561 4146 inter
583 4102 625 4160 se,
649 4083 739 4165 cujus
761 4079 846 4144 infra
868 4078 924 4144 fiet
946 4078 1076 4144 mentio.

225 4171 328 4238 Porro
350 4169 516 4238 elenchum
537 4169 794 4252 hallucinationis
818 4167 922 4232 dictae
945 4169 1085 4233 continet
1107 4187 1244 4252 sequens

668 4292 844 4359 Theorema
865 4290 924 4356 III.

136 4404 364 4490 Oplirrdrorsm
393 4407 566 4479 rectorum,
604 4417 734 4482 pirorum
767 4401 918 4464 sectiones
952 4397 1066 4463 babeat
1099 4397 1226 4462 eandem
1263 4394 1456 4476 dispertiam,

134 4513 353 4576 corporascere
374 4491 487 4556 habent
509 4491 593 4554 irrtcr
621 4509 654 4554 sc
670 4489 894 4570 proportiones
915 4487 1069 4570 asclepas
1088 4483 1344 4568 proportionibus
1366 4503 1458 4547 arca-

133 4605 217 4662 rum,
255 4581 369 4666 quibus
398 4585 545 4646 acceptor
571 4597 633 4660 per
660 4597 765 4642 ccam
795 4597 850 4642 occ
879 4577 975 4658 cujus
1002 4581 1047 4640 cst
1068 4576 1209 4638 raacimo
1231 4573 1348 4638 sectr-ic
1370 4593 1456 4652 arca,

493 4665 631 4750 ejusdem
653 4672 683 4732 et
705 4685 819 4746 corpas
841 4666 1015 4730 musinium
1037 4669 1092 4730 cst.

224 4777 263 4844 In
286 4761 447 4844 schemate
468 4774 584 4860 priori,
615 4795 686 4840 cum
706 4772 780 4840 Alc
803 4773 844 4840 sit
866 4771 1029 4838 dissidium
1051 4788 1146 4836 areae
1167 4765 1221 4847 10,
1245 4766 1383 4834 secantis
1406 4785 1458 4850 cy·
