3406 5542
642 351 810 416 CaputXlV.
837 353 935 404 Patres.
1005 325 1009 333 ¹
1397 335 1460 402 355

114 487 163 568 qui
178 494 284 552 tammr
301 491 386 556 varie
401 491 537 556 fluctuat.
581 495 660 557 Nam
681 493 762 559 iuter
783 494 871 559 initia
890 494 1010 558 videtur
1025 495 1187 576 Sulpitium
1209 496 1354 560 Sevemm
1377 497 1461 579 sequi

115 585 146 638 ιι
160 577 326 644 triennium
342 580 454 644 addere
470 601 561 644 aerae
570 582 749 648 hodiernae
766 585 844 666 quod
860 592 963 648 tamen
977 603 1038 646 non
1048 585 1173 648 consilio
1190 587 1243 648 sed
1260 606 1332 650 oasu
1348 588 1461 650 facturn

115 674 147 728 et
167 667 199 730 ni
220 668 313 732 fallor
334 665 570 734 hallucinatione
591 673 738 748 auctoris,
760 673 830 736 dum
845 680 1053 760 contraquam
1068 681 1189 738 veteres
1203 676 1329 756 primum
1346 674 1461 740 christi

116 775 226 820 anuum
241 757 327 822 illum
342 767 490 862 numerat,
505 779 563 842 quo
574 760 641 842 J'am
656 769 786 826 exeunte
801 751 905 825 natum
914 763 1010 843 ponit,
1024 763 1209 826 recentiores
1220 772 1460 846 coaetaneosque

116 864 185 908 suos
201 855 337 923 secutus,
353 849 402 929 qui
411 848 644 926 ineamationis,
659 851 901 914 nonnativitatis
915 851 1066 926 'tionem
1074 851 1253 915 habuerunt.
1276 854 1460 934 Progressus

19 1000 24 1008 ,
114 953 208 1037 usque
225 936 265 999 ad
280 937 465 1018 baptismum
471 937 590 1002 Christi
606 940 801 1022 quadriennio
818 947 942 1021 superat
951 959 1054 1002 aeram
1068 940 1253 1016 hodiernam,
1269 943 1377 1024 qnippe
1392 951 1460 1004 tra-

110 1023 202 1103 jectis
226 1025 416 1102 oonsulibus3
447 1045 621 1110 mrsumque
644 1029 684 1092 ad
708 1029 869 1092 triennium
899 1035 932 1090 et
955 1029 995 1095 ad
1018 1029 1170 1093 biennium
1193 1031 1281 1094 redit
1325 1031 1461 1094 Tandem

114 1113 225 1176 uitiato
243 1121 276 1176 et
285 1122 445 1180 contracto
461 1119 629 1184 seculorum
639 1119 748 1199 spatio,
765 1118 884 1193 alicubi,
900 1117 1018 1182 scilicet
1031 1136 1092 1181 uno
1108 1138 1187 1182 anne
1204 1120 1326 1196 extrito,
1341 1139 1408 1182 curn
1423 1120 1460 1183 iis

113 1201 144 1264 ιιι
159 1203 293 1282 gratiam
308 1203 398 1293 redit,
420 1206 470 1286 qui
485 1224 576 1270 unum
591 1225 702 1270 annum
717 1207 834 1270 addunt
849 1226 939 1270 aerae
956 1214 1097 1283 nostrae,
1119 1215 1297 1272 constanter
1311 1228 1405 1290 usque
1421 1209 1461 1272 ad

113 1291 202 1354 finem
219 1293 373 1356 annalium
389 1313 508 1358 suorum
522 1295 687 1377 professus,
703 1315 736 1360 se
753 1297 791 1360 ab
808 1315 880 1360 aera
894 1296 1043 1379 Dionysii,
1059 1315 1135 1378 quae
1151 1297 1240 1360 hodie
1257 1298 1383 1372 obtinet,
1399 1297 1460 1360 dif-

112 1379 208 1455 ferre,
227 1381 304 1446 nihil
322 1389 426 1446 motus
440 1385 651 1466 receptissimo
667 1385 777 1466 etjam
790 1392 863 1448 tuuc
879 1385 996 1467 aliquot
1010 1385 1179 1449 seculorum
1195 1394 1329 1448 amntem
1344 1385 1461 1450 ferente

113 1487 211 1545 more,
232 1471 411 1536 numerandi
433 1474 596 1537 secundum
616 1473 806 1578 Dionysium.
849 1475 938 1541 Illam
952 1475 1046 1556 igitur
1060 1476 1186 1538 Petrum
1202 1476 1323 1538 turbam
1339 1482 1461 1538 secutus

112 1565 221 1622 estex
241 1559 397 1624 hodiernis
416 1561 569 1644 losephus
592 1561 731 1645 Scaliger
753 1564 875 1646 ejusque
896 1564 982 1626 velut
1002 1563 1152 1667 interpres
1169 1563 1284 1627 Sethus
1300 1563 1461 1666 Caluisius,

112 1654 221 1712 auctor
236 1649 441 1730 chronologici
457 1651 556 1733 operis
571 1651 724 1730 luculenti,
744 1653 823 1735 quod
839 1653 879 1716 ad
892 1644 1115 1734 praescriptum
1130 1651 1289 1757 Scaligeri·
1297 1653 1461 1716 concinna·

112 1745 176 1798 tum
199 1743 262 1800 ιιι.
287 1739 337 1819 ιιι
358 1739 476 1804 utinam
495 1741 570 1804 illud
590 1741 693 1823 potius
715 1741 938 1823 expenderent,
960 1741 1067 1824 quibus
1089 1741 1289 1807 rationibus
1280 1742 1375 1806 annixi
1399 1742 1462 1804 sint

110 1825 236 1902 Patres,
259 1828 331 1910 quid
346 1837 538 1910 spectantes,
561 1830 631 1912 qnid
645 1841 706 1894 uon
721 1837 907 1912 spectantes,
922 1849 981 1912 qua
995 1831 1165 1897 intentione
1181 1833 1349 1906 affirment,
1372 1849 1460 1935 quam

112 1913 171 1996 qui,
186 1916 302 1997 quales,
317 1924 392 1999 quot
405 1937 527 1982 numero
543 1919 662 1984 ιιιιιιιι
687 1921 768 1984 Nam
783 1920 853 2002 quid
864 1919 956 2000 juvat
970 1937 1111 1984 numems
1127 1928 1160 1983 et
1175 1921 1353 1996 auctoritas,
1369 1920 1395 1983 si
1410 1939 1461 1984 res
1548 1995 1553 2004 ,

113 2003 212 2068 obiter
228 2004 339 2070 saltem
355 2007 509 2072 affirmata
524 2009 587 2071 sit?

200 2095 235 2158 ln
257 2095 437 2176 posterioris
459 2097 630 2162 sententiae
651 2097 870 2174 assertoribus,
893 2097 943 2180 qui
964 2097 1016 2161 42.
1030 2073 1165 2178 Augusti
1180 2098 1296 2160 habent
1318 2098 1357 2161 ab
1372 2097 1459 2162 initio

111 2183 292 2262 posteriori,
313 2185 498 2252 tricesimum
514 2185 629 2251 Christi
644 2187 820 2268 intelligunt
833 2187 1024 2262 inchoatum,
1045 2187 1191 2252 familiam
1214 2187 1323 2250 ducere
1339 2187 1460 2250 videtur

111 2271 278 2348 Eusebius,
300 2273 351 2355 qui
366 2271 512 2338 annorum
536 2273 694 2338 aChristo
716 2283 790 2340 nato
814 2276 923 2339 seriem
938 2275 1104 2357 explicavit
1123 2276 1154 2338 iu
1177 2295 1291 2338 canone
1308 2277 1460 2351 chronico,

112 2379 188 2442 qnae
212 2362 331 2426 auctior
354 2370 403 2425 est
422 2383 482 2426 une
505 2364 615 2439 saltem
636 2383 715 2426 anno
739 2382 828 2445 quam
853 2384 926 2428 aera
948 2365 1034 2428 nobis
1058 2365 1192 2438 usitata}
1223 2364 1460 2447 continuataque

111 2467 205 2532 usqne
222 2451 263 2514 sd
278 2471 388 2516 aunum
403 2448 476 2516 327.
494 2460 526 2514 et
540 2453 711 2516 vicennalia
720 2452 926 2518 Constantini.
958 2451 1048 2524 Quod
1062 2453 1142 2516 idem
1157 2461 1190 2515 et
1205 2453 1296 2516 aliter
1310 2461 1460 2517 testatum

111 2540 246 2621 reliquit,
269 2540 339 2604 dum
360 2539 498 2607 nimirum
519 2543 713 2606 nativitatem
729 2541 844 2607 Ohristi
867 2543 999 2606 collocat
1020 2543 1060 2604 ad
1075 2561 1185 2606 anuum
1207 2543 1237 2604 3.
1254 2542 1373 2625 Olymp.
1387 2543 1460 2620 194,

110 2647 192 2692 more
207 2630 338 2693 ludaico
361 2638 394 2694 et
415 2631 625 2696 eeclesiastico
641 2652 661 2692 a
675 2631 772 2694 Nisau
788 2632 838 2712 qui
852 2631 1011 2712 praecedit
1032 2630 1119 2694 ludos
1139 2630 1294 2712 inceptae,
1317 2640 1460 2713 utsupra
1541 2662 1545 2672 .

109 2717 176 2782 aliis
192 2718 340 2799 exemplis
357 2737 394 2782 ex
408 2720 476 2800 ipso
485 2720 618 2783 Eusebio
634 2721 889 2796 demonstratum
906 2739 1076 2802 quanquam
1091 2721 1137 2782 sui
1147 2719 1308 2784 dissimilis
1316 2721 1346 2782 in
1356 2721 1458 2784 histo-

108 2808 155 2870 ria
177 2807 391 2872 ecclesiastiea
414 2808 601 2874 Clementem
622 2809 863 2872 Alexandrinum
886 2816 1023 2884 secutus,
1047 2811 1176 2872 collocet
1199 2809 1327 2872 eandem
1342 2809 1459 2874 Christi

108 2897 305 2960 nativitatem
326 2898 366 2960 ad
381 2917 491 2961 annum
507 2899 559 2982 28.
573 2897 796 2978 Aegyptiorum
819 2905 851 2960 et
867 2898 911 2960 sic
934 2897 1143 2962 adicientem
1164 2898 1215 2960 43.
1230 2898 1383 2961 lulianum
1397 2919 1459 2961 una

109 3004 175 3049 eum
190 2986 350 3066 prioribus.
395 2986 458 3050 Sed
473 2988 577 3050 tritior
597 2993 647 3050 est
662 2987 746 3050 iacta
768 2987 833 3067 ejus
856 2986 956 3050 altera
971 2987 1125 3050 sententia
1145 2987 1212 3067 ipso
1229 3006 1319 3067 opere
1334 2987 1457 3051 chroni-

109 3093 211 3138 eorum
227 3095 384 3151 canonum,
401 3076 484 3156 eujus
495 3076 611 3140 'multus
627 3083 695 3140 erat
709 3095 792 3150 usus,
806 3093 918 3158 magna
932 3076 1059 3140 utilitas.
1070 3077 1196 3156 Itaque
1213 3083 1246 3138 et
1255 3077 1457 3158 Hieronymus

110 3172 142 3226 et
156 3165 300 3246 Prosper,
323 3165 550 3228 continuatores
564 3164 705 3239 Eusebii,
725 3165 776 3228 ille
792 3165 886 3228 etiam
908 3147 1086 3239 translator,
1107 3165 1165 3227 hoc
1180 3165 1231 3228 filo
1247 3173 1455 3246 peruenerunt,

106 3253 245 3317 historiis
261 3272 365 3315 aeram
381 3254 589 3316 adscribentes
612 3274 691 3317 anno
706 3272 765 3316 uno
781 3259 902 3316 tantum
918 3255 1082 3317 auctiorem
1098 3261 1219 3329 nostra,
1241 3253 1291 3316 ille
1307 3273 1444 3338 usque
1418 3255 1457 3315 ad

109 3361 221 3404 annum
235 3336 311 3418 379,
325 3343 375 3408 hic
390 3361 483 3424 usque
500 3343 539 3404 ad
555 3361 665 3404 annum
679 3341 753 3405 446.
787 3342 952 3406 Eusebium
967 3343 1205 3424 chrysostomus
1229 3349 1261 3404 et
1277 3341 1389 3406 Graeci
1405 3313 1457 3405 alii

108 3431 310 3514 posteriores,
333 3432 547 3514 Hieronymum
568 3431 759 3512 Augustinus
782 3439 814 3492 et
834 3429 938 3494 Latini
960 3431 1055 3494 veluti
1077 3431 1222 3495 classicos
1247 3437 1387 3494 auctores
1413 3432 1456 3494 sio

109 3527 292 3603 sequuntur,
313 3521 412 3603 utqui
428 3520 586 3584 chronicas
602 3520 797 3602 quaestiones
812 3519 981 3583 rectissime
1004 3519 1302 3601 tractaverint3ips1
1294 3519 1457 3600 judicium

110 3630 170 3674 non
191 3609 406 3692 interponunt,
428 3615 548 3672 tantum
563 3615 692 3689 accepta
714 3607 941 3689 aohronolegis
962 3609 1106 3670 refemnt
1149 3609 1252 3689 Atque
1268 3608 1324 3671 hos
1339 3627 1457 3671 rursum

109 3719 148 3762 ex
158 3698 320 3766 hodiernis
336 3699 431 3762 secuti
447 3705 519 3762 suut
534 3697 712 3762 Gerhardus
726 3697 882 3760 Mercator
897 3703 930 3760 et
943 3697 1125 3777 Buutingns‚
1147 3695 1312 3800 diligentes
1325 3698 1454 3760 chrouo-
1552 3761 1560 3772 ,

108 3787 185 3868 logi,
211 3788 266 3850 sed
289 3788 339 3870 ιιι
361 3788 497 3850 rationes
518 3786 709 3850 Eusebianas
731 3793 909 3866 spectantes
930 3784 1051 3854 interim
1072 3785 1147 3848 nihil
1167 3786 1253 3866 pensi
1277 3786 1456 3860 habuerunt,

109 3877 259 3960 quomodo
281 3877 428 3952 historias
452 3895 518 3940 curn
539 3875 708 3955 Evangelio
728 3873 933 3938 conciliarent
976 3874 1020 3938 Et
1040 3874 1160 3938 videtur
1180 3873 1329 3937 Eusebius
1352 3893 1455 3936 omues

110 3985 259 4072 sequaces
273 3965 333 4027 bac
341 3983 442 4028 unare
458 3963 627 4026 reddidisse
643 3983 774 4038 securos,
791 3964 869 4044 quod
885 3962 1122 4026 annosHerodis
1138 3957 1179 4026 37
1197 3981 1263 4025 cum
1274 3963 1322 4026 13.
1332 3963 1453 4026 Juliano

107 4055 256 4136 incipiens
277 4055 309 4118 in
323 4053 445 4116 Juliano
461 4047 513 4117 49.
527 4052 603 4128 finit,
622 4052 713 4134 plena
727 4052 845 4126 fiducia,
867 4051 1076 4114 securissimus
1090 4049 1233 4133 Joaephi,
1253 4051 1338 4114 velut
1352 4071 1385 4114 re
1399 4068 1454 4132 per

109 4165 142 4208 se
155 4143 272 4226 liquida
288 4151 321 4206 et
336 4143 426 4207 sacili
454 4144 533 4206 Nam
549 4162 612 4245 qur·
590 4141 762 4216 'viderunt
777 4140 908 4204 Herodis
924 4137 966 4205 37
983 4159 1079 4204 annos
1099 4140 1222 4204 extendi
1242 4141 1325 4204 ultra
1338 4141 1453 4203 nativi-

107 4241 204 4298 tatem
220 4230 339 4298 Christi
353 4231 612 4306 Eusebiauam,”
592 4251 628 4306 u,
650 4249 710 4294 non
726 4237 862 4304 attente,
885 4237 998 4310 quanto
1014 4229 1102 4292 eitius
1117 4230 1186 4292 illos
1199 4229 1375 4311 Josephns'
1367 4247 1452 4292 moe-

105 4325 193 4405 perit,
209 4322 292 4404 quod
307 4320 456 4384 Eusebius
472 4320 692 4384 dissimulatum
708 4319 828 4382 silentio
844 4319 1023 4394 transmisit,
1046 4319 1158 4382 nullum
1175 4319 1266 4380 etiam
1283 4317 1451 4397 scrupulum

106 4419 271 4476 senserunt
293 4410 376 4474 oirca
395 4409 562 4472 dissensum
584 4408 774 4474 Eusebianae
798 4406 1123 4483 christianistatis,
1147 4425 1223 4489 quae
1248 4407 1303 4468 sub
1327 4405 1449 4467 Herode
1536 4431 1538 4434 ·

104 4503 203 4578 ιιιιι,
225 4501 267 4564 ab
287 4498 420 4562 historic
439 4498 581 4579 Josephi,
605 4499 656 4579 qui
676 4496 828 4560 Herodem
853 4504 946 4560 antea
969 4504 1117 4561 mortuum
1142 4495 1272 4558 exhibet
1316 4493 1352 4556 ld
1374 4493 1450 4556 adeo

104 4610 222 4668 rerum,
244 4596 281 4653 ut
295 4587 386 4650 hodie
401 4587 564 4650 Eusebium
579 4605 669 4668 super
684 4586 769 4648 initio
785 4603 871 4666 regnu
862 4585 1016 4649 Herodis
1031 4605 1097 4648 curu
1112 4582 1247 4665 Josepho
1263 4581 1449 4646 committere

104 4681 240 4763 adeoque
262 4678 350 4741 illum
359 4677 517 4763 praeferre
534 4677 682 4751 audeant,
703 4675 755 4738 isti
777 4674 866 4737 fidem
888 4675 1050 4755 derogent,
1072 4673 1196 4754 perinde
1218 4691 1255 4734 ac
1278 4691 1303 4732 ιι
1295 4670 1392 4734 nihil
1410 4672 1450 4734 ad

105 4789 165 4834 reru
186 4773 328 4842 faceret,
358 4764 437 4847 quod
451 4765 600 4828 Eusebius
621 4765 769 4828 trecentis
792 4763 879 4826 aunis
900 4763 1053 4826 Herodem
1074 4763 1208 4842 adeoque
1231 4766 1263 4822 et
1282 4759 1448 4841 losephum

100 4868 224 4928 acutus
240 4855 386 4922 omuibus
400 4853 539 4918 veritatis
555 4853 749 4936 inquirendae
765 4852 860 4934 copiis
873 4851 1008 4933 losepho
1025 4857 1108 4914 esset
1123 4849 1253 4914 inferior.

1187 4949 1239 5003 23⁸
