3396 5540
267 266 329 323 418
790 259 898 322 llclogae
918 222 1064 308 chronicae.

266 437 306 500 dc
321 468 325 477 ·
341 433 635 518 opportunitatibus
673 433 810 496 rusticis,
861 433 946 496 l'era
975 433 1086 516 itaque
1116 431 1319 496 nihilominus
1350 439 1456 496 manet
1486 435 1576 499 blesis

265 524 369 602 litera,
402 525 526 587 hunam
549 543 618 584 esse
641 521 674 584 in
697 522 788 602 signa
812 527 843 584 et
866 541 991 584 menses
1015 529 1048 584 et
1070 521 1147 600 dies,
1180 522 1240 585 etsi
1263 521 1374 585 Lunae
1396 523 1477 585 ratio
1500 543 1574 587 nun·

265 634 364 694 qnam
391 612 424 674 in
452 610 679 676 calendarium
707 610 873 693 politicum
900 611 1088 692 recipiatur,
1125 615 1161 674 ut
1188 610 1276 694 apud
1304 609 1499 696 10100000οο0ι
1527 613 1578 696 qui

265 721 391 766 meuses
418 700 540 763 habent
571 705 619 774 18,
654 699 796 782 singulos
825 705 866 764 20
894 699 1028 764 dierum.
1075 697 1196 778 Quodsi
1223 697 1303 782 quid
1327 698 1436 764 valent
1463 703 1577 785 conjec-

264 797 367 864 turae,
392 808 496 852 annus
518 787 672 852 iudaicus
694 788 870 852 communis
899 787 1013 852 habuit
1044 791 1084 852 52
1110 788 1323 870 septimanas,
1354 787 1507 870 septimus
1532 795 1578 868 53,
1636 801 1639 808 ⁴

264 878 430 942 vicesimus
471 881 604 942 octavus
646 877 868 958 uuusquisque
911 884 962 942 04.
1027 877 1111 942 Nam
1145 881 1222 942 sunt
1255 875 1366 958 ahqua
1399 875 1515 942 indicia
1546 898 1580 941 ex

267 965 465 1032 Calendariis
497 963 599 1028 Exodi
630 971 662 1028 et
691 965 852 1046 ingressus
881 967 916 1029 in
940 967 1081 1044 Ganaan,
1113 986 1152 1028 ex
1174 965 1291 1047 quibus
1313 965 1439 1030 videtur
1459 964 1581 1050 probari

266 1075 368 1137 posse,
401 1059 498 1135 caput
517 1053 597 1123 ¹anni
621 1053 755 1118 eandem
778 1062 933 1136 perpetuo
956 1055 1069 1118 l'eriam
1090 1048 1278 1120 obtinuisse.
1324 1053 1391 1118 Nec
1414 1059 1463 1118 est
1485 1054 1579 1118 incre·

265 1143 370 1212 dibile.
403 1141 514 1206 Mosen
545 1141 578 1204 in
608 1145 754 1226 Aegypto
785 1143 868 1206 inter
899 1149 1036 1206 ceteram
1066 1163 1177 1206 eorum
1207 1141 1373 1206 seientiam
1403 1143 1501 1207 etiam
1527 1142 1582 1207 hoo

265 1232 420 1308 didicisse,
446 1252 565 1294 annum
589 1232 685 1296 Canis
709 1231 822 1312 quinto
846 1250 976 1313 quoque
999 1252 1084 1296 anno
1107 1251 1207 1313 supra
1228 1231 1297 1296 dies
1321 1237 1383 1296 365
1407 1251 1584 1296 excrescere

264 1321 297 1384 in
328 1319 413 1383 diem
443 1341 552 1384 unum.
598 1321 686 1384 Haec
716 1320 800 1382 enim
830 1319 919 1384 rudis
950 1319 1084 1384 scientia
1114 1319 1202 1402 apud
1224 1320 1311 1403 ipsos
1332 1320 1498 1402 antiquior
1519 1319 1582 1398 nat,
1682 1319 1683 1322 ’

266 1429 365 1490 quam
390 1413 505 1472 exacta
527 1409 664 1490 cognitio
687 1409 811 1490 periodi
833 1408 980 1472 Lunaris.

357 1497 469 1561 Esaias
499 1496 672 1579 exprobrat
703 1496 873 1562 Chaldaeis
903 1497 943 1580 (c.
968 1495 1033 1576 47),
1058 1495 1146 1579 quod
1169 1495 1375 1578 contemplati
1397 1495 1464 1562 sint
1486 1497 1585 1561 sidera

267 1592 300 1649 et
331 1587 577 1667 supputaverint
607 1607 743 1663 menses,
780 1591 817 1649 nt
848 1605 887 1648 ex
916 1586 955 1648 iis
984 1585 1180 1650 annuncient
1209 1585 1329 1649 lutura.
1382 1585 1488 1651 Valde
1517 1586 1584 1650 hinc

267 1674 435 1738 verisimile
457 1673 504 1750 fit,
532 1674 674 1738 Judaeos
695 1680 773 1737 tunc
795 1695 860 1738 non
882 1681 1073 1758 supputasse
1097 1693 1227 1738 cursum
1248 1673 1371 1752 Lunae,
1394 1695 1436 1738 00
1458 1675 1586 1757 speciem

267 1765 299 1826 in
323 1783 357 1826 se
380 1763 586 1826 admitterent
608 1763 702 1847 hujus
725 1763 851 1845 augurii
874 1763 1020 1827 coelestis
1042 1767 1213 1844 tantopere
1235 1761 1388 1844 prohibiti
1410 1763 1521 1844 (Dent.
1541 1768 1585 1827 ll.

269 1851 376 1914 cultus
400 1851 481 1916 Solis
506 1857 538 1916 et
560 1853 670 1916 Lunae
693 1851 776 1916 serio
798 1853 949 1932 vetatur),
972 1873 1037 1916 uon
1060 1857 1110 1916 est
1131 1851 1229 1932 igitur
1248 1849 1428 1931 verisimile,
1453 1847 1587 1916 Judaeos

269 1961 390 2004 annum
420 1945 623 2022 computasse
653 1939 830 2003 secundnm
860 1941 970 2008 Lunae
1001 1959 1138 2016 cursum,
1171 1945 1230 2004 aut
1259 1939 1343 2004 festa
1373 1940 1405 2002 in
1430 1939 1586 2004 novilunio

269 2027 456 2106 celebrasse,
480 2049 522 2092 00
545 2029 670 2094 Lunam
692 2029 725 2092 in
748 2029 858 2110 aliquo
882 2030 980 2114 uetito
1003 2029 1123 2092 honore
1144 2027 1265 2092 habere
1287 2028 1487 2094 viderentur.
1511 2030 1586 2092 h'am

270 2117 360 2198 quod
390 2117 497 2180 Solem
528 2118 653 2196 attinet,
687 2115 730 2180 ad
760 2139 856 2200 quem
886 2138 991 2182 annus
1022 2118 1165 2200 ipsorum
1185 2121 1265 2180 erat
1292 2117 1522 2193 conformatus,
1553 2137 1588 2180 ea

268 2207 352 2270 ratio
371 2210 439 2290 jam
453 2227 481 2270 a
504 2205 615 2270 mundi
633 2205 763 2270 exordio
783 2206 956 2271 duraverat
974 2205 1097 2288 fuitque
1116 2205 1274 2284 instituta,
1299 2205 1431 2288 quando
1452 2205 1587 2270 noudum

269 2294 338 2358 ulla
358 2293 543 2358 idololatria
566 2300 646 2358 erat.
677 2295 719 2359 Et
741 2294 910 2358 verisimile
933 2299 992 2374 est,
1015 2295 1186 2376 plerosque
1205 2301 1277 2376 post
1293 2295 1404 2358 Mosen
1420 2294 1586 2376 ignorasse,

271 2383 358 2446 unde
394 2401 479 2446 anno
515 2404 574 2446 sua
609 2391 694 2447 esset
732 2382 907 2464 longitudo.
953 2382 1203 2454 verisimilitudo
1226 2382 1301 2448 ista
1332 2382 1450 2446 nititur
1483 2383 1589 2446 ricinia

269 2470 378 2535 licitae
410 2470 561 2536 scientiae
592 2479 625 2536 et
655 2471 759 2536 illiciti
789 2471 920 2536 abusus.
966 2473 1050 2536 Nam
1072 2471 1127 2536 ubi
1150 2471 1315 2552 legislator
1337 2492 1403 2535 uon
1427 2471 1588 2536 manifeste

154 2625 160 2640 ,
270 2567 303 2622 et
326 2562 359 2623 in
382 2560 487 2642 specie
511 2560 687 2642 distinguit,
710 2561 755 2624 ibi
779 2559 818 2623 de
838 2560 911 2624 rudi
932 2560 1050 2642 populo
1070 2561 1315 2643 praesumimus
1338 2559 1429 2641 quod
1449 2580 1510 2623 nec
1528 2560 1588 2642 ipse

270 2649 457 2729 distinguat.
492 2649 682 2731 Exemplum
709 2655 757 2714 est
782 2649 876 2714 hodie
903 2649 936 2712 in
962 2647 1128 2713 intellectu
1154 2648 1319 2731 praecepti
1337 2649 1475 2714 ¹secundi
1496 2647 1589 2730 (apud

270 2735 449 2817 Hebraeos)
482 2736 522 2802 de
549 2737 766 2820 sculptilibus:
795 2737 851 2802 ubi
873 2737 991 2804 Judaei
1018 2737 1114 2820 plane
1137 2736 1265 2802 nullum
1287 2737 1410 2802 faciunt
1435 2735 1588 2820 sculptile.

240 2825 248 2896 ’,
271 2826 323 2892 Sic
346 2826 432 2904 olim,
455 2831 538 2890 teste
557 2827 705 2908 l'osepho,
729 2825 827 2908 plane
844 2847 885 2891 00
904 2826 1034 2910 quidem
1052 2826 1301 2908 negotiabantur
1320 2845 1393 2890 eum
1411 2825 1590 2908 longinquis

272 2921 305 2978 et
331 2914 384 2978 vix
410 2934 505 2995 aegre
531 2935 605 2978 cum
630 2915 782 2993 finitimis,
813 2915 891 2998 quia
912 2915 992 2998 ipsis
1013 2915 1221 2980 interdictum
1244 2919 1315 2978 erat
1337 2913 1499 2979 societate
1519 2934 1588 2997 gen·

271 3003 378 3078 tilium
401 3002 595 3067 connubiali.
639 3003 714 3068 Alia
735 3011 926 3086 argumenta
947 3025 1004 3087 pro
1026 3023 1112 3070 anno
1135 3003 1241 3069 Solari
1262 3001 1314 3066 hic
1336 3003 1464 3069 omitto.

360 3093 507 3156 Annum
536 3092 647 3173 itaque
674 3093 861 3156 hunarem
892 3099 971 3176 puto
1001 3100 1074 3174 pest
1097 3094 1274 3159 Persarum
1292 3091 1515 3156 monarchiam
1536 3089 1590 3156 suh
1682 3121 1683 3169 3

272 3178 501 3244 Macedonibus
519 3179 747 3244 mtroductum.
783 3181 958 3270 Postquam
978 3181 1062 3246 enim
1080 3180 1265 3246 Alexander
1283 3180 1368 3262 cepit
1387 3180 1588 3264 Babylonem,

273 3267 394 3332 invenit
424 3267 557 3350 eclipses
589 3289 610 3332 a
641 3277 704 3334 400
736 3269 829 3334 annis
860 3276 1039 3349 annotatas,
1072 3291 1158 3352 quae
1188 3267 1382 3351 allegatione
1414 3269 1541 3334 dierum
1563 3275 1591 3330 et

272 3351 430 3420 mensium
463 3358 732 3440 Aegyptiacorum
763 3357 998 3423 describuntur.
1047 3359 1137 3424 Tunc
1168 3358 1321 3440 Calippus
1352 3363 1386 3420 et
1419 3363 1495 3440 pust
1525 3379 1589 3420 eum

272 3444 476 3526 Hipparchus
500 3447 736 3524 constituerunt
759 3445 937 3511 doctrinam
961 3445 1000 3510 de
1022 3467 1097 3511 vero
1117 3467 1215 3510 cursu
1232 3447 1344 3510 Lunae
1365 3446 1588 3510 emendarunt·

272 3553 336 3613 que
368 3533 565 3598 Graecorum
596 3554 717 3600 annum
746 3536 907 3600 Lunarem
937 3535 1039 3616 longis
1069 3535 1210 3618 periodis
1232 3534 1437 3612 introductis,
1466 3535 1522 3598 ille
1545 3537 1589 3607 70,

178 3689 181 3698 ι
273 3621 324 3684 hic
342 3625 404 3686 340
421 3641 596 3702 annormn3
620 3629 718 3688 antea
733 3623 845 3688 breves
862 3623 983 3706 periodi
999 3632 1092 3688 erant
1103 3624 1136 3688 in
1148 3645 1219 3704 usu,
1241 3629 1279 3690 10
1293 3623 1375 3690 0018
1388 3625 1588 3695 annorum).

347 3706 547 3791 ¹Antiquitu‘s
577 3710 709 3794 quidem
738 3713 859 3778 Sidonii
889 3713 1146 3794 navigationibus
1176 3713 1275 3777 maris
1298 3711 1401 3776 Rubri
1429 3719 1464 3777 et
1487 3709 1589 3777 oceani

272 3795 393 3862 Persici
415 3799 545 3879 assueti,
578 3821 651 3864 cum
674 3801 828 3880 viderent,
860 3801 965 3865 fluxus
989 3807 1021 3864 et
1042 3801 1187 3866 refluxus
1209 3801 1307 3866 maris
1330 3801 1500 3865 circumire
1524 3819 1589 3862 cum
1680 3805 1681 3810 ’

271 3885 393 3950 lumine
415 3886 542 3968 Lunae,
564 3896 602 3953 ut
624 3890 820 3954 commodius
843 3890 1032 3971 navigarent
1054 3891 1109 3972 (aa
1130 3895 1167 3954 ut
1186 3891 1287 3956 Deam
1305 3909 1398 3953 suam
1418 3891 1588 3964 asarum,

273 3995 372 4056 quam
402 3974 458 4038 alii
487 3976 641 4058 Dianam,
674 3977 730 4042 alii
752 3979 877 4044 Lunam
895 3985 1027 4061 putant,
1060 3980 1204 4044 sanetius
1233 3976 1399 4058 colerent),
1435 3977 1589 4042 Lunarem

273 4083 394 4126 annum
424 4071 599 4144 coeperunt
629 4087 733 4148 agere,
765 4072 802 4131 ut
832 4067 959 4132 ridetur
989 4067 1093 4150 primi,
1125 4088 1264 4150 eumque
1294 4067 1328 4130 in
1357 4064 1470 4131 Indiae
1501 4064 1589 4130 etin

274 4151 442 4215 Graeciam
469 4152 693 4236 importarunt.
738 4156 787 4220 De
816 4156 904 4220 Indis
935 4161 1128 4241 conjectura,
1161 4156 1251 4240 quod
1280 4177 1320 4219 ex
1351 4155 1465 4222 Curtio
1495 4159 1587 4236 patet,

274 4260 348 4302 usos
375 4259 461 4304 0000
488 4240 609 4307 Lunari
636 4250 780 4327 tempore
807 4243 991 4324 Alexandri,
1025 4266 1098 4310 cum
1120 4245 1239 4310 Persae
1261 4243 1356 4308 ricini
1379 4243 1487 4308 Solari
1510 4260 1588 4306 anno

272 4334 452 4392 uterentur.
498 4330 561 4394 Sed
589 4332 675 4414 apud
704 4333 844 4399 Graecos
871 4353 1048 4415 eorumque
1077 4334 1207 4399 colonos
1229 4332 1339 4411 Italos,
1369 4351 1457 4414 quae
1479 4349 1589 4411 magua

274 4415 410 4480 Graecia
446 4415 531 4482 dicta
565 4420 641 4501 luit,
679 4422 811 4486 confusa
841 4427 911 4486 erat
941 4421 1017 4487 olim
1046 4422 1141 4508 hujus
1171 4422 1309 4488 Lunaris
1340 4420 1418 4485 anni
1448 4420 1530 4484 ratio
1559 4423 1588 4479 et
1679 4441 1680 4462 ³

334 4619 377 4686 ,*)
407 4625 477 4680 Hinc
498 4627 581 4680 etiam
602 4630 637 4682 ad
659 4629 778 4684 Graecos
799 4629 947 4700 importata
967 4633 1065 4704 religio
1088 4639 1117 4686 et
1131 4649 1211 4686 secra
1224 4631 1357 4686 Eleusina
1383 4629 1520 4690 Athenas,
1540 4639 1585 4676 seu

273 4701 372 4756 festum
393 4705 533 4760 trisultiae
553 4707 669 4769 Dianae,
696 4709 779 4762 tertio
800 4727 906 4780 quoque
928 4727 1007 4776 anno,
1029 4715 1136 4782 quando
1158 4715 1192 4766 ob
1213 4711 1334 4766 rationes
1356 4711 1451 4764 lmuae
1472 4719 1498 4760 et
1521 4704 1585 4758 sons
1678 4751 1679 4770 2

273 4782 370 4835 mensis
393 4783 428 4838 22
450 4785 554 4839 dierum
575 4787 797 4843 intercalabatur.
