3406 5542
628 317 710 384 equa
721 317 767 370 ιιι.
793 313 1010 372 mensuratis.
1423 299 1485 368 tot

146 463 179 520 ιι
193 457 378 522 Nehsmiae:
403 459 483 540 quod
496 458 576 522 idem
591 466 625 522 et
639 461 676 524 de
692 461 779 525 annis
793 462 882 526 Darii
895 461 1000 536 Nothi,
1007 415 1199 528 Artaxerxis
1214 461 1339 526 alterins
1355 467 1387 523 et
1402 462 1489 532 deni,-

143 565 201 630 que
221 545 309 610 Darii
327 545 517 610 Godomanni
545 549 635 612 datur
656 550 797 632 intelligi:
831 551 926 633 deque
948 550 1179 625 Macedonibus,
1204 551 1253 632 qni
1278 558 1490 615 successerunt

144 635 273 698 Persia'
264 655 296 700 m
311 638 507 717 possessione
521 637 667 712 iudaeae,
683 639 906 704 deAlexandro
922 659 964 702 ιο.
980 659 1006 720 e
992 659 1102 721 usqne
1118 640 1365 702 successorihus'
1357 659 1388 702 ιι
1398 638 1490 722 Syria

144 732 177 786 et
191 727 356 806 Aegypto,
379 744 454 808 qnos
469 727 549 789 inter
564 735 632 790 erat
647 728 789 792 diuturna
803 730 957 794 contentio
974 729 1010 791 de
1025 727 1199 803 Phoenicia,
1220 727 1406 804 Palaestina,
1430 730 1488 792 J
1453 750 1488 792 u

142 813 223 876 daea
237 821 365 894 totaque
388 813 464 877 aden
480 814 616 896 Syria,
602 835 668 895 Jam
683 815 852 880 Seleucidis
875 816 1129 881 dominantibus
1116 835 1181 897 Jam
1199 817 1415 895 Ptolemaeis.
1439 817 1490 881 Ita

141 902 212 965 libri
216 889 502 966 Macchabaeorum
516 912 642 980 utuntur
657 925 729 971 aera
740 904 925 990 Graecorum
940 913 994 970 ant
1004 901 1239 980 Seleucidarnm,
1254 905 1398 968 vitandae
1413 926 1488 970 con-

139 990 271 1054 tusionis
293 1011 387 1054 causa
409 993 621 1058 continuantes
644 1013 789 1068 annornm
811 1014 964 1060 numerum
995 995 1131 1076 aprima
1151 994 1238 1075 regni
1263 995 1488 1058 confirmatione

138 1099 196 1161 per
217 1079 273 1143 illa
294 1081 474 1146 familiarum
496 1082 622 1146 dissidia
644 1103 739 1166 usqne
759 1084 828 1146 ad
819 1085 976 1165 rmperinm
996 1085 1265 1158 Ηοιιιιιιιοιιιι.
1309 1069 1420 1146 Jesus
1415 1104 1487 1147 vero

137 1169 309 1251 Syracides
323 1170 419 1233 utitur
441 1171 527 1234 annis
549 1172 718 1248 Ptolemaei
731 1173 908 1254 Euergetis:
933 1181 1001 1236 erat
1015 1173 1095 1236 enim
1108 1171 1245 1254 Aegypti
1260 1173 1373 1247 incola,
1394 1192 1488 1252 penes

138 1277 232 1340 qnam
248 1265 371 1339 gentem
385 1257 554 1324 Ptolemaei
577 1280 637 1324 non
651 1262 824 1343 interrupta
847 1263 924 1326 serie
940 1281 1038 1325 rerum
1052 1262 1144 1342 potiti
1160 1267 1334 1343 cantusque
1350 1262 1390 1324 ad
1406 1259 1487 1324 Cae·

139 1367 240 1410 sares.
276 1349 404 1412 Interim
424 1348 640 1430 languescente
663 1351 801 1431 potentia
823 1351 1052 1426 Macedonum
1044 1371 1075 1414 ιι
1098 1350 1190 1432 Syrid
1210 1349 1380 1437 mutuisque
1397 1351 1488 1414 armis
1513 1353 1516 1358 '

138 1435 264 1511 attrita,
284 1455 352 1500 cum
367 1445 503 1500 coortum
519 1447 603 1502 esset
617 1457 726 1504 novum
741 1440 771 1504 in
787 1440 965 1504 Palaestina
979 1459 1104 1520 regnum
1118 1440 1406 1502 Macchabaeorum:
1429 1439 1488 1501 Ju-

137 1525 211 1588 daei
226 1525 398 1589 Palaestini
413 1525 453 1588 ad
467 1545 578 1590 morem
601 1528 756 1600 redierunt
770 1529 946 1594 numerandi
960 1547 1015 1610 per
1029 1548 1126 1592 annos
1141 1528 1268 1609 primum
1283 1527 1430 1602 Simonis,
1453 1535 1488 1591 nt

135 1615 170 1678 ιι
185 1614 414 1690 macchabaeis,
430 1615 674 1682 deindeloannia
683 1618 819 1699 Hyrcani
833 1636 995 1700 regumque
1012 1617 1236 1684 succedentium
1251 1637 1290 1680 ex
1303 1617 1363 1681 hac
1373 1617 1487 1682 familia
1564 1677 1576 1696 ,

136 1721 236 1784 nsque
254 1703 501 1784 adAntigonum
516 1705 604 1786 hujus
619 1707 750 1772 familiae
760 1707 907 1771 iudaicae
922 1707 1067 1781 nltimam,
1083 1715 1116 1769 et
1130 1706 1181 1788 qni
1195 1707 1274 1770 hunc
1290 1724 1384 1787 regno
1401 1707 1488 1768 simul

137 1801 174 1856 et
187 1793 257 1856 vita
269 1791 476 1856 Romanorum
491 1813 547 1875 ope
562 1795 714 1875 spoliavit,
727 1796 1077 1870 Herodemldnmaenm3
1102 1795 1185 1875 οιιιιιι
1202 1802 1238 1858 ιιι
1251 1802 1283 1858 et
1299 1802 1371 1860 ante
1387 1795 1487 1858 dicto-

137 1901 206 1944 rum
228 1899 371 1944 nnmems
394 1901 537 1946 annorum
553 1885 637 1964 regni
657 1885 689 1948 in
711 1885 816 1950 crabro
840 1904 897 1950 ιιι
912 1893 962 1948 ιιι
983 1885 1064 1966 apud
1077 1884 1244 1965 Josephnm
1265 1904 1365 1947 rerum
1378 1885 1487 1948 Judai·

137 1989 244 2033 carum
267 1968 453 2052 scriptorem.
498 1972 582 2036 Idem
602 1991 668 2036 mos
690 1975 771 2055 apud
784 1974 919 2038 Judaeos
941 1974 1040 2054 tenuit
1061 1973 1155 2038 etiam
1178 1981 1315 2054 tempora
1331 1973 1489 2053 sequentia

137 2059 347 2139 Romanorum
362 2060 585 2142 imperatorum,
600 2062 797 2138 dinumeratis
813 2064 892 2129 enim
904 2063 1050 2128 Archelai
1066 2063 1118 2124 tilii
1132 2063 1265 2126 Herodis
1280 2062 1367 2126 annis
1384 2062 1488 2124 decern

137 2154 174 2211 nt
188 2144 393 2224 ethnarchae,
413 2156 574 2232 postquam
596 2151 648 2215 illo
664 2151 695 2215 in
717 2153 838 2216 exilium
853 2153 951 2232 ejecto
966 2153 986 2215 J
988 2152 1086 2220 udaea
1101 2150 1210 2234 Syriae
1233 2151 1408 2214 contributa
1422 2151 1488 2226 fuit,

138 2257 178 2300 ex
193 2257 231 2300 eo
247 2245 384 2318 tempore
398 2239 558 2320 Angustus
572 2247 785 2321 procuratores
800 2242 832 2304 in
845 2242 994 2306 Judaeum
1009 2241 1100 2315 misit,
1117 2239 1166 2322 qui
1179 2240 1379 2322 ierosolymis
1394 2259 1487 2321 prae-
1511 2285 1513 2291 -

4 2348 7 2357 ·
134 2326 277 2391 siderent
291 2327 359 2390 loco
375 2345 491 2408 regum:
509 2337 744 2394 consentancum
758 2331 851 2412 igitur
861 2338 918 2406 ιιι,
933 2331 1087 2410 inceptum
1100 2337 1173 2392 tanc
1188 2347 1303 2392 morem
1311 2329 1488 2404 numerandi

139 2435 196 2496 per
218 2435 316 2482 annos
337 2417 479 2496 Augusti.
523 2419 604 2482 Nam
623 2417 765 2500 Augusto
788 2426 906 2482 mortuo
929 2439 983 2500 per
998 2417 1110 2482 Tiberii
1133 2419 1317 2480 successoris
1339 2436 1435 2480 annos
1456 2418 1488 2480 in

137 2505 260 2568 Judaea
280 2513 471 2568 numeratum
492 2525 559 2570 esse
584 2525 623 2570 ex
637 2508 722 2571 Luca
743 2517 777 2571 et
789 2508 925 2589 Josepho
947 2509 1015 2588 plus
1038 2526 1128 2590 quam
1149 2507 1343 2569 manifestum
1366 2513 1430 2581 est,
1452 2512 1488 2568 ut

137 2594 219 2658 inira
234 2595 338 2674 capite
354 2594 402 2657 13.
425 2595 519 2670 fusius
541 2597 666 2660 dicetur.
712 2599 777 2668 Hoc
799 2615 871 2660 vero
883 2597 1060 2666 nativitatis
1077 2595 1193 2660 Christi
1216 2604 1352 2676 tempore
1366 2596 1487 2659 iudaea
1581 2619 1586 2628 ι
1633 2553 1640 2564 .

138 2683 239 2746 adhuc
255 2689 323 2746 erat
337 2684 425 2747 unius
437 2684 590 2748 Herodis
582 2687 707 2765 imperio
724 2686 854 2753 subdita.

226 2771 316 2834 Hunc
330 2773 424 2853 igitur
438 2774 679 2880 vulgatissimum
701 2793 814 2838 morem
830 2775 995 2838 observans
1018 2775 1109 2837 etiam
1123 2772 1369 2854 Evangelista
1345 2792 1389 2836 aro
1410 2773 1487 2837 scri-

139 2861 195 2924 bic
222 2858 303 2924 ctas
322 2867 417 2932 nahts
436 2871 515 2936 esset
533 2862 666 2926 Jeeas
651 2885 686 2926 ιιι
706 2861 1213 2938 &momentanearum
1233 2861 1376 2926 Herodis
1395 2863 1487 2945 repis.

135 2949 238 3012 Erant
251 2950 361 3034 quippe
378 2958 411 3012 et
425 2950 477 3012 alii
487 2951 634 3028 Herodes,
649 2953 779 3016 Herodis
794 2953 876 3034 regis
891 2950 978 3026 iilius,
994 2953 1041 3015 ιιι
1055 2960 1127 3032 post
1142 2960 1269 3014 mortem
1286 2951 1393 3032 patris,
1409 2969 1487 3054 qnae

136 3039 333 3102 nativitatem
350 3037 467 3102 Christi
482 3049 589 3104 secuta
604 3050 654 3104 est
668 3043 812 3122 proxime,
827 3043 952 3106 obvenit
967 3041 1109 3104 Galilaea
1125 3048 1157 3102 et
1166 3041 1296 3116 Peraea
1311 3058 1384 3121 pars
1399 3040 1485 3120 regni

135 3127 244 3209 patrii,
266 3146 326 3192 non
340 3125 422 3208 regis
438 3128 493 3192 sed
509 3131 682 3216 tetrarchae
698 3133 796 3196 titulo.
841 3131 889 3194 Ne
905 3131 1009 3211 itaque
1026 3149 1109 3192 error
1125 3149 1158 3192 se
1173 3129 1365 3193 insinuaret
1357 3149 1388 3192 ιι
1404 3137 1485 3192 tem-

135 3235 210 3298 pote
226 3215 266 3279 ob
282 3217 411 3280 confinia
427 3219 640 3294 successionis,
655 3220 773 3284 addidit
785 3221 966 3284 Matthaeus
982 3219 1125 3294 dilucide,
1141 3227 1262 3300 ternpus·
1263 3220 1331 3282 ibus
1345 3217 1488 3284 Herodis

136 3303 214 3384 (non
238 3306 413 3372 tetrarchae
436 3301 505 3386 sed)
527 3310 620 3389 recia.
665 3308 717 3378 Sic
739 3309 840 3372 Lucas
862 3308 1064 3390 Evangelista
1094 3265 1254 3370 historiam
1279 3307 1486 3388 conceptionis

134 3395 267 3458 Joannis
282 3395 455 3475 Baptistae,
478 3415 554 3478 qnae
570 3397 764 3460 nativitatem
780 3395 895 3461 Christi
914 3397 953 3460 lli
969 3397 1122 3460 mensibus
1136 3396 1315 3477 praecessit,
1330 3396 1376 3458 sic
1393 3413 1484 3458 exor-

136 3484 233 3546 ditur:
255 3483 337 3547 Fata
350 3484 386 3548 ιιι
399 3485 509 3548 dietata
522 3484 665 3550 Herodis
677 3487 763 3568 repis
777 3485 924 3548 Iudaeae
938 3485 1086 3548 sacerdos
1101 3485 1245 3566 quidam,
1269 3485 1327 3561 cic.
1344 3484 1485 3559 Herodis,

136 3573 245 3655 inquit,
260 3572 398 3636 Judaeae
414 3575 505 3654 regis,
520 3594 581 3638 non
595 3575 770 3640 tetrarchae
787 3573 947 3638 Galilaeae
964 3582 996 3636 et
1010 3575 1154 3636 Peraeae.

223 3662 343 3725 Morem
357 3662 514 3743 vulgatum
530 3664 730 3729 observarunt
743 3663 970 3742 Evangelistae,
985 3672 1021 3724 ut
1036 3663 1106 3738 dixi,
1130 3661 1321 3726 describendi
1336 3681 1401 3726 rem
1415 3663 1483 3726 fac-

136 3759 201 3814 tam
215 3767 273 3832 per
288 3752 569 3818 circumstantiam'
561 3753 678 3832 imperit
670 3752 832 3816 Ἠιιοιιιι
849 3771 909 3816 non
925 3753 1207 3816 observanmtvero
1223 3751 1272 3814 hio
1289 3751 1483 3854 exprimendo

135 3847 252 3904 certum
267 3827 726 3922 annorumimperiinumerum:
750 3841 941 3923 nequeenim
957 3840 1147 3915 addiderunt,
1163 3848 1255 3921 quoto
1272 3859 1351 3903 anno
1367 3839 1484 3922 imperii
1518 3837 1524 3842 ”

135 3927 200 4008 οιιι
223 3935 316 3992 natus
339 3927 380 3992 sit
403 3927 552 3994 Christus.
598 3928 700 3994 Causa
721 3937 756 3992 ut
776 3930 809 3992 id
829 3929 1002 4004 omiserint,
1023 3929 1100 3992 haec
1122 3929 1216 3992 inisse
1236 3929 1373 3992 videtur:
1404 3927 1484 4010 quod

134 4017 350 4098 discipulorum
372 4015 488 4082 Christi
511 4018 570 4092 illi,
594 4039 614 4081 a
638 4019 743 4101 quibus
766 4019 932 4082 suscitatus
954 4027 1003 4082 cst
1024 4017 1062 4080 D.
1084 4017 1202 4094 Lucas,
1232 4018 1304 4100 quin
1329 4026 1361 4082 et
1384 4027 1484 4080 mater

135 4105 261 4182 Christi,
278 4107 456 4170 beatissima
470 4107 556 4188 virgo
579 4101 666 4187 (nam
688 4115 720 4170 et
735 4127 802 4172 cnm
816 4107 868 4172 iila
883 4108 1002 4170 locutus
1026 4113 1075 4168 est
1089 4105 1128 4169 D.
1142 4105 1252 4182 Lucas,
1269 4107 1377 4189 qnippe
1393 4123 1483 4188 quam

133 4196 309 4276 depinxisse
325 4190 436 4276 iertm)
452 4196 500 4259 vel
516 4215 667 4278 nunquam
681 4197 888 4280 impresserint
903 4196 1064 4260 memoriae
1088 4195 1137 4258 vel
1152 4216 1212 4260 non
1233 4193 1482 4272 conservaverint

134 4284 164 4346 in
177 4305 215 4347 ea
231 4287 350 4347 certum
364 4292 397 4346 et
411 4285 579 4364 praecisum
595 4305 705 4348 annum
719 4286 836 4366 irnperii
850 4285 997 4360 Herodis,
1017 4285 1066 4348 vel
1090 4293 1172 4349 certe
1196 4305 1255 4348 non
1278 4282 1482 4348 indicaverint

133 4373 369 4456 Evangelistae,
370 4409 374 4416 ·
391 4381 502 4438 utrem
517 4394 578 4439 non
600 4374 759 4440 admodum
774 4375 985 4450 necessariam,
1008 4375 1154 4450 contenti,
1175 4374 1326 4436 indicasse
1343 4377 1481 4433 extrema

134 4470 279 4544 tempora
287 4461 421 4526 Herodis
437 4463 526 4543 regis.
555 4463 635 4528 Nam
650 4463 811 4528 verisimile
827 4473 885 4539 est,
900 4463 1014 4528 Lucam
1025 4463 1256 4544 Evangelistam
1270 4479 1331 4522 non
1347 4458 1479 4522 cmissa-

133 4571 195 4616 tum
210 4551 307 4616 icisse
322 4569 477 4614 numerum
493 4570 637 4616 annorum
651 4571 737 4634 regni
728 4552 885 4628 Herodis,
901 4572 927 4616 ιι
918 4551 1025 4616 illum
1033 4571 1072 4615 ex
1081 4551 1197 4614 idoneis
1208 4547 1380 4612 auctoribus
1397 4546 1479 4608 didi

133 4642 240 4716 cisset;
272 4639 456 4744 praesertim
478 4659 513 4702 eo
528 4641 594 4722 ipso
618 4642 702 4717 loco,
724 4661 782 4724 qno
798 4641 835 4705 de
855 4641 1052 4723 conceptione
1074 4647 1107 4704 et
1125 4638 1290 4704 nativitate
1311 4633 1426 4698 Christi
1448 4643 1481 4697 et

132 4729 343 4811 praecursoris
358 4728 561 4808 ejnsJoannis
577 4731 651 4812 agit.
675 4732 779 4796 Nam
770 4751 802 4794 ιι
818 4728 1021 4810 descriptione
1040 4728 1184 4810 baptismi
1198 4723 1335 4800 ioannis,
1350 4730 1385 4784 ut
1399 4722 1479 4787 infra

132 4821 285 4902 copiosius
302 4817 504 4898 exphcabrtnr
514 4837 579 4901 cap
591 4821 641 4894 13,
657 4839 760 4884 curam
768 4821 875 4886 harum
883 4838 981 4882 rernm
991 4815 1221 4892 demonstravit,
1236 4830 1381 4894 expresso
1392 4819 1477 4875 certo

1216 4915 1267 4969 19
