3406 5542
625 313 787 381 caperat
821 314 928 368 namra
939 295 988 368 fa.
1414 299 1479 368 307

130 453 209 518 disse
219 453 463 538 iuCleopatram
470 455 608 540 Aegypti
623 459 760 540 reginam
776 457 862 542 eique
877 459 1040 524 adamatae
1050 460 1181 542 turpiter
1198 463 1358 538 serviisse3
1381 463 1479 527 altero

129 543 238 606 deiude
254 564 336 609 anuo
353 545 476 628 Syriam
492 565 665 629 occupasse
679 548 825 612 Parthos.
855 548 941 614 Haec
958 549 1001 612 sic
1015 550 1160 612 Romani:
1192 551 1358 615 Caesarem
1380 569 1483 634 pugna

127 631 305 714 Philippica
311 643 516 698 revertentem
537 636 568 700 iu
586 637 708 702 Italiam
724 655 803 702 anuo
819 639 850 700 4.
865 638 925 702 Jul.
941 640 1063 702 morbus
1086 647 1135 702 est
1150 648 1335 716 remoratus;
1358 641 1482 704 tandem

128 719 260 785 Romam
283 724 370 787 veuit
389 725 512 787 consule
533 724 634 789 Lucio
649 727 778 790 Antonii
800 728 910 801 fratre,
932 728 990 791 hoc
1007 735 1055 790 est
1077 748 1156 792 anno
1173 729 1202 792 t.
1236 731 1302 792 Nec
1318 730 1367 792 diu
1384 731 1482 806 stetit,

108 817 196 873 'cnm
210 811 324 875 Puluis
337 831 418 876 uxor
430 814 559 878 Antonii
583 815 747 896 consulque
761 815 874 878 Lucius
895 814 1062 880 Caesarem
1082 818 1185 880 multis
1209 819 1481 904 obtrectationibus

128 908 276 963 vexatum
291 900 419 983 denique
446 903 568 966 hostem
584 905 730 967 lecerunt
764 905 845 969 Belli
868 912 1034 986 apparatus
1057 913 1126 968 totu
1140 907 1233 970 Italia
1253 925 1309 987 per
1331 915 1482 970 aestatem

128 989 228 1064 incre,
255 990 386 1055 Antonii
405 999 512 1056 contra
528 992 699 1057 Caesarem
716 1011 754 1055 ex
772 992 885 1057 Galliis
901 993 1043 1058 advocati
1065 997 1216 1058 exercitus
1237 996 1312 1058 duce
1326 997 1481 1072 Ventidio,

127 1078 199 1140 dnm
212 1079 337 1143 interim
350 1081 505 1146 Antonius
526 1081 557 1145 iu
572 1083 733 1164 Aegypto,
756 1101 896 1165 quorsum
910 1083 990 1147 Asia
1014 1083 1202 1165 depraedata
1224 1103 1290 1146 cum
1314 1084 1481 1165 Cleopatra

127 1167 237 1248 regina
252 1185 293 1230 er
308 1168 417 1234 Cilicia
431 1170 490 1232 fine
507 1171 578 1234 anui
593 1171 623 1235 4.
640 1171 856 1248 descenderat,
879 1189 980 1234 amore
995 1172 1158 1254 implicitus
1175 1175 1312 1254 quiescit,
1333 1174 1406 1237 nihil
1423 1175 1480 1236 ad-

122 1257 203 1337 jutis
225 1255 390 1340 provinciis
412 1257 509 1341 Syria
528 1267 560 1322 ct
579 1259 671 1335 Asia,
700 1279 775 1344 quas
797 1261 906 1324 Parthi
934 1261 1119 1326 invaserant.
1170 1263 1318 1343 Tempore
1348 1263 1481 1326 autumni

126 1344 248 1410 Caesar
269 1347 415 1410 Perusiae
437 1348 564 1414 Lucium
587 1349 755 1426 concludit,
780 1350 832 1412 ubi
852 1350 970 1413 dumis
993 1351 1164 1428 obsidetur,
1184 1351 1294 1414 Fulvia
1314 1351 1481 1414 Antonium

126 1436 269 1500 maritum
284 1455 340 1517 per
353 1437 460 1500 literas
476 1455 514 1500 ex
528 1438 673 1522 Aegypto
688 1447 781 1503 vocat
795 1439 826 1502 iu
840 1440 972 1502 ltaliam.

64 1519 66 1526 ’
216 1525 265 1587 De
281 1527 372 1588 rebus
386 1527 569 1592 Parthorum
583 1530 614 1592 in
629 1529 749 1592 Judaea
765 1527 862 1610 gestis
876 1547 996 1592 rursum
1009 1529 1031 1591 J
1033 1529 1146 1609 osepho
1163 1547 1229 1592 cnm
1242 1528 1480 1593 Romaniscon-

125 1613 214 1676 venit
238 1615 441 1678 exactissime.
487 1615 616 1682 Coenum
639 1617 767 1684 Antonii
794 1619 929 1700 legatum
949 1617 1066 1682 Saxam
1097 1613 1177 1698 (Jos.
1205 1611 1333 1698 Seram)
1358 1617 1481 1680 Didium

124 1703 161 1765 In
177 1703 359 1768 Palaestina
375 1703 517 1787 Hyrcano
541 1707 679 1789 deposito
695 1708 828 1770 Parthos
843 1707 1031 1788 Antigonum
1055 1723 1158 1786 regern
1180 1707 1304 1770 iecisse:
1326 1706 1480 1786 Josephus

126 1791 184 1867 cit,
208 1801 360 1875 occupata
373 1794 394 1857 J
395 1795 564 1878 erosolyma
578 1804 757 1878 pentecoste
773 1803 914 1878 receptos
929 1797 1119 1860 Ptolemaide
1136 1803 1169 1859 et
1189 1795 1317 1870 Sidone,
1339 1795 1481 1858 exclusos

126 1881 219 1962 Tyro.
249 1883 357 1946 Multis
373 1884 480 1946 deiude
495 1885 679 1949 Parthorum
693 1893 727 1948 et
735 1885 866 1948 Herodis
882 1885 1051 1950 actionibus
1069 1885 1366 1966 profectionibusque
1382 1885 1480 1946 iuter-

124 1970 246 2052 positis,
262 1977 295 2033 ct
308 1973 431 2036 Malcho
446 1973 582 2038 Arabiae
597 1993 669 2056 rege
685 1975 800 2038 frustra
816 1974 854 2037 de
869 1975 989 2038 auxiliis
1004 1983 1124 2056 rogato,
1141 1975 1222 2058 quod
1236 1972 1376 2037 studeret
1389 1971 1480 2034 rebus

124 2059 282 2124 Parthicis
298 2056 420 2143 (quibus
430 2063 522 2127 rebus
532 2071 769 2128 consentaneum
784 2071 841 2140 est,
857 2064 928 2128 anni
943 2063 1206 2148 quintireliquum,
1222 2081 1342 2125 meuses
1359 2061 1481 2124 circiter

125 2143 219 2212 'iant
241 2149 263 2212 8
285 2147 477 2233 transactos)
499 2153 652 2217 Herodem
674 2153 789 2236 legisse
814 2155 845 2218 in
866 2155 1052 2235 Aegyptum.
1090 2151 1149 2216 sie
1166 2159 1199 2214 et
1220 2152 1260 2212 de
1282 2150 1479 2231 provectione

123 2237 255 2304 Antonii
275 2241 426 2304 convenit
470 2242 625 2306 Antonius
639 2243 763 2306 ineunte
786 2261 866 2306 anno
881 2243 937 2306 Vl.
952 2244 1065 2325 Tyrum
1087 2239 1260 2322 navigavit,
1283 2237 1370 2320 qnasi
1385 2238 1479 2302 resti-

124 2334 213 2391 turus
235 2328 376 2405 Parthisr
412 2331 516 2413 itaque
536 2332 689 2412 Josephus
712 2332 771 2395 ait:
803 2331 957 2394 Herodem
986 2349 1047 2396 nou
1071 2329 1223 2394 invenisse
1248 2327 1418 2391 Antonium
1447 2327 1480 2390 in

124 2417 279 2499 Aegypto.
310 2418 362 2482 Ad
377 2421 489 2502 Tyrum
506 2421 584 2483 cuim
600 2421 753 2485 Antonius
770 2421 907 2501 acceptis
922 2421 1026 2483 uxoris
1039 2417 1165 2482 thiriae
1179 2417 1288 2492 literis,
1303 2435 1371 2479 curn
1385 2433 1479 2497 pras·-

124 2514 213 2570 terea
227 2507 326 2589 impar
340 2516 426 2572 asset
439 2506 548 2591 Syriae
563 2510 752 2585 liberandae,
775 2509 1033 2590 circumnavigata
1047 2507 1126 2571 Asia
1140 2505 1276 2586 perrexit
1297 2505 1328 2568 in
1347 2505 1479 2569 italiam.

123 2595 192 2658 Hoc
213 2595 245 2658 in
259 2597 368 2660 itinere
393 2598 508 2662 audivit
524 2600 561 2663 de
576 2598 704 2662 Perusia
726 2599 845 2674 dedita,
868 2598 947 2680 quod
963 2599 1077 2661 factum
1098 2602 1170 2676 post
1186 2593 1252 2658 Cal.
1267 2594 1337 2657 Jan.
1354 2594 1425 2657 anni
1441 2592 1462 2658 6
1468 2613 1478 2669 ;

123 2684 234 2768 quibus
255 2685 367 2750 deditis
390 2686 507 2751 Caesar
528 2688 662 2752 excurrit
682 2687 713 2750 in
736 2685 870 2763 Callias,
898 2693 934 2748 ut
956 2694 988 2748 et
1008 2685 1162 2766 Josephus
1184 2689 1299 2746 narrat.
1344 2683 1478 2746 Athenis

123 2773 280 2838 Antonius
298 2775 420 2840 obviam
435 2777 689 2841 habuitPulviam
705 2795 771 2839 cnm
781 2775 936 2850 Ventidio,
951 2775 1104 2856 fugientes
1120 2773 1261 2836 exItalia
1277 2779 1349 2854 post
1364 2773 1481 2836 factam

123 2863 319 2927 deditionem.
352 2863 518 2932 Caesarem
534 2867 627 2948 igitur
642 2867 762 2929 hostem
777 2867 859 2940 fecit,
875 2873 909 2927 et
922 2872 1010 2928 recta
1025 2863 1175 2943 navigans
1190 2861 1222 2924 in
1237 2861 1360 2926 Italiam
1374 2861 1480 2925 Brun-

123 2951 243 3014 dusium
259 2953 388 3016 obsedit
418 2956 525 3037 Itaque
540 2955 694 3037 Josephus
711 2955 770 3031 ait,
793 2974 850 3037 quc
865 2953 1006 3018 Herodes
1023 2959 1159 3034 tempore
1177 2951 1217 3013 ad
1233 2948 1432 3030 Cleopatram
1447 2950 1480 3014 in

122 3042 300 3123 Aegyptum
322 3044 425 3119 veuit,
446 3045 652 3108 turbulentum
672 3044 733 3107 illis
751 3042 861 3107 Italiae
878 3048 993 3104 statum
1014 3041 1205 3104 nunciatum:
1227 3039 1382 3103 Herodem
1404 3038 1479 3101 nihil

122 3131 224 3192 secius
239 3149 421 3212 properasse
435 3132 467 3196 in
481 3133 612 3208 Italiam,
634 3133 770 3215 quamvis
783 3131 955 3214 procelloso
970 3131 1061 3206 mari,
1084 3130 1128 3194 sic
1144 3137 1180 3192 ut
1189 3128 1346 3209 jacturam
1361 3129 1481 3190 faceret

125 3227 162 3282 et
172 3217 276 3282 Rhodi
292 3239 401 3284 navem
416 3221 507 3286 aliam
522 3222 706 3286 aedificaret

217 3308 344 3374 Interim
367 3309 500 3374 Caesare
524 3329 561 3374 ex
586 3311 697 3375 Galliis
718 3327 842 3372 reverso
863 3327 972 3390 pacem
993 3306 1111 3371 iaciunt
1124 3305 1281 3370 Antonius
1304 3313 1338 3368 et
1358 3303 1476 3368 Caesar

122 3399 289 3479 partitique
310 3398 483 3481 provincias
503 3401 541 3462 de
563 3419 657 3477 novo,
683 3387 836 3463 Antonius
858 3397 1020 3460 confestim
1042 3395 1140 3458 mittit
1163 3393 1344 3458 Ventidium
1369 3401 1479 3459 contra

124 3487 269 3550 Parthos.
315 3487 368 3550 Sic
391 3487 478 3552 amici
500 3490 574 3552 raeti
597 3488 714 3553 Caesar
732 3495 767 3550 et
786 3487 940 3550 Antonius
962 3485 1092 3548 Romam
1114 3483 1241 3546 veniunt
1263 3483 1345 3548 circa
1369 3501 1407 3544 ae
1429 3482 1479 3546 ui·
1615 3549 1617 3556 ,

121 3577 256 3638 noctium
272 3595 412 3640 vernum:
434 3577 571 3659 intellige
592 3577 685 3660 paulo
705 3583 786 3638 ante.
830 3577 938 3656 ltaque
953 3574 1107 3654 Josephus
1122 3572 1277 3636 Herodem
1300 3571 1346 3633 ait
1360 3571 1392 3632 in
1408 3501 1477 3633 Ata-

123 3665 196 3729 liam
218 3665 357 3742 venisse,
380 3685 446 3732 cum
456 3667 522 3748 jam
543 3667 728 3748 praemissus
744 3671 828 3728 asset
842 3663 1006 3726 Ventidius
1028 3669 1137 3725 contra
1151 3660 1287 3725 Parthos
1310 3668 1342 3722 et
1359 3659 1478 3730 Caesar

122 3754 339 3836 Antoniusque
354 3753 471 3820 Romae
487 3757 583 3818 amice
599 3756 753 3836 degerent

213 3844 250 3906 In
267 3843 468 3925 dispositione
482 3845 702 3926 provinciamm
719 3842 824 3906 similis
841 3841 1024 3904 consensus
1039 3837 1194 3903 Antonius
1210 3839 1289 3900 enim
1304 3837 1478 3919 provincias

120 3951 192 3996 suas
207 3933 323 4013 partim
339 3933 452 4015 legatis
473 3934 586 4015 partim
600 3933 722 4016 regibus
737 3931 908 3994 tributariis
929 3929 1099 4002 distribuit,
1123 3927 1203 3990 iuter
1226 3935 1347 3992 ceteros
1361 3924 1479 3990 Herodi

119 4023 296 4085 Idumaeam
319 4029 352 4084 et
367 4023 553 4097 Samariam,
574 4030 683 4086 senatu
707 4028 778 4086 acte
800 4021 896 4102 ipsius
917 4027 989 4082 rata
1009 4017 1152 4080 habente.
1191 4015 1244 4080 Sic
1266 4015 1412 4090 Romaui;
1445 4021 1478 4077 et

118 4111 289 4193 Josephus:
313 4111 466 4174 Herodem
486 4129 628 4182 narrasse
642 4109 780 4174 Antonio
796 4117 887 4190 gesta
903 4107 1019 4190 aliquot
1033 4106 1180 4168 mensium
1202 4105 1234 4168 iu
1250 4104 1386 4168 interiori
1402 4123 1476 4184 pro-

118 4201 230 4277 vincia,
255 4209 289 4263 et
304 4201 453 4280 proluisse
469 4200 583 4264 Herodi
599 4201 638 4262 ad
653 4217 787 4282 regnum,
804 4197 884 4280 quod
895 4197 983 4259 utilis
999 4195 1151 4258 diceretur
1166 4195 1285 4258 futurus
1300 4195 1379 4258 bello
1395 4193 1475 4254 Par-

119 4291 216 4366 thico,
239 4298 273 4352 et
291 4289 457 4354 Caesarem
479 4309 594 4372 qnoque
617 4289 648 4352 in
670 4289 802 4370 gratiam
817 4285 944 4350 Antonii
963 4283 1081 4365 juvisse
1104 4284 1258 4346 Herodem
1280 4289 1313 4346 et
1336 4287 1476 4344 senatum

117 4399 206 4462 super
229 4380 299 4459 ejus
322 4380 445 4459 negotio
468 4388 680 4453 convocatum
711 4385 803 4460 atque
823 4377 900 4440 haec
923 4377 1008 4438 facta
1024 4373 1154 4439 Calvino
1177 4379 1211 4436 et
1225 4370 1364 4472 Pollione
1388 4368 1474 4432 Cosa

118 4469 305 4552 Olympiade
320 4467 391 4541 184,
406 4468 437 4529 id
453 4476 502 4530 est
516 4469 612 4548 primo
629 4468 799 4548 quadrante
814 4463 926 4540 anniti,
941 4483 1010 4528 cum
1025 4469 1147 4531 aestate
1159 4468 1299 4543 sequenti
1309 4463 1475 4537 exspecta·

113 4569 197 4624 retas
213 4557 383 4640 Olympias
401 4555 472 4630 185,
488 4557 572 4636 cuius
587 4557 702 4637 primus
718 4575 815 4620 annus
829 4573 914 4618 more
928 4552 1057 4617 Judaico
1073 4551 1240 4632 incipiebat
1254 4547 1355 4627 Aprili
1370 4564 1474 4608 mense

110 4659 181 4714 aute
197 4649 366 4716 ludicrum.
733 4685 736 4694 ·

194 4739 250 4806 Ex
266 4754 307 4800 eo
324 4740 435 4796 namet
447 4731 599 4815 Iosephus
620 4733 751 4798 reditum
765 4732 897 4796 Herodis
917 4733 950 4794 in
964 4731 1114 4794 iudaeam
1135 4724 1174 4792 ad
1188 4721 1367 4789 Ventidium
1388 4720 1473 4802 eius-

103 4851 161 4921 gse
192 4839 231 4896 et
257 4823 385 4892 Silonis
414 4838 464 4884 rea
488 4832 594 4903 gestas
621 4823 829 4906 ecquomodo
856 4821 1001 4902 pecunias
1033 4820 1071 4884 ab
1095 4817 1259 4968 Antigosso⁸
1284 4811 1472 4893 acceperint:
