3412 5538
526 336 530 348 ,
604 289 635 340 ds
646 288 721 342 rebus
732 285 918 356 obrouohgiols.
1366 309 1375 330 ·.
1390 267 1433 348 99

103 429 201 494 insola
214 430 359 494 haereret
373 419 573 507 astronomia,¹
584 431 720 514 ineptum
739 433 778 495 ad
793 432 932 495 altiorem
945 431 1080 496 Deorum
1100 431 1351 512 speculationem,
1374 422 1441 514 qno'

102 527 179 602 pacto
194 518 361 600 periculum
377 539 446 582 esse
461 520 627 602 putabant,
649 539 687 584 ne
698 521 817 602 ,vulgus
832 521 967 584 Deorum
989 520 1157 602 opinionem
1179 521 1340 602 abjiceret:
1364 521 1432 584 ideo

103 610 170 674 iuter
184 627 295 672 aroana
309 609 484 676 habueruut
498 610 561 674 ista
584 611 691 673 omnia
730 606 816 682 Quae
832 610 908 674 adeo
925 629 1019 674 causa
1041 618 1090 673 est
1105 611 1218 674 oraonli
1233 618 1266 672 ot
1280 611 1433 692 interpre-

102 698 211 760 tationis
232 720 309 760 uma
332 721 372 762 τα
394 720 504 780 coapta
525 705 610 762 θύειν
633 723 680 762 και
700 723 776 764 κατα
797 721 873 780 τρια.
910 697 1036 762 Scilicet
1056 700 1207 782 interpres
1228 701 1294 783 ipse
1317 717 1434 783 quoque

101 795 201 868 mystes
217 794 249 850 et
260 807 443 854 arcanorum
461 789 598 853 conscius
613 790 671 852 hoc
688 789 822 853 dicebat:
839 788 971 871 patriam
987 809 1055 852 csse
1069 790 1272 865 traditionem,
1288 798 1323 852 ut
1337 789 1434 852 sacri-
1480 856 1482 862 ,
1517 801 1519 806 ·
1569 829 1573 846 ,
1663 871 1664 878 ἵ

101 877 157 940 itia
176 877 297 954 fierent,
321 897 391 942 cum
410 878 498 942 Luna
520 898 587 942 oum
601 876 674 942 Sole
697 878 779 964 redit
799 880 831 946 in
853 879 981 942 eundem
1000 880 1112 943 locum:
1138 879 1203 960 jam
1224 880 1256 942 id
1272 901 1290 942 a
1306 877 1435 944 Graecis

101 965 206 1048 negligi,
227 966 277 1050 qui
293 975 383 1030 certa
398 974 543 1050 tempora,
559 969 678 1050 quaudo
693 968 725 1031 id
740 969 836 1044 fieret,
851 989 910 1032 non
927 969 1099 1044 observent,
1115 969 1326 1032 existimantes
1343 968 1435 1044 tertio

102 1073 202 1136 quoque
217 1076 298 1118 anno
323 1057 356 1120 id
371 1057 436 1120 fieri
451 1058 606 1139 praecise,
628 1063 662 1120 at
685 1057 767 1136 iutra
783 1079 878 1122 annos
893 1057 936 1122 38
951 1058 1032 1134 fieri,
1053 1065 1088 1120 ut
1107 1058 1229 1139 integra
1247 1055 1362 1140 quadra
1378 1057 1435 1120 ob-

101 1151 195 1208 errent.
225 1142 315 1216 Quae
338 1145 554 1228 interpretatio
577 1147 604 1209 si
626 1147 682 1209 tibi
704 1147 801 1210 minus
825 1147 981 1212 commoda
1002 1147 1169 1224 videbitur,
1190 1147 1349 1229 ignoratus
1364 1142 1454 1210 mihi'

100 1235 147 1296 luit
160 1241 271 1310 auctor,
289 1243 322 1298 te
339 1236 499 1318 reticente,
514 1236 634 1300 ueniam
651 1236 747 1299 dabis.
772 1238 908 1302 Tandem
922 1235 1015 1316 igitur
1028 1237 1104 1300 itum
1121 1245 1173 1313 est,
1185 1238 1225 1300 ad
1235 1245 1436 1309 astronomos,

101 1322 257 1388 etinventa
270 1324 382 1388 Lunae
397 1327 516 1411 ratione
538 1327 652 1390 mansit
673 1326 723 1389 din
745 1327 871 1410 antiqua
888 1326 988 1392 Attici
1010 1327 1081 1396 anni
1097 1327 1208 1402 forma,
1230 1325 1309 1407 quod
1329 1323 1436 1404 religio

100 1412 178 1476 altius
193 1413 302 1476 animis
317 1414 454 1496 ipsomm
469 1415 646 1480 inhaeserat
661 1422 694 1478 ot
710 1416 776 1480 sola
797 1417 964 1499 antiquitas
979 1417 1071 1480 ritum
1087 1417 1323 1490 commendaret,
1344 1431 1438 1479 causa

102 1501 176 1584 uulgo
191 1502 389 1584 ignoraretur
404 1512 533 1568 autnon
548 1513 716 1588 caperetur.
1366 1505 1369 1512 ’

174 1586 231 1673 26)
253 1591 329 1667 Jam
346 1593 417 1675 quid
427 1595 453 1656 si
463 1601 556 1670 tuam,
570 1595 628 1657 Vir
637 1594 821 1670 doctissime,
837 1594 1058 1676 confessionem
1066 1594 1096 1656 in
1108 1601 1140 1656 te
1150 1600 1357 1676 retorqueam.
1368 1591 1439 1654 dum

102 1679 282 1744 mirabundus
304 1680 340 1743 in
361 1683 438 1746 haec
460 1685 555 1748 verba
576 1684 761 1766 prorumpis,
781 1683 861 1746 hano
884 1683 955 1746 anni
970 1683 1071 1747 Attici
1087 1685 1214 1748 formam
1236 1690 1302 1746 ate
1319 1681 1437 1757 consti·

102 1777 186 1832 tutam
200 1789 237 1833 ne
253 1779 381 1834 veteres
397 1773 517 1854 quidem
531 1774 709 1856 explicasse.
753 1773 850 1855 Atqui
865 1774 923 1836 hoo
938 1772 1088 1836 hactenus
1105 1774 1162 1855 egi,
1183 1781 1219 1836 ut
1235 1772 1438 1845 ostenderem,

101 1858 257 1940 nequidem
272 1859 421 1924 indicium
435 1862 484 1924 vel
498 1863 684 1926 levissimum
699 1885 718 1927 a
733 1867 765 1925 te
782 1882 849 1926 csse
866 1863 1052 1945 productum.
1083 1862 1228 1927 Vicissim
1243 1877 1438 1944 quaecunque

103 1947 237 2028 allegasti,
252 1951 304 2012 vel
323 1951 364 2014 ad
380 1971 464 2014 meas
479 1959 584 2036 partes
600 1952 722 2016 traduxi
738 1951 786 2014 vel
802 1951 896 2016 amice
913 1953 1065 2034 transegi,
1086 1959 1122 2014 nt
1137 1960 1245 2016 contra
1260 1969 1358 2014 meam
1374 1949 1438 2012 lor-

100 2055 166 2098 mam
186 2057 245 2100 non
268 2048 453 2121 pugnarent.
488 2043 598 2125 Itaque
618 2041 743 2124 gloriari
763 2059 901 2124 possum,
925 2040 996 2105 anni
1011 2042 1139 2133 formam
1155 2063 1174 2104 a
1188 2061 1236 2104 me
1254 2040 1367 2104 dictam
1382 2036 1439 2102 niti

99 2133 221 2190 ueterum
243 2129 435 2196 testimonio.
471 2130 653 2194 Verisimilis
670 2131 763 2214 igitur
784 2135 853 2196 mea
875 2132 986 2207 forma,
1009 2130 1195 2194 incredibilis
1218 2138 1288 2205 tna,
1310 2136 1439 2214 atquae
1495 2173 1500 2184 .

101 2223 172 2277 caret
185 2225 326 2280 veterum
342 2220 527 2282 testimonio·
1048 2219 1052 2225 ¹

175 2299 231 2387 27)
254 2307 440 2384 Ecce'vero,
461 2317 576 2390 quanta
590 2310 662 2372 mihi
678 2310 709 2372 in
725 2310 839 2372 calcem
855 2308 1004 2372 diatribae
1028 2315 1099 2372 tuae
1116 2305 1271 2371 distuleris
1288 2304 1438 2370 subsidia:

101 2393 166 2474 quod
180 2390 504 2478 Olympiada'veteres
520 2399 672 2463 Lunarem
692 2399 822 2474 faciant;
847 2399 926 2479 quod
947 2398 1073 2461 eandem
1094 2397 1280 2462 Censorinus
1301 2415 1341 2460 ex
1361 2395 1438 2458 dua-

100 2483 146 2546 bus
159 2483 368 2550 tritteridibus
383 2486 554 2551 Lunaribus
576 2495 753 2570 componat;
784 2488 863 2568 qnod
884 2488 967 2551 intra
988 2487 1053 2569 ejus
1076 2487 1170 2550 solius
1193 2484 1339 2548 ambitum
1362 2501 1439 2566 qua-

101 2571 208 2636 drantes
223 2575 284 2637 diei
300 2576 336 2638 in
350 2595 442 2641 unum
456 2577 671 2644 intercalarem
686 2577 882 2658 colligantnr3
906 2595 983 2659 quac
1001 2576 1101 2643 omnia
1118 2595 1156 2641 ex
1170 2593 1241 2639 mea
1255 2576 1353 2641 forma
1369 2572 1440 2635 anni

98 2670 258 2742 sequuntur,
292 2687 313 2728 a
342 2671 373 2726 te
399 2685 473 2729 vero
495 2667 575 2732 inter
604 2666 737 2732 absurda
761 2665 961 2748 rejiciuntur„
987 2665 1092 2735 Hebes
1117 2665 1211 2747 igitur
1234 2683 1296 2728 non
1318 2669 1440 2726 tantum

98 2753 192 2814 nubum
213 2753 252 2816 ab
276 2753 466 2836 antiquitate
489 2757 696 2822 testimonium
717 2754 880 2832 hacteuus,
909 2756 964 2819 sed
987 2755 1110 2837 insuper
1133 2753 1328 2817 aduersarios
1351 2769 1440 2814 acres

96 2848 211 2904 ueteres.

168 2923 223 3012 28)
246 2931 357 2994 Etiam
372 2931 403 2994 in
419 2933 467 2998 die
481 2934 531 2998 Ilii
547 2935 629 3018 capti
645 2953 725 3017 aqua
739 2935 795 3002 tibi
811 2935 931 3009 haeret,
953 2932 1026 3009 mibi
1041 2933 1170 2996 minime.
1216 2929 1383 3011 Dionysius
1399 2947 1438 2992 ex

97 3016 202 3098 Ephoro
226 3021 286 3096 ait,
308 3019 402 3084 Ilium
424 3031 546 3106 captum
566 3025 672 3088 diebus
697 3019 737 3089 1'1
760 3031 833 3087 ante
856 3019 1021 3087 solstitium
1043 3017 1139 3106 (quod
1154 3022 1186 3085 in
1202 3019 1232 3084 8.
1244 3019 1318 3085 Julii
1333 3011 1437 3100 ponit)

96 3125 155 3187 ergo
174 3109 223 3171 21.
239 3109 343 3173 Junii:
368 3119 400 3174 et
422 3120 495 3177 tuno
517 3115 734 3178 numerabatur
754 3110 840 3194 ὀγδοη
862 3116 1024 3192 φθινοηος
1044 3113 1252 3192 Θαργηλιωνοο
1273 3107 1439 3174 secuudum

97 3197 297 3264 Athenienses.
345 3201 429 3283 Ergo
445 3202 705 3288 Soirrophorionis
726 3203 843 3266 decima
862 3202 919 3265 fuit
948 3200 977 3263 8.
992 3201 1067 3263 Julii
1088 3209 1121 3264 et
1144 3200 1317 3263 solstitium
1361 3197 1437 3260 Inde

96 3287 263 3365 superfuisse
279 3291 332 3354 ait
344 3291 389 3354 20
404 3293 470 3356 dies
485 3294 525 3357 ad
540 3293 630 3356 linem
643 3293 724 3358 anni.
756 3292 899 3365 Omnino,
922 3290 948 3352 si
964 3289 1012 3352 die
1036 3291 1085 3353 10.
1103 3289 1282 3364 solstitium,
1301 3287 1372 3350 inde
1398 3285 1439 3348 ad

96 3371 137 3436 30.
154 3385 221 3440 aunt
240 3379 294 3443 20.
344 3381 459 3446 Plenus
479 3383 572 3464 igitur
590 3383 713 3446 nltinms
729 3379 953 3462 Scir'rophorio,
974 3397 1067 3444 cavus
1087 3379 1182 3461 igitur
1201 3363 1317 3461 primus
1331 3376 1436 3438 Heca·
1546 3375 1551 3382 '

96 3465 256 3529 tombaeon:
288 3475 326 3532 et
346 3469 505 3552 imparium
527 3471 641 3538 dierum
656 3473 753 3554 impar
774 3489 906 3535 numero.
945 3466 1136 3549 Contingunt
1157 3466 1253 3550 igitur
1266 3467 1338 3540 illa,
1360 3483 1437 3546 quae

95 3553 211 3619 amnas
224 3555 411 3640 Dionysius,
432 3581 501 3623 mea
515 3562 620 3626 forma.
665 3561 711 3626 'l'u
736 3567 874 3643 promtus
894 3557 926 3621 in
946 3557 1019 3632 hoc,
1042 3564 1078 3619 ut
1100 3559 1178 3620 citra
1199 3554 1438 3619 haesitationem

95 3641 134 3704 rel
150 3643 335 3728 Dionysium
353 3649 451 3730 ipsum
472 3651 522 3712 vel
545 3651 679 3715 codicem
701 3650 812 3715 erroris
840 3645 951 3730 gemini
980 3663 1140 3728 arguerem
1170 3645 1253 3728 petis
1279 3643 1373 3718 enim,
1402 3649 1439 3705 ut

95 3729 164 3794 dicat
178 3733 218 3798 10
234 3736 349 3800 diebus
369 3746 442 3819 post
461 3748 583 3821 captum
595 3741 685 3803 ilium
707 3740 799 3802 tuisse
823 3737 988 3801 solstitium
1010 3735 1140 3816 indeque
1162 3733 1347 3817 superfuisse
1371 3732 1437 3794 dies

95 3819 135 3882 ²1·
169 3820 289 3894 Quodsi
312 3845 447 3892 canones
467 3828 685 3893 Eratosthenis
707 3830 783 3892 adeo
806 3833 878 3890 sunt
900 3825 1057 3910 exquisiti,
1079 3841 1140 3887 non
1163 3821 1354 3905 ignorabitur
1370 3821 1437 3901 jam

94 3907 174 3974 iacies
186 3913 297 3978 Lunae
313 3915 347 3978 in
360 3915 441 3980 ullius
456 3919 528 3982 anni
543 3917 703 3982 noviluniis
718 3917 858 4000 politicis
896 3916 977 3980 Nam
993 3930 1089 3978 annus
1109 3913 1227 3995 primae
1244 3908 1437 3994 Olympiadis

96 4007 247 4066 carcerare
271 4012 307 4067 et
329 4005 426 4068 habet
444 4008 629 4071 novilunium
650 4009 681 4070 in
697 4007 726 4071 9.
735 4006 808 4071 Julii
830 4007 859 4069 1.
875 4000 905 4069 7.
924 4023 1028 4067 mane:
1052 4003 1132 4065 uude
1154 4001 1180 4066 si
1200 3998 1437 4084 retrogrediaris

94 4103 125 4148 ex
141 4089 197 4153 lide
215 4093 438 4159 Eratosthenis
465 4115 521 4180 per
540 4095 605 4161 408
631 4097 744 4160 solidos
765 4111 874 4170 annos,
901 4093 990 4157 Luna
1010 4091 1251 4176 praeoccupabit
1272 4101 1309 4153 eo
1332 4088 1380 4151 die
1405 4093 1439 4148 et

95 4173 158 4240 hors
172 4179 277 4246 Solem
293 4182 332 4246 4·-
350 4180 390 4249 9⁰
404 4183 474 4261 35‘,
496 4186 653 4268 superavit
668 4185 771 4250 Solem
793 4179 830 4248 7²
848 4179 908 4247 20⁰
923 4183 991 4246 24‘:
1016 4182 1097 4264 quod
1122 4189 1171 4244 est
1185 4181 1246 4244 iter
1261 4180 1378 4244 dierum
1395 4174 1437 4237 18
1548 4223 1551 4236 .

94 4261 148 4330 hur.
162 4259 257 4356 21¹1,
289 4273 400 4357 Itaque
415 4296 495 4343 auno
511 4283 621 4360 captae
632 4275 741 4356 Trojae
759 4271 960 4340 claudiani
974 4273 1007 4336 in
1021 4271 1147 4354 meridie
1163 4269 1222 4335 init
1236 4267 1436 4338 novilunium

97 4352 266 4424 tutantem
289 4381 330 4425 ex
351 4363 410 4428 lide
432 4363 573 4447 Dionysii
594 4365 646 4428 21.
661 4364 745 4427 Junii
772 4360 859 4446 dydop
886 4368 1047 4446 qdoronoo
1074 4363 1290 4442 Oupyqlsoroc.
1327 4359 1437 4434 ltaque

96 4445 270 4514 novilunium
289 4451 324 4514 in
348 4450 436 4536 traca
458 4454 738 4558 obscenoqprima
757 4455 874 4536 quadra
893 4454 925 4516 in
939 4458 1065 4538 δευτερᾳ
1087 4456 1265 4535 perronem
1290 4465 1329 4510 ex
1347 4442 1436 4508 novi·

95 4529 163 4598 trio
177 4539 305 4618 politico
314 4541 423 4607 Lunae
438 4552 526 4608 aetas
542 4550 610 4608 erat
625 4541 690 4609 dues
701 4542 730 4606 9.
753 4541 935 4626 Boutingus,
950 4548 986 4604 ut
1000 4539 1186 4604 novilunium
1200 4539 1315 4604 babere
1331 4537 1438 4614 posset

97 4615 239 4704 tatanus,
253 4629 303 4694 Ilii
319 4651 425 4696 casum
440 4635 555 4698 duobus
571 4633 658 4698 annis
672 4633 831 4718 promovit
868 4633 936 4698 Hoc
951 4630 1037 4692 initio
1054 4631 1146 4704 lacto,
1163 4629 1190 4694 si
1201 4629 1270 4710 jam
1283 4623 1436 4724 sciremus,

96 4725 142 4792 1²1
155 4735 195 4780 ²11
210 4716 310 4801 impar
324 4722 436 4786 fuisset
450 4743 546 4788 anons
555 4727 743 4806 sparppttoo,
758 4722 868 4786 seriem
882 4725 1112 4803 pertexeremus
1122 4718 1212 4784 facile
1222 4715 1263 4782 ad
1278 4716 1438 4814 ,sequentes
1495 4730 1498 4739 ’

98 4803 232 4888 impona
269 4809 383 4876 Parem
399 4811 522 4878 credere
535 4822 687 4897 promtum
702 4819 760 4888 est.
776 4811 846 4894 qnia
860 4811 957 4876 habet
969 4808 1118 4894 quadram
1132 4823 1228 4890 prope
1244 4801 1437 4880 noviluprum·

1189 4903 1226 4960 71
