3396 5540
630 211 759 284 'Eulogac
779 217 922 268 chronicae.
1199 213 1202 226 ¹
1382 223 1445 282 453

129 393 202 454 acta
217 387 319 454 Pilati
341 387 402 454 sibi
424 411 552 474 quoque
567 391 644 471 risa,
668 392 728 456 etsi
743 393 963 471 auctoritates,
987 413 1069 475 quas
1085 393 1225 472 adducit,
1242 394 1372 458 111018.
1396 399 1445 460 10.

131 484 180 542 13.
206 483 257 542 lo.
284 478 355 544 Cal.
376 481 454 564 Apr.
477 481 650 559 fluctuant,
682 487 789 546 tamen
817 487 850 546 et
876 483 945 566 ipse
971 479 1087 546 tribuit
1116 483 1196 546 actis
1219 483 1327 562 Pilati,
1360 485 1448 565 quod

129 571 180 631 13.
209 565 278 630 Cal.
310 565 433 632 factum
463 577 618 634 asserant.
655 568 744 634 ‘lam
773 569 871 650 igitur
900 569 1003 634 multo
1034 569 1149 635 fortius
1180 571 1275 636 oredo
1306 572 1446 638 ecclesiis

125 655 264 734 Latinis,
292 662 331 720 ut
351 658 434 738 quae
461 657 555 739 longe
583 657 701 724 rectius
734 659 909 740 intelligere
933 664 1082 740 poterant
1106 659 1287 724 calendarii
1310 661 1447 726 Romani

126 744 268 810 rationes
288 765 386 827 quarn
400 745 569 825 Asiaticae,
596 753 629 811 ct
644 766 731 812 cesso
752 748 940 833 conjecturis
959 747 1112 828 indagare
1127 769 1258 812 causam
1277 749 1444 832 opinionis,

126 853 203 897 uera
225 853 326 898 causa
348 834 528 917 patefacta:
551 836 629 916 quin
652 835 759 918 potius
782 836 828 913 id,
852 835 940 917 quod
964 839 1179 920 conjecturam
1201 857 1306 900 meam
1329 838 1445 904 formia-
1483 859 1487 872 ¹

125 928 226 1000 reret,
246 924 317 1004 jam
338 922 462 1004 corrigo
482 924 633 1002 strideo,
657 944 714 989 cur
734 923 896 990 biemrium
915 923 956 988 ab
972 925 1151 1007 Epiphanio
1175 924 1336 990 tribuatur
1353 927 1445 990 mini·

125 1011 224 1075 sterio
237 1009 373 1074 tlhn'sti:
393 1011 542 1079 nimirum
557 1014 591 1076 in
605 1012 717 1077 iisdem
732 1014 813 1077 actis
824 1013 920 1078 Pilati
935 1013 1055 1077 invenit
1071 1033 1191 1096 annum
1204 1019 1255 1080 76.
1268 1015 1443 1080 lulianum.

124 1099 197 1163 Etsi
219 1098 413 1182 relinquitur
434 1101 672 1186 conjiciendum,
697 1102 754 1183 qui
776 1101 847 1166 fieri
869 1102 1020 1185 potuerit,
1045 1109 1081 1165 ut
1103 1103 1136 1193 l¹¹
1158 1103 1238 1166 actis
1260 1101 1358 1168 Pilati
1380 1125 1444 1169 non

124 1189 281 1252 invenerit
303 1193 371 1273 ejus
394 1189 470 1253 anni
488 1190 574 1256 Coss.
592 1189 753 1254 Tiberium
772 1197 804 1254 et
824 1191 982 1269 Seianum,
1007 1189 1064 1254 sed
1087 1193 1254 1274 exprime
1277 1197 1445 1256 mutuatus

124 1276 167 1340 sit
189 1275 269 1340 alios
293 1284 324 1340 et
347 1277 491 1342 anterius
513 1299 552 1342 ex
573 1297 637 1342 nno
657 1279 737 1362 peri
763 1279 828 1342 duo
854 1278 974 1343 fecerit.
1020 1279 1143 1342 Deinde
1166 1279 1365 1361 Epiphanius
1388 1280 1445 1344 illo

124 1365 197 1430 loco
219 1364 315 1448 pleno
345 1386 401 1429 ore
423 1365 564 1430 inculcat
591 1367 682 1432 nobis
710 1374 895 1452 computum
916 1366 1104 1444 ludaicum,
1134 1389 1198 1449 quo
1224 1367 1321 1434 biduo
1348 1389 1441 1451 prae·

125 1455 272 1518 venientc
299 1453 421 1522 factum
446 1455 501 1532 sit,
532 1460 570 1519 ut
597 1455 718 1540 pascha
744 1457 944 1538 praevenerit
970 1457 1093 1540 Lunam
1117 1457 1184 1520 XV.
1210 1477 1326 1522 reram.
1372 1455 1454 1522 Sire.

123 1543 223 1624 igitur
252 1541 449 1624 intelligatur
479 1547 546 1630 ejus
576 1544 709 1610 traditio
737 1544 776 1608 de
804 1551 953 1628 computo
984 1544 1049 1608 sire
1078 1565 1160 1609 non:
1196 1551 1331 1628 apparet
1361 1553 1445 1610 certe

123 1630 331 1714 plerophoria
354 1652 487 1714 magna3
509 1633 622 1716 itaque
644 1653 730 1716 rogo,
754 1654 805 1698 me
824 1637 914 1718 Jnrcs
935 1640 968 1698 et
990 1630 1094 1698 rcrbis
1117 1633 1250 1698 Graecis
1272 1634 1443 1720 Epiphanii

124 1727 159 1783 et
180 1726 238 1783 tua
260 1719 390 1784 illorum
414 1721 635 1806 explicatione.

203 1867 228 1920 J.
249 1865 442 1920 Decke‘rius
461 1871 549 1940 (Epist
568 1873 654 1938 xm).
671 1901 705 1910 —
720 1870 826 1931 Verbis,
840 1886 911 1939 quae
924 1877 1081 1939 sequuntur,
1096 1869 1199 1944 initium
1215 1869 1443 1924 facitDeckerius

125 1945 359 2015 „Disputationis“
392 1964 467 2012 suae,
497 1965 578 2022 quam
607 1965 692 2018 supra
719 1951 753 2020 (p.
773 1955 845 2018 440.)
877 1949 935 2018 ipse
965 1949 1038 2011 dicit,
1068 1966 1202 2020 quamque
1233 1951 1261 2004 in
1287 1950 1441 2018 praemissis

122 2029 262 2098 Keplerus
282 2027 336 2080 alio
357 2028 450 2080 ordine
471 2028 642 2103 interspersit
663 2029 717 2082 suis
739 2029 821 2099 ipsius
841 2029 1067 2098 responsionibus.
1079 2029 1183 2082 —Jurn
1205 2037 1324 2082 exoratu
1344 2037 1391 2084 tuo
1413 2039 1443 2082 01

122 2107 250 2176 exemplo
270 2106 408 2175 promtior,
430 2109 547 2162 alterurn
568 2109 713 2178 expediam
734 2118 762 2162 et
782 2115 813 2162 ut
833 2111 860 2164 in
881 2110 954 2162 bons
973 2110 1107 2162 interdum
1128 2108 1197 2162 silva
1212 2109 1324 2163 frutices
1340 2109 1444 2179 aliquot
1500 2102 1507 2110 ’

123 2186 261 2248 indicabo,
295 2187 419 2240 veritatis
450 2189 521 2242 falce
549 2191 717 2243 resecandos.
759 2189 858 2244 Ordior
885 2189 919 2241 ab
947 2189 1094 2243 illustriori.
1136 2189 1205 2257 Pog.
1237 2189 1279 2244 13.
1310 2191 1345 2259 (p.
1372 2195 1442 2254 184.)

122 2266 250 2319 dicuntur
270 2265 369 2320 Judaei
390 2267 492 2320 dixisse
512 2267 619 2321 Christo
641 2285 711 2322 anno
734 2268 912 2324 73.Juliano:
934 2269 972 2322 46
986 2269 1062 2322 annis
1079 2268 1250 2322 aedificatum
1262 2271 1444 2338 esttcrnplum

122 2347 182 2399 hoc.
224 2347 379 2424 ltermnque
403 2363 469 2418 pag.
493 2347 538 2404 35.
563 2349 599 2420 (p.
620 2351 690 2414 198.)
719 2349 860 2418 repetitur,
888 2347 1025 2401 Christum
1051 2348 1188 2416 accepisse
1215 2349 1351 2417 baptisma
1373 2365 1442 2401 anno

123 2427 168 2480 1110
188 2425 300 2479 Julianc
323 2427 368 2490 73,
390 2434 421 2479 ot
439 2428 535 2480 merito
557 2428 584 2482 in
604 2427 690 2482 literis
711 2429 794 2490 dicos,
816 2429 842 2482 in
864 2445 934 2482 1110
955 2427 1083 2496 baptismi
1103 2422 1307 2482 tecnmsentio.

201 2507 343 2560 Hactenus
370 2506 478 2576 quidem
503 2524 607 2561 mecum
633 2508 731 2570 sentim
759 2509 805 2561 sed
827 2509 880 2561 cito
902 2505 961 2560 nbis
983 2523 1000 2559 a
1020 2507 1165 2570 sententia,
1186 2515 1215 2560 et
1235 2515 1324 2562 tecum
1345 2513 1441 2576 aperte

122 2603 250 2655 pugnans
276 2591 305 2637 et
330 2597 442 2641 mecum.
484 2587 554 2641 Nam
579 2587 671 2641 subdis
691 2587 760 2640 hacc
782 2589 878 2640 rerba:
909 2593 975 2655 puto
996 2593 1088 2640 autern
1109 2585 1245 2640 Christum
1272 2587 1442 2656 baptizatum

122 2667 283 2719 6111111.
306 2682 376 2720 anno
398 2668 443 2728 74,
464 2683 524 2720 cum
545 2669 663 2722 loannes
685 2659 806 2736 coeperit
827 2668 872 2722 73.
894 2667 920 2720 in
940 2667 1010 2719 festo
1032 2666 1203 2735 expiationis.
1238 2669 1334 2736 Itaque
1348 2666 1441 2736 quinto

120 2746 255 2812 paschate
283 2761 388 2813 passus.
429 2745 492 2799 Jarn
517 2745 579 2800 ride
605 2746 779 2816 antilogium:
813 2747 920 2799 Christo
948 2761 1017 2800 anno
1047 2746 1091 2800 73.
1120 2746 1228 2800 ι1111110
1256 2747 1283 2798 11
1309 2746 1442 2814 paschate

121 2825 222 2877 dictum
250 2832 292 2877 est
319 2841 337 2878 1
362 2826 492 2880 ludaeis:
519 2827 557 2882 46
584 2827 662 2880 annis
683 2826 855 2880 aedificatum
878 2833 920 2879 ert
940 2828 1077 2894 templum,
1108 2835 1137 2879 et
1157 2825 1280 2878 Christus
1302 2841 1372 2878 anno
1395 2827 1440 2880 74.

120 2905 231 2957 loliano
257 2904 412 2973 baptizatus
438 2913 481 2959 est
506 2908 532 2960 6.
559 2905 692 2960 lanuarii.
734 2907 877 2976 Nunquam
902 2907 972 2958 haec
998 2908 1051 2958 duo
1077 2906 1151 2958 dicta
1177 2907 1250 2958 coire
1275 2905 1369 2967 facies,
1389 2905 1441 2958 nisi

121 2984 258 3038 Christum
284 3000 366 3038 unum
393 2985 466 3038 dicas
494 2986 645 3056 suscepisse
670 2987 807 3056 baptismo
833 3002 903 3039 armo
930 2985 976 3046 73,
1002 2987 1119 3039 alterurn
1147 2987 1192 3040 74.
1213 2981 1330 3038 loliano.
1371 2986 1442 3038 Nam

120 3071 238 3134 utroque
257 3065 427 3133 baptizatum
448 3065 524 3122 illurn
544 3067 618 3120 dicis.
648 3067 751 3120 lterum
771 3066 833 3120 ride
855 3068 970 3119 alteram
992 3065 1161 3134 mitilogiam.
1192 3064 1291 3126 Quinto
1308 3065 1441 3134 paschate

119 3159 218 3212 passus
244 3151 287 3196 est
311 3143 435 3198 Christus
462 3154 491 3198 01
515 3163 585 3200 1110
613 3147 657 3201 78.
683 3147 793 3200 Julinno
818 3162 915 3216 passus
941 3153 983 3198 est
1009 3145 1036 3200 in
1056 3145 1188 3214 paschate
1209 3139 1361 3210 Dominus,'
1378 3161 1441 3196 narn

120 3233 266 3294 utrumque
294 3224 401 3278 asseris.
442 3227 527 3296 Atqui
552 3226 657 3295 pascha
677 3227 740 3280 anni
763 3226 807 3280 78.
830 3225 932 3279 Julieni
954 3231 996 3278 est
1016 3231 1125 3278 sextum
1144 3222 1250 3292 pascha
1270 3240 1288 3277 a
1307 3223 1441 3293 paschate
1524 3261 1527 3268 .

121 3303 165 3356 73.
193 3303 257 3358 anni
284 3303 396 3368 ι1111111,
422 3321 475 3374 (110
501 3305 630 3359 dixerunt
650 3306 763 3359 Judaei:
791 3307 829 3359 46
856 3304 933 3360 annis
961 3304 1132 3358 aedificatum
1159 3311 1201 3356 est
1226 3304 1356 3372 templum
1381 3304 1440 3358 hoo.

119 3383 204 3436 Nulla
230 3383 274 3436 hic
300 3384 369 3437 rime
395 3385 528 3440 elabendi.
570 3385 665 3438 Viden*
692 3386 719 3438 in
746 3401 817 3456 quac
844 3385 963 3453 abrupta
983 3391 1011 3444 te
1032 3385 1115 3436 ducat
1136 3389 1164 3436 et
1185 3386 1298 3436 seducat
1319 3385 1441 3437 calculus

118 3463 339 3524 mathematicus,
365 3471 396 3518 ut
422 3467 553 3533 appellas.
595 3465 657 3534 Ego
684 3471 830 3534 paternum
855 3465 989 3522 mavelim.
1015 3463 1061 3515 ubi
1083 3464 1175 3516 nullae
1196 3462 1441 3516 contradictionum

119 3550 219 3610 syrtes.
260 3543 360 3614 Ecquis
385 3561 466 3614 porro
487 3546 677 3614 theologorum
697 3562 750 3597 non
771 3543 842 3598 illico
863 3541 1019 3612 repudiabit
1038 3543 1114 3595 illem
1134 3543 1347 3612 chronologiam,
1369 3559 1441 3613 quac
1521 3563 1525 3571 ·

118 3623 257 3676 Christum
277 3640 326 3692 per
347 3641 431 3677 annos
452 3642 529 3678 sorios
551 3624 717 3694 totidemque
737 3623 873 3692 paschata
893 3621 1015 3675 docuisse
1036 3617 1150 3676 11111111

209 3739 400 3824 Keplerus
421 3763 506 3825 resp.
528 3748 748 3816 (1111111111
778 3741 983 3824 Baptizatum
1006 3739 1071 3804 dixi
1093 3739 1256 3804 Christum
1279 3760 1363 3804 anno
1388 3745 1439 3804 73.
1548 3757 1554 3774 ¹

118 3829 299 3904 Nouembri,
325 3831 383 3894 hoc
405 3831 438 3895 in
461 3829 588 3910 libello,
612 3829 781 3913 inscripto
803 3851 877 3893 vero
894 3837 973 3914 puto
989 3829 1188 3911 baptizatum
1205 3834 1257 3892 74.
1273 3829 1439 3904 tannarie,

118 3919 247 3984 duobus
269 3917 431 3982 mensibus
459 3920 576 3994 serius,
610 3917 698 4001 quod
720 3919 891 3982 verisimile
920 3917 1083 3996 videatur,
1107 3915 1264 3981 loannem
1286 3919 1441 4001 incepisse

117 4009 151 4073 in
173 4007 254 4072 festo
279 4001 467 4090 expiationis
484 4011 639 4070 ettamen
659 4006 781 4090 aliquid
800 4008 955 4090 temporis
978 4005 1102 4081 abiisse,
1127 4006 1229 4071 donec
1246 4011 1278 4069 ct
1295 4007 1440 4070 Christus

117 4098 161 4162 erl
184 4097 382 4180 baptismum
403 4097 547 4162 accessit.
579 4093 662 4159 Nam
684 4117 747 4160 non
771 4095 810 4159 de
830 4095 945 4160 Christi
967 4094 1138 4178 baptismo,
1160 4095 1218 4160 sed
1241 4095 1281 4159 de
1304 4093 1439 4159 Jcannis

117 4185 356 4269 praedicatione
377 4183 424 4248 ait
446 4185 485 4250 D.
509 4185 624 4262 Lucas,
653 4189 807 4250 011015.
834 4181 962 4248 Tiberii.
1009 4183 1058 4247 Tu
1081 4205 1154 4249 vcro
1182 4185 1209 4248 si
1230 4189 1322 4248 tenes
1347 4183 1436 4247 Chri-

117 4283 205 4340 stum
241 4279 270 4338 6.
298 4273 373 4338 len.
408 4273 620 4357 baptizatum,
656 4271 726 4338 ride
759 4273 919 4354 quomodo
957 4272 1009 4336 vix
1042 4274 1169 4338 ineunte
1203 4272 1439 4357 praedicatione

116 4363 275 4429 iohannis
299 4383 372 4426 cunr
386 4385 470 4427 anno
487 4369 539 4442 73,
559 4367 625 4447 jam
638 4362 799 4428 Christum
819 4361 938 4443 habeas
954 4362 1041 4446 apud
1065 4362 1249 4446 baptisma?
1273 4359 1438 4444 Quomodo

116 4454 204 4518 intra
227 4475 283 4517 sex
306 4451 374 4516 dies
397 4452 497 4516 omnis
516 4449 697 4516 Jerusalem
720 4451 762 4516 ad
783 4449 942 4516 loannem
965 4451 1051 4516 exire
1073 4453 1178 4533 potuit
1200 4451 1231 4514 in
1254 4447 1437 4513 desertum?

120 4543 206 4608 llsec
228 4563 306 4624 ergo
329 4541 500 4625 perpende,
524 4547 557 4604 ct
572 4541 597 4604 si
613 4537 654 4604 ab
670 4539 848 4623 Epiphanio
871 4545 937 4606 stas
960 4539 999 4603 de
1019 4538 1242 4624 praeventione
1265 4525 1436 4619 paschatis,

117 4641 167 4696 stu
190 4631 233 4697 ab
258 4629 370 4692 eodem
395 4637 426 4694 ct
449 4629 488 4692 (le
510 4627 637 4694 hiennio
666 4629 912 4712 praedicationis
938 4627 1070 4708 Christi,
1100 4628 1196 4713 paulo
1224 4625 1378 4708 anrplius,
1406 4633 1437 4689 ct

116 4721 154 4786 de
181 4727 231 4788 16.
258 4718 373 4784 liborii
396 4740 455 4802 pro
478 4720 624 4802 passione
649 4717 774 4786 Christi.
