3406 5542
240 283 305 354 tle
742 265 1079 366 momentonea,

185 423 208 490 ἲ
238 445 650 528 scemmenstete
665 445 758 538 suan
772 447 851 514 eto·
865 447 1092 524 semema,
1105 411 1585 523 memumaamoeuaa.

233 537 299 618 jam
314 544 387 600 tuuc
401 535 513 600 furiata
530 535 597 617 ‘ejus
613 535 717 604 domo,
745 556 814 600 reos
838 535 1005 619 parricidii,
1030 537 1128 618 ipsum
1148 537 1226 602 adeo
1246 537 1415 612 Herodem,
1438 535 1490 618 qui
1513 543 1586 602 tunc

238 625 408 689 offenderat
429 626 619 706 Augustum,
643 645 710 688 oum
734 626 815 690 omui
836 626 902 706 ejus
923 627 1108 708 posteritate
1129 626 1213 690 iutra
1233 626 1386 690 hominum
1406 625 1586 688 memoriam

237 714 370 796 deponet
383 714 467 778 Deus
491 715 529 778 de
549 714 621 776 sede
637 715 724 795 regui
738 713 871 778 Israelis.
916 715 965 780 Et
987 714 1139 780 emtam
1162 713 1308 782 moves:
1339 715 1433 780 aliam
1453 714 1586 778 Mariam

237 823 292 886 pro
308 804 410 867 occisa
424 801 525 872 Maria
539 802 653 883 regina,
668 811 703 866 ut
718 802 759 866 sit
774 811 872 868 mater
886 805 1019 868 Moesiae
1035 805 1131 884 Regis
1148 805 1274 880 aeterni,
1290 819 1358 868 cum
1371 804 1426 868 illa
1441 803 1587 876 exstitisss

238 899 288 956 set
301 901 400 955 mater
415 892 520 956 infelix
535 892 697 956 infelicium
712 899 744 956 et
758 893 843 956 brevi
858 891 1059 974 periturorum
1074 893 1243 968 liberorum
1270 893 1456 958 maumas
1470 889 1586 973 impla-

236 981 280 1044 es‘t
300 982 403 1044 taes:
435 980 649 1062 posteritatem
662 981 793 1054 Davidis
808 983 848 1044 ad
859 991 1031 1058 extremam
1050 983 1183 1064 inopiam
1197 983 1362 1048 redactam
1406 981 1455 1046 Et
1477 981 1589 1046 &aas

237 1071 362 1134 dimisit
375 1070 494 1144 inanes,
509 1071 590 1134 inter
605 1078 725 1134 ceteros
741 1079 774 1134 et
787 1072 926 1152 Bagoam
940 1073 1117 1148 eunuchum,
1132 1091 1223 1156 opum
1232 1072 1398 1136 alienarum
1406 1071 1588 1152 voraginem

237 1159 474 1241 rapacissimam,
489 1166 524 1224 ut
538 1178 604 1222 mos
619 1168 689 1222 crat
698 1161 914 1226 eunuchorum.
1552 1237 1553 1244 ἵ

325 1249 373 1312 De
388 1248 505 1312 bimatu
519 1267 693 1331 puerorum,
715 1269 790 1332 quos
805 1250 918 1314 occidit
930 1251 1086 1327 Herodes,
1097 1250 1272 1318 ‚secuudum
1294 1258 1413 1332 tempus
1430 1249 1514 1332 quod
1529 1268 1587 1312 ex-

237 1337 404 1421 quisivcrat
419 1359 438 1400 a
452 1338 560 1419 magis,
576 1337 799 1402 diversissimae
816 1347 888 1404 sunt
902 1341 1028 1404 Patrum
1045 1340 1225 1414 sententiae,
1241 1339 1362 1422 quidam
1377 1339 1458 1402 euim
1473 1338 1587 1402 existi-

170 1493 174 1498 ,
236 1435 336 1502 mant,
359 1446 398 1489 ex
418 1445 576 1508 magorum
595 1427 706 1490 iudicio
729 1428 851 1496 stellam
870 1429 990 1510 quidem
1008 1448 1069 1494 nou
1084 1430 1130 1492 ita
1145 1429 1256 1492 dudum
1271 1440 1419 1512 apparere
1435 1427 1587 1510 coepisse,

169 1515 177 1526 “
235 1517 389 1582 Herodem
414 1535 485 1580 vero
510 1537 570 1580 uon
595 1517 701 1580 statitu
721 1526 794 1604 ppst
814 1535 969 1582 recessum
988 1537 1159 1600 magorum,
1182 1518 1238 1580 sed
1258 1517 1349 1598 longe
1371 1524 1445 1598 post
1467 1517 1589 1578 demum

236 1605 398 1670 sustulisse
412 1605 563 1680 infantes,
586 1624 661 1687 quos
676 1606 813 1687 sequitur
828 1605 976 1689 Suslyga,
998 1609 1048 1689 qui
1068 1626 1142 1670 vero
1157 1607 1358 1686 Evangelium
1371 1607 1477 1670 Lucae
1499 1611 1589 1668 tauto

235 1695 332 1775 magis
347 1695 492 1776 relinquit
504 1695 536 1758 in
551 1696 713 1775 apparenti
729 1695 917 1760 dissensione
934 1697 1137 1761 aMatthaeo.
1181 1695 1249 1776 Ego
1264 1695 1358 1776 igitur
1379 1695 1451 1760 illos
1463 1713 1590 1776 sequor,

235 1784 285 1864 qui
301 1783 569 1860 existimant,ja1u
587 1792 672 1857 tuuc,
697 1801 764 1847 cum
779 1785 918 1848 Herodes
935 1785 1065 1866 amagie
1081 1793 1202 1867 tempus
1224 1785 1411 1866 exquireret,
1433 1782 1590 1848 biennium

236 1873 299 1938 lere
316 1873 434 1952 lapsum
448 1873 542 1936 luisse
562 1873 692 1953 aprime
708 1883 816 1937 exortu
832 1875 951 1938 stellae.
996 1873 1151 1949 Quaeres,
1174 1893 1227 1937 cur
1248 1873 1341 1954 igitur
1364 1893 1444 1938 nunc
1467 1873 1590 1936 demum

235 1962 375 2024 venerint
390 1962 518 2024 adorare
533 1979 671 2042 regesta
687 1961 779 2026 stella
793 1963 1017 2044 significatum?
1046 1962 1127 2035 Quia
1141 1963 1233 2026 stella
1251 1963 1328 2026 haec
1343 1981 1405 2029 nou
1420 1962 1480 2026 fuit
1497 1981 1515 2024 e
1530 1981 1589 2024 uu·
1625 1967 1628 1976 “

233 2069 316 2114 mero
339 2051 538 2114 communium
553 2058 738 2114 cometarum
760 2060 815 2115 aut
835 2071 980 2116 novorum
996 2052 1140 2127 siderum,
1163 2051 1221 2122 sed
1235 2052 1368 2116 accessit
1382 2051 1427 2115 illi
1442 2049 1590 2132 privatius

235 2138 410 2203 miraculum
425 2146 526 2204 motus
541 2140 572 2204 iu
587 2140 721 2205 inferiori
736 2141 861 2222 regione
877 2142 965 2204 atris.
1004 2140 1155 2213 Quamdiu
1176 2140 1269 2221 igitur
1291 2140 1384 2206 stella
1398 2141 1468 2204 visa
1492 2139 1591 2202 estin

235 2229 359 2292 aethere
375 2228 455 2292 iuter
470 2237 591 2292 ceteras
607 2229 708 2292 oriem
724 2236 756 2292 et
767 2225 928 2305 ¹occidens,
944 2231 1107 2294 commovit
1121 2230 1239 2311 quidem
1254 2229 1393 2294 novitate
1409 2227 1589 2293 Chaldaeos

234 2317 420 2398 astrologiae
435 2318 566 2398 peritos,
589 2325 623 2380 at
638 2319 675 2381 de
691 2335 724 2381 re
740 2319 843 2399 aliqua
857 2327 943 2383 corta
963 2319 995 2384 iu
1014 2319 1168 2384 individuo
1190 2339 1250 2382 uon
1265 2319 1395 2382 monuit:
1420 2325 1590 2400 postquam

235 2425 308 2476 vero
324 2425 392 2470 sese
412 2407 443 2469 iu
466 2413 569 2470 aerem
592 2407 751 2472 demittere
774 2409 941 2472 etsensim
964 2407 1153 2472 occidentem
1175 2427 1297 2473 versum
1317 2407 1463 2489 progredi
1487 2404 1590 2487 coepit

234 2496 416 2579 tandemque
431 2495 462 2558 iu
478 2496 667 2560 occidentem
681 2503 807 2578 recepta
826 2497 988 2578 disparuit:
1019 2504 1083 2561 tum
1106 2497 1224 2560 demum
1246 2498 1328 2578 magi
1351 2495 1514 2561 consilium
1536 2515 1589 2558 se·

235 2585 346 2672 queudi
362 2604 470 2667 cepere
485 2593 691 2667 veneruntque
708 2588 852 2650 memoria
865 2586 984 2650 itineris
1006 2587 1117 2650 stellae
1142 2586 1173 2648 iu
1186 2584 1337 2650 Judaeum
1358 2593 1415 2650 aut
1430 2592 1506 2648 aute
1523 2585 1588 2648 dis·

235 2693 353 2738 cessum
376 2675 566 2756 eBabyloue
589 2675 670 2738 docti
693 2676 814 2740 fuerunt
835 2697 855 2740 a
875 2676 1001 2740 ludaeis
1022 2675 1201 2757 Babyloniis
1221 2693 1260 2739 ex
1280 2676 1368 2739 Mose
1391 2683 1425 2738 et
1446 2673 1590 2748 Daniele,

163 2847 167 2854 Υ
233 2765 421 2828 nasciturum
442 2783 482 2832 ex
504 2763 631 2826 Judaeis
657 2783 761 2844 regem
789 2765 881 2828 stella
907 2765 1229 2847 praesignificandum,
1252 2764 1464 2828 universitatis
1489 2781 1590 2832 rerum

235 2853 395 2917 domiuum.
966 2887 969 2896 ·
1063 2903 1068 2912 .

322 2941 478 3028 Summam
493 2941 572 3005 euim
588 2947 710 3023 oportet
724 2941 817 3006 fuisse
834 2942 1017 3007 audentiam
1033 2962 1099 3006 curu
1113 2941 1210 3024 ipsius
1226 2941 1350 3018 stellae,
1366 2949 1431 3006 tum
1447 2941 1589 3022 descrip-

234 3030 327 3094 tionis
343 3031 409 3094 nati
424 3031 521 3113 regis,
546 3038 581 3094 ut
595 3050 673 3111 quae
688 3049 795 3112 magos
810 3031 980 3096 exoriente
997 3032 1110 3096 aditet
1126 3039 1190 3094 tam
1205 3031 1401 3112 longinquum
1417 3030 1589 3113 etquidem

233 3120 313 3182 huuc
327 3120 517 3200 potissimum
532 3138 635 3200 regem
650 3120 798 3209 adorandi
814 3141 907 3184 causa
920 3121 1078 3202 permovit
1124 3119 1211 3192 Quae
1232 3121 1294 3185 dixi
1310 3121 1347 3182 de
1363 3129 1449 3184 motu
1467 3121 1589 3192 stellae,

235 3216 441 3272 consentanea
456 3216 529 3272 eunt
542 3210 761 3290 Evangelistae
776 3215 809 3272 et
823 3209 876 3285 iis,
899 3228 975 3291 quae
997 3217 1108 3292 postea
1122 3227 1212 3292 quam
1226 3209 1450 3291 Hierosolymis
1465 3209 1588 3272 disces·

236 3315 302 3360 sum
317 3296 421 3360 iubae
436 3298 528 3361 stella
544 3307 616 3362 suut
630 3298 805 3362 observata.
831 3299 930 3375 „Ecce
946 3299 1026 3362 euim
1042 3299 1141 3374 stella,
1157 3317 1247 3380 quam
1262 3299 1405 3362 videraut
1417 3300 1452 3362 iu
1467 3299 1588 3362 umente

235 3381 328 3468 (quae
344 3405 378 3448 se
393 3386 454 3450 illis
469 3387 664 3462 subduxerat,
679 3388 711 3452 in
727 3388 914 3452 occidentem
930 3388 1067 3452 discessu
1082 3389 1165 3452 facto
1172 3407 1182 3462 ς
1194 3387 1260 3468 jam
1275 3388 1307 3451 iu
1323 3395 1526 3469 conspectum
1536 3407 1588 3450 re·

235 3475 291 3538 diit
307 3467 354 3555 et)
370 3475 574 3539 antecedebat
589 3495 658 3550 eos,
680 3495 774 3558 usque
797 3477 867 3540 dum
889 3477 1014 3542 veniens
1036 3484 1136 3541 staret
1149 3477 1201 3540 ubi
1217 3485 1286 3540 erat
1299 3494 1383 3557 puer.
1430 3477 1587 3540 Videutes

234 3565 476 3639 autemstellam,
492 3565 590 3645 gavisi
599 3573 671 3642 sunt
679 3565 791 3650 gaudio
801 3567 943 3646 maguo“,
958 3567 1036 3648 quod
1053 3567 1117 3630 soil.
1133 3585 1201 3630 eam
1215 3565 1299 3647 prins
1315 3565 1488 3630 amiserant
1503 3585 1588 3632 eam-

235 3671 293 3734 que
315 3651 394 3716 felioi
416 3653 613 3734 profectionis
636 3654 761 3718 consilio
781 3655 812 3720 iu
832 3655 952 3720 Judaea
973 3675 1092 3720 rursum
1113 3656 1308 3736 reperissent
1352 3655 1402 3718 Ex
1423 3655 1485 3720 boc
1511 3655 1587 3718 adeo
1695 3653 1696 3658 ’

235 3741 343 3804 stellae
359 3753 443 3806 motu
458 3750 564 3806 natam
578 3750 654 3823 puto
669 3744 782 3808 famam
797 3743 880 3806 illam
895 3745 1153 3825 vulgatissimam,
1175 3745 1212 3806 de
1233 3764 1294 3826 qua
1307 3741 1464 3824 Josepbus
1482 3746 1514 3808 in
1531 3744 1586 3806 da·

234 3830 398 3912 scriptione
419 3831 491 3894 belli
511 3832 649 3906 Judaici,
673 3833 738 3896 fore
761 3831 797 3896 ut
815 3833 987 3896 valesceret
1009 3834 1111 3898 oriens
1132 3839 1166 3896 et
1186 3833 1307 3898 Judaaa
1327 3827 1393 3914 (vel
1416 3853 1437 3896 a
1458 3833 1587 3899 Judaeis

234 3918 360 3984 orientis
375 3916 497 4001 ineolis)
513 3921 644 4001 profecti
660 3909 716 4002 (ad
730 3930 845 3984 motum
860 3919 986 4005 stellae)
1002 3943 1102 3986 rerum
1116 3922 1296 4004 potirentur.
1340 3922 1385 3986 Et
1399 3923 1470 4003 quis
1486 3930 1588 4004 neget,

233 4008 293 4090 ipsi
307 4008 490 4073 Parthorum
504 4009 586 4090 regi,
602 4011 657 4080 sub
674 4025 732 4092 quo
747 4011 830 4091 magi
845 4019 878 4072 et
891 4009 1001 4075 Judaei
1015 4011 1195 4094 Babylonici
1210 4011 1379 4092 degebant,
1394 4012 1512 4074 famam
1527 4011 1586 4074 hu-

229 4097 281 4178 jus
302 4096 411 4160 stellae
430 4098 699 4181 vaticiniorumque
721 4100 845 4180 spiritus
860 4097 967 4164 tentos
983 4101 1151 4176 addidisse,
1173 4107 1208 4162 ut
1229 4117 1308 4164 anno
1331 4101 1384 4164 40.
1405 4101 1589 4166 Armmiam

233 4186 380 4250 Romanis
397 4188 513 4268 eripere
529 4195 618 4270 rupto
633 4189 756 4252 foedere
772 4190 908 4264 auderet,
924 4209 1051 4271 sperans
1067 4211 1100 4254 se
1109 4190 1266 4254 Romanos
1281 4190 1319 4253 de
1333 4189 1454 4270 imperii
1463 4190 1588 4254 maximi

233 4276 426 4358 possessione
442 4276 648 4357 dejecturum?
695 4275 776 4350 Quid
791 4278 870 4342 enim
884 4278 973 4360 hujus
988 4299 1048 4343 uon
1063 4280 1152 4343 fieret
1165 4279 1197 4342 iu
1211 4278 1341 4343 Parthia
1356 4277 1587 4344 Chaldaeorum

233 4364 344 4446 patria,
359 4365 410 4428 uhi
425 4367 507 4445 magi
522 4366 562 4430 ad
576 4385 703 4447 reguum
717 4369 822 4432 vocari
837 4369 936 4440 soliti:
953 4369 979 4432 si
994 4370 1026 4434 iu
1040 4369 1141 4432 media
1155 4367 1270 4443 Roma,
1284 4367 1364 4432 uude
1380 4369 1480 4432 toties
1497 4368 1587 4450 ejecti

236 4453 386 4518 Chaldaei
408 4455 629 4532 mathematici,
653 4456 731 4520 talia
752 4458 939 4533 factasunt,
961 4466 995 4522 et
1009 4457 1093 4524 Otho
1109 4457 1368 4539 praedictionibus
1384 4459 1585 4522 mathemati-

235 4561 337 4606 corum
347 4543 456 4618 elatus,
470 4543 519 4625 qui
534 4563 629 4608 novos
644 4551 746 4622 motus
763 4552 795 4608 et
809 4547 923 4610 clarum
933 4547 1049 4614 Othoni
1064 4565 1175 4613 annum
1184 4547 1373 4622 asserebant,
1390 4545 1514 4612 Galbae
1528 4548 1586 4610 im·

136 4674 138 4685 ·
235 4631 351 4712 perium
367 4632 484 4712 eripere
500 4651 593 4695 ausus
608 4635 679 4696 est?
869 4655 870 4660 ¹
1376 4702 1379 4718 ,

321 4719 381 4800 Egi
395 4718 544 4784 hacteuus
560 4740 628 4784 curu
643 4723 794 4804 theologis
810 4731 844 4786 et
851 4722 1029 4800 historicis,
1050 4725 1210 4806 patiantur
1231 4743 1309 4790 nunc
1331 4744 1380 4788 mc
1396 4725 1583 4806 astrologiae

234 4825 295 4870 non
309 4807 447 4888 ignarum
462 4816 495 4872 et
510 4827 578 4874 cum
591 4813 758 4893 astrologis
774 4831 882 4894 agere,
903 4813 1012 4896 quibus
1033 4833 1090 4896 ego
1106 4815 1216 4879 stellae
1232 4833 1390 4898 magorum
1404 4822 1581 4896 argumento
