3400 5538
259 189 323 252 553
831 187 1005 240 rmrm
1125 211 1135 232 ,

346 367 543 440 Epingrna
563 367 853 438 comparativum
887 369 933 422 Sle
952 373 1097 438 segne-u
1116 367 1237 422 oonnhlis
1256 367 1407 437 pnrnholin'
1427 373 1493 422 rut
1512 367 1583 420 inter

259 467 290 503 se
311 447 340 504 in
359 449 543 518 proportione,
564 465 636 519 qnae
655 455 699 502 est
718 448 790 502 inter
809 449 947 518 quadrata
967 449 1070 500 axium
1111 449 1241 511 (Archia
1261 449 1422 517 hphaeruid
1444 450 1504 507 26.)

349 528 631 584 Corollarinlnl.
671 529 823 598 &guenta
846 536 1050 598 segmentum
1075 529 1213 596 sphaerae
1233 531 1344 582 molens
1368 528 1474 581 lube-t
1495 531 1584 598 leges,

258 611 331 681 qnod
352 623 469 677 eorpora
489 609 597 670 attinet,
618 625 690 680 qnae
705 625 789 678 supra
808 607 919 661 fuerunt
934 607 1056 676 ejusdem
1072 609 1185 678 generis
1204 618 1409 678 segmentum
1427 607 1583 677 superficiei

258 691 286 744 in
307 688 452 742 corollario
473 689 510 741 nd
531 689 591 742 Vll.

349 766 589 822 Corollarinn
614 769 650 822 lL
695 768 774 821 Zona
802 767 940 837 sphaerae
968 775 998 819 et
1023 766 1202 836 sphaeroid'a,
1232 783 1282 820 oen
1310 783 1409 836 orpus
1439 769 1585 828 molare,

260 853 417 902 contentum
436 853 518 916 purte
537 847 689 917 superficiei
709 849 846 916 sphaerae
864 849 910 901 rel
929 847 1100 916 sphaeroidis
1123 847 1222 909 medin,
1242 864 1315 918 qnae
1334 864 1404 899 nona
1424 848 1535 905 dicitm.
1556 853 1584 898 et

258 927 401 997 superficie
420 927 571 996 cylindriea
591 929 678 990 mars,
697 929 781 990 haee,
802 927 919 998 inquam,
940 929 979 980 sie
998 927 1192 996 investigatur.
1232 933 1258 982 Δ
1275 927 1397 996 quiam
1414 929 1462 980 rel
1480 925 1584 996 sphae-

259 1009 336 1062 roide
356 1005 519 1061 adluuntur
538 1007 604 1060 hina
632 1015 778 1077 segmenta
802 1007 933 1078 aequalia
957 1013 987 1060 et
1006 1008 1131 1076 cylinder
1149 1022 1237 1060 nonae
1256 1008 1435 1078 aequentur,
1468 1006 1583 1060 basilius

260 1087 615 1158 iisdemcumsegmentis
641 1087 1206 1157 ablatis‚rennetqnennrpnnznnne
1246 1085 1585 1148 mmmm

259 1167 350 1220 media
373 1165 451 1237 globi
476 1169 521 1221 rel
547 1167 731 1236 sphaeroidis,
757 1169 806 1220 ned
833 1167 965 1220 inclinata
989 1169 1025 1220 nd
1048 1167 1145 1235 polum
1169 1183 1219 1220 sen
1245 1167 1393 1230 verticem,
1417 1166 1585 1220 auferuntur

261 1246 1249 1317 segmenminaequnliaettruneuneonintremaneattalisrnna.

216 1377 220 1384 .
347 1326 516 1396 iutelligitur
541 1333 634 1380 autem
658 1343 743 1389 nona,
768 1327 812 1380 cni
837 1327 1011 1380 aarum
1030 1327 1067 1379 sit
1087 1327 1240 1396 aequabilis
1266 1326 1384 1380 latitudo
1405 1333 1435 1380 et
1455 1325 1509 1378 suh
1529 1341 1586 1394 qna

261 1403 296 1458 sit
316 1413 405 1459 moure
424 1413 535 1460 truncm
555 1407 664 1462 eunicus
683 1409 879 1477 parallelorum
899 1407 1015 1470 hosium,
1035 1406 1113 1476 enjus
1132 1405 1312 1460 dimensiones
1327 1405 1390 1476 jam
1409 1405 1438 1458 in
1457 1406 1583 1475 proximo

261 1487 434 1540 theoremate
454 1493 611 1557 nequeam.

781 1596 959 1661 Theorema
979 1595 1063 1660 ΧΠ

349 1701 456 1770 Genus
484 1709 615 1768 secatur
636 1703 741 1768 varie:
771 1711 828 1770 aut
856 1703 942 1768 enim
967 1725 1025 1788 per
1053 1701 1204 1770 verticem
1230 1707 1263 1766 et
1287 1701 1398 1780 basin,
1421 1707 1457 1766 et
1477 1702 1513 1768 id
1535 1702 1583 1768 rel

261 1791 358 1877 plano
378 1791 427 1857 vel
448 1792 616 1878 superficie
638 1793 704 1859 alin
725 1794 797 1858 coni
818 1794 958 1872 minoris,
981 1791 1130 1858 habentis
1149 1791 1289 1857 eundem
1310 1793 1473 1857 verticem.

261 1923 304 1990 In
324 1931 456 2007 atroque
477 1945 554 1990 caat
575 1932 733 2008 seponto
755 1927 824 1991 coni
846 1925 1012 2010 omrreolta
1032 1931 1106 1989 arnt
1131 1930 1168 1989 ot
1189 1945 1297 1990 eontm
1318 1925 1408 1990 bases
1430 1925 1517 1990 inter
1538 1945 1580 1990 se.

351 2039 435 2106 Nam
457 2061 555 2106 eoum
576 2049 626 2106 est
647 2041 701 2106 hie
722 2043 819 2108 veluti
840 2041 979 2108 cuculus
1006 2047 1212 2125 corporams3
1242 2041 1327 2106 idem
1353 2041 1452 2126 igitur
1473 2063 1497 2105 a
1518 2061 1583 2104 sec-

263 2129 350 2195 tione
372 2129 508 2212 patitur,
531 2131 618 2214 qnod
640 2131 779 2198 ohcnlm
800 2152 880 2196 suae
902 2130 1026 2196 hassos.

351 2217 415 2283 hut
436 2225 562 2284 secatur
577 2239 675 2286 conus
697 2220 797 2305 plano
812 2219 970 2303 parallelo
993 2217 1117 2299 lateris,
1136 2221 1227 2303 cujus
1242 2217 1461 2284 circumducto
1486 2239 1586 2283 conus

263 2312 312 2372 est
337 2313 481 2388 creatum
512 2314 571 2373 aut
599 2329 707 2391 neque
735 2309 911 2393 parallelo,
941 2307 998 2372 sed
1028 2329 1128 2391 supra
1156 2308 1305 2401 verticem
1334 2315 1425 2372 extra
1447 2307 1585 2390 liguram

266 2415 465 2462 concursum
495 2417 567 2461 cum
596 2397 712 2462 latere:
749 2403 888 2480 utroque
910 2419 988 2461 casu
1017 2395 1103 2462 fiunt
1131 2398 1293 2480 portiones
1322 2396 1522 2474 indefinitae,
1544 2396 1584 2459 de

264 2505 403 2568 (purarum
424 2484 584 2552 soliditate
604 2487 696 2554 nulla
717 2486 795 2551 dum
817 2487 998 2570 disquisitio
1019 2487 1107 2552 iacta
1129 2506 1150 2550 a
1175 2488 1354 2569 geometris,
1383 2507 1446 2552 usn
1467 2486 1586 2568 quippe

264 2595 330 2638 non
351 2573 509 2656 exigente.

352 2663 418 2728 hut
439 2669 565 2729 secatur
579 2683 684 2730 ¹eronus
697 2663 796 2749 plano
811 2683 870 2749 per
885 2663 972 2728 latos
990 2669 1175 2745 utrumqne,
1200 2661 1344 2746 firmtqne
1357 2667 1468 2748 partes
1490 2663 1584 2740 duae,

264 2749 437 2838 reticulis·
456 2751 602 2836 superior
636 2759 669 2818 et
702 2760 837 2828 truncus
865 2753 1006 2818 inferior.
1052 2752 1253 2830 Verticolem,
1288 2753 1387 2836 plano
1416 2751 1462 2816 ad
1492 2768 1585 2817 axem

265 2838 405 2923 obliquo,
429 2839 636 2906 Archimedes
657 2841 836 2926 portionem
857 2841 930 2910 coni
951 2840 1067 2906 malmt
1088 2841 1264 2925 appellare,
1292 2861 1467 2924 agnosms
1490 2860 1585 2906 conss

265 2949 330 2992 non
358 2927 449 3006 alios,
483 2951 582 3014 quam
611 2933 843 3014 aequicrun'os,
878 2930 1068 3014 Apollonius
1093 2939 1187 3010 uero,
1223 2949 1319 2996 conos
1350 2930 1471 2996 faciens
1506 2929 1586 2993 alios

266 3015 496 3098 aequicrurius,
526 3019 608 3084 alios
633 3019 776 3086 scalenos
807 3021 910 3105 (cujus
942 3017 1122 3102 exemplum
1150 3020 1184 3084 in
1213 3019 1374 3084 schemate
1396 3018 1455 3099 4.),
1486 3016 1585 3082 talem

266 3105 452 3188 portionem,
484 3109 689 3189 quantumvis
718 3129 778 3174 axe
807 3129 865 3191 per
894 3107 1057 3193 obliquum
1087 3115 1183 3188 secto,
1215 3108 1384 3174 dummodo
1413 3109 1515 3172 sectio
1545 3107 1585 3170 sit

269 3192 413 3272 circulum,
436 3215 496 3278 pro
518 3215 597 3262 cono
621 3203 654 3262 et
675 3197 779 3280 ipsam
800 3197 953 3280 agnmcit.

356 3279 445 3358 Quod
473 3285 591 3349 attinet
620 3291 819 3370 segmentum
849 3285 1008 3362 verticala
1044 3287 1113 3370 ejus
1142 3287 1242 3352 sectio
1271 3284 1309 3350 fit
1338 3283 1468 3368 ellipsis,
1505 3303 1587 3366 quae

269 3367 367 3435 habet
388 3377 530 3438 centrum
552 3395 642 3440 suum
664 3381 757 3440 extra
778 3395 880 3454 axem,
912 3396 1020 3440 versus
1042 3374 1129 3439 latus
1157 3377 1228 3441 coni
1254 3375 1389 3457 longius.
1435 3373 1474 3437 In
1499 3374 1584 3437 sehe-

269 3463 356 3524 mate
379 3465 408 3528 8.
426 3461 496 3526 coni
519 3461 605 3530 GYN
628 3463 697 3528 axis
712 3469 761 3528 est
785 3465 878 3543 GAB,
894 3467 985 3549 cujus
1000 3469 1196 3550 segmentum
1218 3463 1368 3528 verticale
1385 3461 1473 3527 GNA
1496 3462 1587 3526 basin

268 3545 366 3612 habet
388 3549 524 3633 ellipsin,
549 3573 630 3635 qnae
652 3559 913 3638 repraesentatur
934 3573 993 3638 per
1014 3553 1130 3617 lineam
1151 3553 1221 3632 ΝΖ,
1251 3557 1342 3637 eujus
1365 3558 1512 3620 centrum
1535 3571 1586 3614 seu

268 3635 418 3718 medium,
441 3639 497 3704 ubi
519 3639 685 3720 latissima,
711 3648 759 3708 est
780 3643 863 3706 infra
885 3641 920 3720 A,
945 3641 1114 3706 sectionem
1137 3645 1206 3726 ejus
1228 3661 1300 3718 oum
1323 3662 1391 3719 axe,
1412 3659 1527 3704 versus
1549 3637 1585 3702 h'.

324 3799 327 3812 Ι
357 3724 462 3810 Atque
490 3727 551 3794 hoc
574 3735 623 3795 est
642 3746 777 3814 ,semper
809 3733 912 3814 majus
934 3738 1096 3813 segmento
1123 3737 1211 3796 recto
1232 3730 1298 3808 illo,
1321 3729 1354 3793 in
1370 3751 1435 3810 quo
1456 3729 1586 3812 planum

269 3813 312 3880 ad
332 3811 426 3888 basin
449 3816 506 3882 ΝΥ
540 3819 733 3902 parallelum
760 3841 827 3902 per¹
852 3819 1024 3884 terminum
1055 3819 1125 3886 axis
1154 3817 1196 3884 ab
1220 3819 1324 3902 ellipsi
1352 3817 1432 3882 secti
1460 3817 1586 3893 transit,
1620 3873 1622 3882 ,

268 3925 312 3969 so.
336 3924 395 3986 per
416 3903 462 3972 A..
492 3907 575 3972 Nam
595 3906 730 3993 planum
752 3929 873 3988 secans,
892 3909 925 3974 in
940 3907 968 3971 A
982 3909 1080 3972 fixum
1097 3914 1129 3972 et
1152 3908 1195 3978 ad
1211 3929 1303 3973 axem
1319 3905 1374 3970 Gn
1388 3904 1587 3984 inclinatum,

269 3991 342 4076 plus
364 3990 405 4057 de
427 4015 560 4078 corpore
583 3997 653 4062 coni
675 3998 816 4081 acquirit
836 4003 928 4080 parte
950 3997 1016 4074 AN,
1042 4017 1139 4079 quom
1161 3997 1280 4090 amittit
1303 4001 1397 4079 parte
1419 3994 1483 4059 ΑΖ.

357 4081 407 4146 An
428 4089 536 4149 autem
558 4085 632 4151 huic
654 4092 814 4170 segmento
836 4085 924 4151 GNA
946 4086 1091 4169 aequalis
1113 4086 1156 4150 sit
1171 4107 1269 4154 onnus
1290 4085 1353 4164 iile,
1377 4085 1470 4167 cujus
1494 4083 1587 4160 basis,

270 4161 340 4234 basi
362 4169 418 4234 NY
439 4173 607 4257 parallelo,
631 4196 691 4262 per
713 4182 858 4241 centrum
881 4174 1000 4258 ellipsis
1034 4174 1117 4239 inira
1138 4177 1167 4240 A
1188 4176 1320 4258 transit,
1350 4171 1385 4238 id
1408 4173 1586 4238 considera-

270 4259 356 4324 tione
386 4260 517 4344 dignum
547 4271 609 4330 est:
640 4263 718 4352 milri
745 4264 889 4330 ‘nondum
911 4262 1021 4347 liquet,
1045 4283 1104 4327 neo
1122 4266 1190 4348 jam
1216 4269 1319 4338 vacat.
1365 4260 1445 4326 Vide
1468 4261 1589 4326 dehoc
1675 4319 1676 4324 ,

270 4345 356 4413 infra
376 4348 576 4418 theoremate
599 4354 746 4435 sequenti
768 4353 887 4436 aliqua.

358 4433 491 4504 Interim
512 4440 545 4506 in
567 4461 681 4522 genere
710 4442 750 4508 de
779 4443 865 4508 omni
893 4447 1055 4524 segmento
1085 4440 1228 4506 verticuli
1249 4461 1364 4504 verum·
1384 4443 1445 4504 estv
1463 4437 1511 4504 th.
1538 4443 1584 4501 ll.

271 4522 456 4609 Sphaeroid.
503 4529 706 4610 Archimedis,
730 4530 904 4595 secundum
924 4529 1010 4612 quod
1030 4531 1116 4596 coni
1138 4529 1370 4612 segmentive
1391 4525 1588 4593 verticalis
1675 4581 1676 4590 ,

272 4613 314 4694 aql
345 4635 477 4679 conum
510 4619 712 4703 proportio
747 4619 987 4702 uomponitur
1018 4637 1061 4684 ex
1096 4617 1409 4704 proportionibus
1444 4617 1589 4682 basium
1675 4649 1676 4686 l

272 4702 374 4767 inter
397 4723 435 4766 se
458 4711 494 4770 et
516 4706 766 4774 altitudinum
788 4709 887 4773 inter
910 4729 957 4772 sc.
