3406 5542
154 345 157 352 ,
222 263 288 332 era
721 281 1057 344 auerso-occas

219 425 270 490 hic
286 423 437 490 Calvisius
454 427 491 492 de
508 444 586 490 anun
601 425 792 500 bhdulieuo.
837 425 901 490 Sed
914 443 1018 508 perge.
1061 425 1145 489 Dicit
1157 424 1252 506 igitur
1264 418 1427 505 Jcsephus,
1440 415 1477 489 id¹
1488 415 1563 485 eve:

222 514 304 580 nisse
319 516 474 582 Archelao
490 535 568 578 anuo
588 517 636 578 1¹0.
652 517 746 596 regni,
762 516 822 578 elio
837 517 904 580 loco
921 515 996 580 dicit
1011 534 1090 578 enno
1106 514 1135 579 9.
1168 513 1218 577 Sit
1232 513 1292 576 iste
1308 513 1489 595 completus,
1511 513 1564 575 ille

220 623 353 680 sumens,
369 612 401 666 et
416 607 501 668 auler
517 603 630 668 solidos
646 603 666 669 9
682 605 720 668 ab
737 625 815 668 anuo
832 605 883 680 51,
897 605 1076 686 relinquitur
1090 603 1177 667 initio
1192 602 1338 668 Archelai
1353 603 1405 665 lilii
1425 608 1459 665 et
1473 601 1566 663 morti

219 693 318 776 patris
339 693 471 756 Herodis
492 713 610 756 rursum
631 701 667 756 ut
685 693 769 774 prius
785 713 881 757 eunus
905 694 956 757 42
970 693 1110 757 Julianus
1130 711 1262 756 currens.
1308 691 1434 772 Corrige
1457 691 1566 764 denuo,

225 779 356 857 Calvisi,
379 783 405 844 si
420 782 466 844 vis
480 780 647 864 Jcsephem
663 801 701 852 ex
715 781 824 858 Dione,
846 783 893 846 dic
908 783 1017 846 falsum
1039 801 1107 846 esse
1123 783 1304 845 affirmatum
1326 781 1364 843 de
1380 799 1459 844 anuo
1476 799 1567 854 nono,

221 871 340 953 qnando
356 871 457 933 omnia
477 873 625 954 complete
641 891 790 935 numeras.
834 872 878 934 Et
891 872 949 935 hoc
963 872 1083 938 interim
1099 879 1189 946 uota,
1212 879 1244 933 ts
1260 870 1378 952 quoties
1399 887 1566 950 argumen-

221 958 300 1022 taris
316 959 501 1042 ex=Josepho
517 961 611 1024 toties
626 961 721 1042 ipsius
744 979 883 1024 numeros
908 962 1074 1043 corrigere,
1099 962 1175 1023 adeo
1192 959 1319 1042 quidem,
1333 966 1369 1022 nt
1384 959 1434 1022 fol.
1446 958 1488 1022 29
1504 975 1567 1021 non

220 1046 354 1110 verearis
369 1049 530 1125 affirmare,
543 1048 711 1132 Josephum
727 1051 856 1114 omnium
879 1058 913 1112 et
927 1051 1112 1132 singulorum
1126 1049 1333 1112 Herodiadum
1346 1049 1490 1129 periodos
1505 1048 1566 1110 im·

219 1137 295 1219 perii
310 1138 488 1220 corrupisse,
502 1139 634 1202 Herodis
649 1139 890 1215 contrahentem,
903 1139 1083 1222 reliquorum
1099 1139 1321 1202 extendentem.
1367 1136 1447 1208 Quin
1462 1136 1568 1219 potins

220 1225 321 1288 missis
337 1227 574 1291 correctionibus
590 1229 687 1292 fatere
703 1227 783 1310 quod
798 1247 847 1292 res
864 1235 922 1304 est,
937 1229 1075 1311 quicquid
1091 1227 1342 1310 dieetdosephns,
1357 1243 1567 1309 quamcunque

221 1321 367 1378 cenetens
390 1315 432 1378 sit
453 1316 483 1379 in
505 1337 560 1380 sua
574 1319 751 1380 numerandi
765 1318 898 1394 ratione,
920 1325 952 1380 te
967 1318 1012 1382 illi
1026 1337 1087 1380 non
1101 1318 1224 1381 credere
1240 1317 1328 1380 velle.
1372 1317 1439 1380 Hoc
1455 1315 1482 1378 si
1498 1337 1517 1376 a
1532 1323 1568 1376 te

218 1403 438 1485 impetravero,
459 1406 612 1470 dimidium
628 1407 840 1482 accusationis,
862 1427 951 1490 quem
965 1407 997 1469 iu
1011 1427 1059 1470 me
1074 1408 1156 1470 texis
1171 1407 1221 1470 fol.
1240 1407 1288 1468 12.
1304 1405 1478 1486 Epistolee,
1498 1403 1567 1466 dis-

221 1511 342 1556 cussum
357 1494 423 1557 erit
452 1495 518 1576 Ego
535 1495 613 1558 cuim
627 1496 776 1559 hactenus
791 1497 988 1578 interpretem
1004 1515 1062 1577 ago
1077 1495 1204 1578 Jcsephi
1220 1503 1253 1558 et
1267 1495 1452 1569 demonstro,
1466 1495 1569 1575 ipsum

220 1581 357 1646 omnibns
372 1584 467 1647 modis
483 1603 585 1648 secum
599 1584 666 1665 ipso
682 1586 854 1648 consentire
869 1586 899 1648 in
910 1585 1148 1650 dinumeratione
1160 1602 1306 1648 annornm
1320 1582 1568 1666 reguiHcrodis;

219 1671 309 1734 tidem
324 1670 389 1752 ejus
411 1672 492 1736 eirca
505 1673 653 1756 principie
667 1675 798 1738 Herodis
818 1673 945 1756 probavi
967 1695 1005 1738 ex
1020 1675 1173 1738 historicis
1188 1675 1356 1738 Romaniss
1374 1693 1413 1736 en
1436 1681 1470 1735 et
1484 1673 1570 1734 circa

220 1779 377 1824 excessum
398 1762 528 1825 Herodis
550 1770 653 1826 certus
675 1763 718 1833 sit
739 1763 803 1844 ejus
827 1764 959 1826 calculus
983 1757 1083 1846 (certe
1103 1765 1194 1827 rebus
1217 1763 1329 1844 gestis,
1351 1781 1428 1845 ques
1450 1768 1569 1835 narrat,

220 1848 361 1914 inuentos
377 1857 426 1914 cst
439 1845 693 1934 consentaneus),
712 1852 742 1915 id
757 1871 831 1944 vero
848 1853 1042 1935 sequentibus
1058 1851 1174 1917 duobus
1194 1853 1345 1936 capitibus
1362 1851 1570 1932 dispiciemus.

786 2205 905 2308 Caput
930 2205 1002 2282 IX.

235 2437 237 2442 ,
263 2381 511 2448 Damascena
526 2383 705 2446 obessem
720 2386 945 2459 cetronmrsico,
966 2384 1088 2450 amdam
1109 2405 1175 2450 esse
1188 2405 1329 2449 morere
1348 2387 1383 2450 c'n
1398 2381 1524 2455 calmeta

337 2471 476 2555 Jcsspbc',
490 2481 671 2537 menecea
685 2472 1002 2540 ascenaentem
1013 2495 1036 2539 a
1051 2475 1156 2558 presso
1171 2475 1264 2538 initio
1279 2483 1446 2540 cameratas.

309 2651 411 2716 Primo
425 2651 528 2732 itaque
544 2669 624 2714 anne
633 2652 755 2728 liberii,
769 2661 805 2715 ut
820 2672 886 2735 cap.
896 2649 925 2717 ’1.
940 2619 1111 2738 probatum,
1124 2653 1353 2718 moreJudaico'
1362 2653 1524 2717 desinente
1539 2653 1571 2715 in

221 2737 328 2814 Nicen,
344 2739 470 2820 primum
485 2759 620 2802 mensem
634 2741 802 2818 Judaicum,
819 2744 972 2824 quidnam
989 2745 1059 2807 anni
1074 2743 1126 2807 59.
1140 2743 1254 2807 Julicni
1269 2744 1406 2824 proxime
1423 2743 1571 2823 seqnitur,
1678 2792 1681 2798 .

223 2829 315 2890 etsie
333 2827 381 2890 15.
405 2849 482 2892 anuo
498 2829 625 2904 liberii,
649 2831 732 2910 cnjus
754 2833 937 2896 mentionem
957 2833 1032 2896 iecit
1045 2833 1261 2914 Evangelista,
1282 2831 1448 2913 incipiente
1464 2849 1570 2894 mense

220 2916 321 2996 Aprili
336 2918 408 2980 anui
422 2917 534 2981 Julieni
556 2913 612 2992 73,
634 2920 832 3000 sequebatur,
852 2919 1003 2986 Joannem
1022 2923 1063 2986 ed
1078 2921 1294 3003 baptizandum
1313 2921 1466 3002 prodiisse
1489 2921 1572 2983 circe

222 3011 396 3070 autumnum
411 3007 480 3070 anui
496 3000 669 3070 73.Julienl
685 3016 717 3072 ct
727 3008 881 3074 Ohristum
898 3011 938 3074 ed
952 3011 1136 3092 baptismum
1150 3011 1272 3074 venisse
1283 3030 1361 3073 anno
1378 3006 1430 3074 74.
1446 3009 1572 3072 Juliano

220 3094 384 3176 incipiente
400 3103 453 3158 ant
467 3091 517 3160 73.
533 3096 672 3160 finiente:
690 3099 1010 3179 quandoLucasillum
1027 3101 1101 3164 dicit
1115 3101 1208 3164 luisse
1224 3099 1346 3164 circiter
1361 3100 1572 3162 30anncrom

220 3184 288 3245 Hoc
304 3182 348 3246 sie
364 3185 529 3247 constituto
542 3193 579 3250 et
593 3183 636 3248 30
647 3186 751 3250 solidis
767 3189 854 3250 aunis
870 3190 914 3252 sie
928 3190 1067 3271 praecise
1084 3189 1215 3252 delinitis
1232 3189 1271 3251 ab
1287 3179 1429 3252 enneli.
1445 3188 1572 3250 finiente

222 3271 398 3348 subtractis,
412 3273 589 3355 relinquitur
603 3274 709 3339 finiens
717 3274 857 3340 Julianus
867 3278 919 3354 43,
935 3277 1220 3361 quandoOhristum
1230 3279 1365 3358 oportuit
1376 3297 1445 3340 esse
1455 3285 1571 3352 natum,

223 3359 405 3441 sipraecise
419 3362 494 3426 haec
510 3382 626 3427 summa
641 3365 684 3427 30
701 3385 846 3430 annorum
862 3375 960 3430 esset:
976 3375 1067 3450 atoue
1081 3368 1103 3431 J
1104 3369 1235 3450 oscphns
1249 3364 1403 3430 Herodem
1417 3367 1571 3448 paschate

221 3450 434 3528 praecedentis
463 3451 515 3517 42.
534 3452 601 3532 jam
628 3454 723 3518 habet
751 3459 909 3520 mortuum
955 3455 1032 3520 Cum
1062 3457 1155 3538 igitur
1181 3455 1386 3538 perpenderet
1409 3456 1572 3527 Eusebius,

223 3535 378 3603 Christum
399 3547 503 3604 netum
525 3560 593 3604 esse
613 3550 698 3606 certo
715 3545 903 3626 temporibus
917 3546 1049 3609 Herodis
1071 3546 1169 3626 regis:
1199 3546 1307 3608 meluit
1320 3543 1458 3626 Jcsepho
1482 3544 1572 3607 fldem

222 3626 378 3708 derogare,
393 3647 481 3710 quam
495 3649 649 3694 numerum
658 3632 761 3696 Lucae
776 3633 970 3698 tricenarium
979 3654 1040 3698 non
1050 3642 1225 3699 accuratum
1241 3633 1354 3710 fateri3¹
1363 3651 1452 3715 quem
1462 3633 1572 3704 nodis,-

223 3734 279 3796 que
301 3715 466 3792 Batonius,
488 3717 643 3800 Scaliger,
665 3720 818 3786 Calvisius
843 3723 953 3805 aliique
975 3732 1149 3806 sequnntur.
1193 3723 1319 3786 Interim
1341 3741 1429 3785 nemo
1451 3723 1574 3786 illorum

220 3805 397 3884 perpendit,
418 3827 457 3870 en
474 3808 566 3870 etiem
582 3809 660 3872 eliac
677 3809 925 3876 circumstantiae
940 3813 1046 3876 mortis
1057 3813 1193 3876 <Herodis
1214 3813 1378 3876 secundum
1393 3813 1573 3874 dinumera·

208 3891 337 3958 'tionem
351 3891 478 3975 Jcsephi
493 3897 706 3977 respondeant
751 3901 870 3964 Primus
885 3901 1026 3984 Scaliger
1049 3902 1162 3983 adjecit
1178 3901 1365 3984 aliquantum
1382 3900 1573 3982 diligentiae,

222 3981 354 4048 sednon
370 3983 434 4048 sine
449 3983 584 4048 violenta
600 3987 733 4051 torsione
750 3996 854 4053 textus
868 3991 1004 4072 Jcsephi,
1021 4011 1059 4054 ex
1075 4013 1135 4074 que
1148 3992 1315 4073 Jcsephnm
1330 3990 1429 4071 ipsum
1444 3991 1501 4054 vix
1516 4007 1573 4070 eg·

222 4071 356 4134 noueris:
373 4074 620 4155 exemplotamen
633 4077 706 4140 mihi
718 4079 850 4160 praeivit
860 4079 1574 4162 adcircumstantias-diligentinsexpendendas.

204 4161 208 4176 '
308 4159 414 4226 Secuti
430 4170 501 4226 suut
517 4170 549 4226 et
561 4165 744 4232 Maestlinus
761 4176 794 4232 et
808 4169 987 4242 Deckerius,
1011 4171 1061 4251 qni
1076 4170 1156 4252 qnod
1170 4170 1237 4250 Ego
1254 4169 1285 4231 in
1300 4169 1484 4232 charactere
1501 4187 1573 4232 coe-

222 4248 303 4324 lesti,
319 4249 377 4314 hoc
392 4251 450 4331 ipsi
464 4271 525 4316 una
540 4271 656 4316 mecum
670 4255 702 4318 iu
716 4257 863 4320 historiae
877 4257 1036 4322 Romanae
1059 4257 1286 4322 characteribus
1303 4257 1573 4322 accommodandis

219 4338 448 4419 praestiterunt.
486 4341 536 4404 Ite
551 4343 779 4424 comprobatum
794 4346 918 4408 modam
933 4347 991 4410 tuit
1005 4365 1066 4410 uon
1080 4367 1141 4411 une
1155 4347 1215 4425 via,
1235 4347 1348 4410 nullum
1363 4347 1469 4412 inesse
1486 4365 1580 4412 erro--

220 4446 283 4490 rem
299 4427 330 4491 iu
345 4429 431 4492 annis
447 4429 532 4510 regui
542 4431 672 4495 Herodis
688 4434 856 4516 aJosepho
872 4436 1015 4516 proditis,
1038 4456 1094 4500 nec
1108 4445 1232 4519 praeter
1248 4436 1465 4500 saturianum
1480 4437 1574 4500 ullum

221 4516 311 4578 elium
334 4535 402 4580 esse
424 4538 550 4595 annum,
572 4521 622 4602 qui
643 4523 837 4586 characteres
859 4524 929 4587 illos
952 4525 1105 4589 admittat.
1150 4525 1265 4607 Injum'a
1286 4525 1390 4606 itaque
1414 4527 1502 4590 sacta
1524 4531 1578 4588 cst

219 4604 240 4665 J
241 4605 369 4686 caepho,
392 4607 463 4670 dom
477 4606 506 4670 ei
520 4608 595 4670 fides
611 4609 692 4674 circa
707 4631 804 4676 annos
818 4613 935 4695 imperii
950 4616 1081 4680 Herodis
1097 4615 1255 4696 derogata,
1277 4615 1349 4678 dum
1362 4615 1517 4689 mendum,
1537 4619 1579 4674 ut·

221 4691 428 4758 aithlrisiss
438 4694 489 4758 fol.
500 4695 549 4760 26.
561 4697 730 4778 Epistolae,
745 4701 862 4783 insigne
873 4703 1121 4785 imputatumest,
1137 4704 1218 4786 qnod
1231 4705 1330 4786 ipsum
1346 4704 1410 4767 iere
1426 4704 1570 4767 infamem

221 4779 329 4846 lecerit
343 4790 375 4846 et
389 4801 507 4848 emnem
521 4784 580 4866 ipsi
594 4787 685 4852 iidem
700 4791 780 4871 apud
795 4791 908 4858 multos
923 4793 1125 4876 derogaverit
