3406 5542
213 259 279 332 284
720 231 845 334 Dehnno
856 279 945 336 Natali
958 279 1057 342 Christi.

214 447 253 490 ex
274 426 363 490 bellis
386 425 480 490 serit?
510 424 628 488 Libello
644 424 901 509 praescripseram
922 426 954 489 iu
976 426 1075 490 fronte
1097 423 1201 489 thema
1222 424 1319 506 ipsum
1334 425 1415 508 quod
1433 424 1557 502 defendi,

214 523 338 580 secutus
354 515 523 598 exemplum
536 514 597 578 mei
612 515 789 579 adversarii.
823 515 876 580 Sic
890 514 983 598 igitur
999 522 1111 580 sonant
1124 515 1234 590 verba,
1253 521 1358 578 natum
1373 535 1441 578 esse
1456 516 1558 579 Jesum

216 605 375 670 Christum
391 605 589 670 Servatorem
604 611 638 668 et
651 603 813 680 Dominum
827 613 965 669 nostrum
980 625 1041 668 non
1057 611 1115 669 nuo
1131 611 1251 668 tantum
1266 624 1346 667 anuo
1360 612 1433 668 ants
1448 603 1560 668 initium

216 715 307 758 aerae
330 703 455 759 nostrae
476 693 651 770 hodiernae,
680 701 716 758 ut
744 695 783 758 D.
805 696 969 759 Helisaeus
990 692 1135 758 Rbslinns
1164 713 1231 758 cum
1251 695 1385 758 Henrico
1406 695 1558 776 Buutingo

215 785 357 866 aliisque,
372 803 428 848 uec
444 782 560 852 duobus
576 789 697 846 tantum
713 786 810 860 aunis,
825 792 860 848 ut
870 784 1010 866 Scaliger
1025 792 1058 847 et
1068 782 1221 849 Calvisius
1237 802 1304 846 cum
1317 784 1455 866 plurimis
1465 785 1561 867 scrip-

214 874 331 938 toribus
347 873 564 936 ecclesiasticis
581 880 736 942 statuunt:
762 875 817 937 sed
833 875 962 957 quinque
978 873 1083 938 solidis
1099 874 1196 937 anuis
1239 873 1333 954 Legit
1350 873 1473 938 titulum
1488 872 1561 937 Cal·

213 965 307 1028 visius
323 969 356 1024 et
371 963 501 1038 exarsit3
525 962 697 1044 Epistolam
721 963 761 1027 ad
775 983 822 1028 me
839 963 978 1046 scripsit,
1001 962 1056 1025 sed
1070 965 1153 1045 typis
1168 963 1311 1044 publicis,
1333 983 1393 1045 qua
1408 963 1525 1028 mihi
1496 983 1561 1026 vro-

214 1055 310 1116 latam
327 1053 543 1116 auctoritatem
557 1051 744 1133 Evangelii
733 1073 765 1115 ιιι
780 1054 850 1142 ipsa
865 1054 965 1117 fronte
987 1051 1167 1134 exprobrat,
1190 1053 1374 1116 seutentiam
1392 1072 1467 1116 vero
1484 1075 1503 1116 a
1517 1071 1562 1114 me

216 1143 372 1205 defensam
392 1141 562 1206 rationibus
578 1142 730 1204 nonnullis
745 1137 814 1205 aliis
836 1150 961 1225 praeter
980 1142 1094 1206 dictam
1110 1161 1254 1206 enervare
1277 1137 1404 1224 adque
1391 1163 1438 1205 sur
1429 1142 1563 1206 'biennii

213 1231 342 1296 confinia
364 1231 530 1294 adducere
537 1231 653 1296 nititur.
699 1231 857 1314 Respondi
882 1231 995 1295 homiui
1022 1232 1059 1294 de
1082 1232 1205 1295 crimine
1227 1229 1382 1314 profanati
1404 1231 1563 1320 Evangelii

212 1322 262 1384 via
278 1320 399 1397 eadem,
421 1319 504 1404 typis
518 1339 626 1402 nempe
643 1321 787 1402 publicis3
812 1322 925 1385 adt
874 1326 925 1385 rat
926 1322 1010 1385 iones
1026 1320 1158 1404 reliquas
1173 1322 1329 1402 professus
1346 1340 1420 1399 sum,
1443 1341 1492 1384 me
1508 1321 1562 1384 hac

213 1431 268 1474 sua
289 1411 408 1474 ratione
430 1410 509 1472 velle
528 1410 731 1494 respondere,
755 1418 790 1473 ut
813 1409 948 1475 libellum
971 1409 1184 1475 Germanicum
1208 1411 1240 1474 in
1262 1411 1405 1474 Latinam
1430 1411 1563 1492 linguam

212 1501 409 1576 transferam,
439 1499 619 1581 extritisque
640 1499 887 1564 Rbsliuianamm
915 1501 1153 1564 ratiuncularum
1176 1501 1411 1564 refutationibus
1438 1499 1563 1565 Calvisii

211 1609 321 1653 nomen
335 1590 530 1672 rationesque
553 1589 616 1652 suis
636 1590 713 1652 locis
733 1590 875 1654 inseram.
918 1589 1154 1654 Promissiouem
1175 1591 1283 1672 igitur,
1307 1609 1397 1672 quam
1409 1589 1487 1652 mihi
1509 1609 1562 1652 ex·

212 1679 304 1742 torsit
325 1679 490 1761 improvisa
513 1677 640 1742 Calvisii
655 1679 812 1760 Epistola,
834 1679 894 1742 hac
909 1680 975 1742 vioe
997 1680 1123 1759 impleo,
1146 1698 1282 1763 quaeque
1305 1679 1342 1742 de
1365 1679 1466 1744 natali
1487 1697 1563 1744 anuo

212 1769 378 1831 servatoria
394 1769 508 1831 iterata
524 1787 597 1830 cura
613 1769 736 1850 scripsi,
757 1767 863 1832 latinis
883 1788 961 1831 nunc
976 1768 1074 1832 literis
1096 1769 1239 1832 exhibeo:
1270 1789 1328 1852 quo
1343 1769 1449 1833 libello
1470 1769 1564 1831 multa
1687 1779 1689 1788 ⁴

210 1859 294 1933 loca,
317 1858 440 1940 quaein
456 1857 623 1940 appendice
639 1877 708 1920 mea
724 1864 796 1920 ante
813 1877 909 1921 anuos
925 1858 946 1920 8
961 1857 1052 1940 paulo
1069 1858 1228 1922 obscurius
1241 1865 1328 1921 tacta
1344 1866 1430 1935 sunt,
1454 1857 1563 1921 clarius

176 2011 179 2019 ,
212 1947 411 2030 explicantur,
427 1948 577 2028 quaedam
592 1954 625 2009 et
640 1947 833 2030 corriguntur
847 1948 936 2029 inque
952 1947 1059 2010 melius
1074 1955 1239 2010 mutantur.
1275 1948 1383 2030 Itaque
1401 1967 1503 2029 spero,
1517 1966 1563 2010 me

210 2045 332 2120 gratam
344 2036 454 2099 lectori
468 2037 662 2119 praestitisse
679 2055 802 2120 operam
818 2036 969 2100 adornata
984 2037 1076 2119 plena
1091 2037 1298 2118 disputatione
1315 2045 1348 2100 et
1361 2038 1563 2102 ventilatione

211 2126 399 2211 quaestionis
415 2125 636 2208 explicatisque
652 2126 868 2203 fundamentis,
883 2127 990 2208 quibus
1005 2127 1122 2189 raritas
1138 2127 1284 2190 inuititur.
1331 2189 1334 2196 ,

299 2214 402 2287 Quare
418 2217 531 2278 omissa
552 2215 683 2296 longiori
703 2217 895 2296 praefatione
919 2215 959 2278 ad
973 2235 1038 2278 rem
1052 2216 1151 2298 ipsam
1167 2215 1361 2291 accedamus,
1384 2235 1478 2298 qnam
1501 2216 1563 2278 dis-

212 2305 304 2368 tribui
319 2305 350 2367 in
366 2305 470 2386 capita
487 2304 538 2379 lt,
554 2323 679 2387 quorum
693 2306 771 2368 haec
787 2312 859 2369 sunt
874 2313 1061 2386 argumenta.

300 2391 376 2477 Cap.
391 2394 415 2457 1.
445 2395 493 2457 De
509 2392 711 2470 utilitatibus,
733 2414 811 2477 quae
827 2394 867 2458 ad
882 2413 938 2458 uos
954 2395 1043 2458 hodie
1059 2395 1232 2460 redundant
1247 2414 1286 2457 ex
1302 2393 1479 2476 cognitione
1497 2393 1564 2457 anni

212 2483 347 2548 natalitii
364 2481 480 2547 Christi
497 2483 667 2566 errorisque
683 2491 809 2548 nostrae
825 2502 917 2547 aerae
932 2485 1057 2548 usualis.
1173 2489 1176 2500 '

301 2572 376 2654 Cap.
391 2573 431 2636 II.
459 2572 512 2636 An
526 2573 591 2636 lieri
606 2574 714 2655 possit,
730 2580 765 2636 ut
779 2573 870 2637 hodie
887 2574 1073 2637 exactiorem
1089 2574 1292 2656 cognitionem
1308 2571 1480 2637 habeamus
1497 2571 1565 2636 anni

211 2664 275 2726 veri
291 2660 568 2738 natalitii'Christi,
582 2681 673 2744 quem
690 2671 901 2726 antecessores
917 2663 1036 2726 nostri?

300 2749 375 2833 Cap.
399 2753 453 2814 III.
501 2750 618 2823 Quibus
649 2753 885 2816 circumstantiis
917 2755 1064 2835 temporis
1094 2751 1314 2834 Evangelistae
1346 2750 1565 2856 descripserint

210 2842 407 2912 nativitatem
428 2841 560 2918 Christi,
592 2849 624 2905 et
649 2843 761 2906 curD.
782 2839 883 2906 Lucas
905 2862 966 2906 non
991 2843 1144 2906 addiderit
1168 2849 1283 2905 certum
1309 2859 1420 2904 annum
1450 2841 1565 2923 imperii

210 2931 352 2995 Herodis.
1334 2965 1338 2972 ·

300 3019 376 3101 Cap
393 3019 449 3083 IV.
473 3019 589 3082 Aetam
600 3017 843 3083 Christianorum
859 3020 1035 3096 occidentis,
1051 3041 1110 3102 qua
1125 3019 1238 3083 utiiuur
1252 2967 1346 3083 hodie*
1359 3020 1566 3094 communiter,

211 3118 296 3174 certo
310 3129 372 3172 non
387 3109 540 3190 attingere
555 3109 751 3173 nativitatem
768 3108 901 3186 Christi,
924 3110 1013 3193 idque
1035 3129 1092 3173 nec
1115 3110 1277 3173 absdrdum
1293 3129 1361 3173 esse
1384 3129 1443 3173 nec
1458 3129 1567 3176 novum

215 3199 297 3263 dictu
314 3198 400 3262 audit
386 3205 486 3280 tuque.
1341 3217 1362 3270 ο

300 3288 375 3370 Cap.
389 3287 429 3351 V.
458 3287 507 3350 De
524 3287 705 3351 certitudine
722 3307 811 3351 aerae
820 3288 972 3365 Julianae,
987 3307 1047 3372 qua
1060 3297 1179 3352 utemur
1193 3289 1225 3352 iu
1240 3291 1298 3353 hoc
1312 3287 1416 3352 libello
1433 3295 1469 3352 et
1484 3289 1566 3370 cujus

214 3399 311 3444 annus
326 3377 378 3442 46.
395 3383 444 3440 est
459 3378 546 3441 nobis
562 3397 651 3440 aerae
668 3385 792 3442 nostrae
807 3378 930 3459 primus.

300 3466 376 3549 Cap.
391 3467 447 3530 VI.
483 3465 531 3530 De
553 3467 724 3543 historicis,
746 3487 871 3551 quorum
893 3468 1077 3532 testimoniis
1105 3467 1292 3532 innitendum
1316 3467 1347 3531 in
1370 3467 1565 3550 inquisitione

210 3557 275 3621 veri
291 3557 362 3620 anui
377 3555 510 3620 natalitii
526 3555 651 3620 Christi

302 3645 377 3728 Cap.
392 3646 462 3709 VH.
489 3646 538 3709 De
555 3645 683 3710 dirersis
699 3645 770 3709 suni
785 3647 941 3728 principiis
957 3646 1036 3729 apud
1053 3645 1190 3712 diversas
1213 3653 1245 3709 et
1260 3645 1442 3732 praecipuas
1459 3652 1565 3729 gentes

212 3736 443 3818 historicos,que
459 3754 583 3819 quorum
598 3735 782 3799 testimoniis
798 3755 874 3819 opus
890 3735 1044 3806 habemus.

300 3823 375 3907 Cap
390 3825 477 3888 VIII.
512 3825 751 3889 Demonstrstnr
778 3825 914 3910 pluribus
937 3825 1140 3908 argumentis,
1169 3824 1296 3906 Josephi
1320 3825 1462 3889 historici
1486 3826 1563 3889 hauc

212 3915 332 3980 omnino
348 3921 432 3978 ment
433 3933 481 3978 em
496 3915 604 3991 fuisse,
628 3917 706 3999 quod
721 3915 861 3980 Herodes
875 3935 931 3980 rex
944 3921 1081 3979 mortuus
1098 3915 1139 3979 sit
1155 3933 1233 3977 anuo
1248 3913 1389 3978 Julianae
1406 3934 1500 3978 aerae
1516 3915 1564 4009 42,

213 4025 280 4070 cum
295 4025 368 4069 aera
389 4011 497 4068 nostra
518 4003 666 4068 hodierna
686 4005 815 4111 incipiat
830 4006 912 4069 ab'
885 4025 949 4088 ejus
966 4025 1045 4069 anno
1068 4004 1126 4082 46,
1147 4005 1199 4068 ubi
1221 4003 1310 4067 simul
1324 4003 1400 4067 fides
1416 3987 1578 4068 historiae.

210 4095 338 4178 Josephi
355 4095 391 4158 de
406 4093 539 4159 Herodis
555 4114 649 4177 reguo
665 4095 857 4159 examinatur
873 4115 912 4158 ex
928 4094 1090 4158 collatione
1105 4093 1253 4160 historiae
1267 4082 1437 4158 Romanae.
1606 4143 1610 4154 .

300 4184 376 4268 Cap.
390 4185 447 4248 lX.
490 4186 683 4267 Argumenta
699 4187 920 4263 astronomica,
943 4185 1050 4268 quibus
1066 4183 1142 4248 haec
1157 4182 1285 4266 Josephi
1307 4183 1435 4247 traditio
1452 4183 1579 4248 confir'·'
1612 4219 1617 4260 :
1657 4241 1659 4246 ,

211 4281 312 4339 matur
327 4283 360 4338 et
374 4293 457 4338 mors
470 4273 603 4338 Herodis
619 4275 659 4337 ad
675 4279 786 4340 annhm
799 4275 941 4340 Juliauae
957 4294 1048 4338 aerae
1063 4274 1116 4338 42.
1132 4273 1274 4356 alligitur.
1590 4307 1594 4322 ·

301 4363 376 4447 Cap.
385 4365 426 4430 X
458 4364 649 4446 Argumenta
664 4365 757 4428 ducta
772 4385 811 4428 ex
825 4365 963 4429 historiis
972 4363 1120 4428 Romanis
1134 4365 1253 4428 illorum
1263 4369 1441 4468 temporum,
1457 4362 1581 4446 quibus·

212 4461 450 4520 consentaneum
469 4453 630 4530 allicimus,
651 4455 848 4537 Josephum
839 4475 871 4519 ιιι
893 4472 973 4518 auno
995 4456 1102 4519 mortis
1117 4453 1264 4530 Herodis,
1287 4454 1336 4536 qui
1358 4462 1408 4517 ast
1422 4453 1561 4518 Julianae

212 4563 303 4610 aerae
318 4544 361 4608 42
362 4561 573 4627 ,nequaquam
588 4562 716 4607 errasse.

302 4631 377 4716 Cap.
391 4633 448 4698 XL
491 4633 639 4697 Exactior
660 4632 815 4718 inquisitio
841 4633 911 4696 anui
934 4631 1051 4699 Christi
1073 4632 1206 4697 natalitii
1228 4650 1283 4714 per
1305 4631 1572 4695 circumstantiam

160 4751 166 4774 ο
213 4723 425 4805 descriptionis
440 4723 536 4790 totius
551 4721 643 4801 orbis,
659 4728 692 4790 et
706 4722 786 4810 quod
802 4743 924 4791 censum
938 4723 1078 4804 illumin
1093 4741 1182 4809 quem
1197 4721 1339 4791 Christus
1353 4721 1456 4788 infans
1471 4719 1561 4795 veuit,
