3412 5538
249 273 313 346 iil
616 275 622 290 ¹
669 294 1168 398 maessepreusemqqsnaau

248 459 364 523 cunque
379 440 564 522 quiscunque
579 433 651 502 mibi
665 437 845 515 ostenderit,
859 437 1095 521 particularibus
1109 424 1313 518 haeresibus),
1328 434 1517 498 senientiam
1530 448 1595 496 mec

216 523 218 534 '
243 530 359 614 judicio
374 548 494 604 reram,
515 529 569 592 sed
590 527 658 590 odio
679 529 778 610 partis
798 529 988 593 laborantem
1010 528 1200 592 inculcatam.
1233 525 1282 588 De
1298 543 1356 606 quo
1371 501 1490 600 libello,
1512 529 1548 586 ut
1561 523 1598 586 de

248 625 317 682 toto
333 619 420 695 libro,
435 617 616 702 praesertim
631 617 669 679 de
693 617 963 699 significationibus
984 617 1151 682 doctissimi
1166 618 1205 680 D.
1221 612 1335 679 Serarii
1350 613 1500 695 judicium
1518 612 1595 694 phy-

248 708 357 784 sicum,
380 707 525 782 ethicum,
547 705 766 789 theologicum,
793 707 950 789 politicum
971 707 1079 770 mirum
1099 707 1129 772 in
1151 706 1272 770 modum
1298 711 1425 786 expeto;
1454 722 1513 766 nec
1536 719 1598 765 sum

249 799 327 862 adeo
343 803 440 874 tener,
462 805 497 858 ut
512 796 634 860 aculeos
651 797 797 861 orationis
813 798 902 861 valde
919 797 1064 879 deprecer
1079 790 1272 879 (quantisper
1287 813 1338 858 res
1354 793 1487 875 privatis
1502 791 1597 854 literis

247 879 373 969 agitur),
389 885 485 950 sicubi
500 886 670 967 astrologia
684 905 752 950 mea
766 887 852 950 litem
866 887 1004 951 moverit
1050 884 1120 957 Qua
1135 887 1211 950 data
1224 885 1369 949 libertate
1384 901 1488 966 spero,
1503 880 1598 944 minue

247 983 278 1040 te
294 976 467 1040 babituram
482 975 721 1053 excusationum,
739 975 837 1052 „inter
851 976 948 1040 bonos
963 975 1041 1039 bene
1058 973 1170 1058 agier.“
1197 975 1274 1049 Mihi
1289 973 1497 1060 videorintra
1513 977 1598 1052 septa

245 1065 417 1147 regularum
432 1064 537 1128 Delrio
558 1065 654 1130 vestri
670 1085 737 1128 cum
751 1067 826 1128 meis
842 1065 946 1147 grume
962 1087 981 1128 a
996 1066 1099 1130 fimeto
1113 1064 1250 1130 Arabico
1268 1063 1453 1138 consistere;
1478 1068 1514 1124 tu
1530 1059 1599 1143 quid

245 1154 387 1216 videatur
406 1154 587 1235 perscribas.
623 1153 747 1218 Literae
770 1155 993 1218 commendabis
1015 1156 1065 1218 vel
1086 1155 1119 1218 in
1132 1154 1172 1218 D.
1187 1153 1302 1218 Marnii
1324 1151 1480 1216 officinam
1502 1150 1597 1214 libra-

245 1243 334 1318 riam,
355 1242 404 1306 vel
420 1243 451 1306 in
467 1243 628 1324 collegium
642 1251 790 1320 vestrum,
813 1251 848 1308 ut
868 1243 910 1308 ibi
931 1251 1135 1310 asserventur.
1180 1243 1264 1307 liialo
1283 1242 1315 1306 iu
1329 1241 1419 1316 illud,
1444 1257 1519 1304 nam
1532 1239 1598 1302 inde

245 1333 286 1396 ad
304 1351 352 1396 me
373 1332 452 1396 forte
472 1331 642 1396 transmitti
661 1341 815 1415 poterunt.
847 1335 928 1398 Nam
944 1333 1016 1416 quia
1034 1333 1132 1415 pestis
1148 1353 1208 1396 non
1229 1332 1309 1407 abit,
1331 1331 1408 1395 abeo
1424 1348 1485 1411 ego
1501 1328 1600 1410 Plaga

246 1439 313 1486 cum
328 1420 458 1484 familia:
477 1421 543 1503 jam
558 1422 639 1486 euim
655 1421 772 1488 Cacsar
787 1423 871 1487 abiit.
907 1423 987 1486 Vale
1003 1423 1080 1487 Rev.
1094 1422 1134 1486 D.
1148 1422 1253 1486 Pater.
1287 1423 1409 1502 Pregae
1425 1421 1455 1484 d.
1472 1417 1525 1482 l&
1534 1417 1599 1482 Oct

207 1669 210 1677 '
316 1669 432 1723 berarius
442 1683 492 1722 nou
503 1670 637 1722 obsecutus
650 1667 801 1736 estKepieri
813 1671 900 1737 petitis
913 1665 995 1738 („quie
1008 1671 1074 1720 οοὶοο
1086 1684 1141 1738 ego.
1161 1671 1204 1738 qui
1214 1676 1288 1721 muta
1300 1669 1331 1720 da
1344 1682 1371 1720 re
1383 1669 1410 1720 iu
1420 1675 1478 1720 iam
1491 1665 1601 1733 diligeml

245 1733 374 1810 periteque
387 1743 507 1807 scriptore
516 1741 611 1804 iudicis
623 1742 704 1793 ieram
724 1743 821 1802 ethica,
840 1742 958 1807 physica,
976 1740 1134 1808 theologius!
1148 1778 1255 1794 ......
1285 1737 1357 1800 Quae
1370 1739 1402 1790 de
1414 1739 1499 1790 natali
1511 1737 1600 1792 Souris

245 1815 325 1866 naseu
343 1825 409 1864 anno
428 1813 575 1871 excussisti,
595 1813 686 1879 dignm
703 1810 765 1864 milii
782 1827 886 1864 ucusso
900 1815 1000 1882 ingenio
1016 1819 1060 1864 tue
1080 1814 1148 1864 maus
1160 1813 1243 1872 labor,
1262 1811 1307 1864 sed
1319 1813 1356 1863 iia
1367 1817 1397 1862 ut
1408 1805 1512 1878 ἐπιχοοο
1524 1811 1600 1862 adbuc

245 1885 385 1944 nquam.
396 1884 501 1950 prouiln
512 1897 576 1943 meo.
589 1899 664 1950 quem
671 1883 720 1936 GL.
728 1879 761 1936 D.
775 1884 845 1936 Tuae
857 1887 938 1944 mitto,
949 1881 1187 1946 ridebislierorle“l,
1198 1899 1281 1951 aequm
1288 1882 1421 1950 Zieglerus
1427 1882 1600 1936 sdiitulberlue

246 1959 406 2026 questiones
419 1955 613 2022 chronologicas.

317 2025 455 2086 Libellum.
473 2041 547 2092 quem
559 2040 635 2092 supra
647 2025 846 2090 dicitlieplerus
859 2027 913 2088 „de
929 2028 1013 2078 Anno
1032 2025 1150 2078 christi
1165 2023 1348 2085 natalitio“‚
1367 2025 1527 2092 subjunxisse
1543 2023 1599 2076 libre

247 2099 293 2150 'suc
306 2099 338 2150 de
352 2097 450 2160 „Stella
461 2095 542 2148 uora‘
556 2097 662 2149 diximus
673 2095 729 2148 Vol
739 2095 772 2147 IL
784 2113 809 2162 p.
823 2091 875 2150 577
882 2135 890 2159 ,
910 2104 936 2149 et
948 2101 969 2150 ei
979 2100 1116 2165 inspexeris
1128 2110 1187 2164 pag.
1200 2091 1254 2150 709
1266 2099 1332 2149 illius
1343 2097 1408 2156 iibri.
1421 2095 1557 2150 rerbImile
1567 2096 1599 2145 ri·

247 2171 337 2229 detur,
356 2167 482 2236 Suslygse
495 2169 562 2220 iliius
581 2167 665 2221 libello
682 2173 779 2222 ructum
798 2183 854 2220 esre
871 2169 1021 2236 nepisinae,
1044 2176 1075 2221 ut
1094 2169 1291 2237 disquffitlonem
1313 2181 1385 2220 mana
1404 2167 1600 2236 chronologicam

247 2241 354 2293 adderet
364 2241 426 2292 libro
438 2257 484 2292 suo
495 2242 660 2292 uaesaniae
673 2246 699 2292 et
711 2240 867 2308 astrologico.

316 2311 469 2364 Laurentius
488 2311 599 2378 Sualygs
616 2311 724 2363 Polonue
750 2325 764 2361 e
784 2325 833 2362 soc.
852 2311 925 2373 lesu,
945 2313 1061 2378 auspiciis
1081 2307 1133 2364 lo*
1144 2311 1256 2364 Deciani
1274 2307 1437 2376 (cacabarii
1456 2311 1600 2364 academiae

247 2383 387 2436 mecine
401 2383 498 2437 emat
508 2385 536 2436 ia
546 2379 643 2447 Scyria)
661 2383 740 2434 edidit
755 2395 819 2434 auno
838 2383 908 2436 16οῡ
924 2385 1109 2448 ‚Theomnasto
1127 2384 1158 2436 de
1178 2398 1243 2436 anuo
1261 2392 1330 2435 ortus
1348 2390 1377 2434 et
1394 2385 1484 2436 mortis
1497 2381 1599 2440 Domini,

247 2455 327 2522 (leque
348 2457 467 2506 anirum
486 2457 513 2507 ia
533 2469 608 2506 carne
630 2452 694 2506 Jesu
715 2454 808 2505 Christi
828 2453 1003 2516 oeconomis“‚
1025 2454 1194 2508 demonstrare
1208 2461 1327 2514 conatus.
1347 2470 1441 2506 anuum
1461 2455 1600 2506 natalitium

248 2523 340 2578 Christi
351 2541 438 2578 rerum
450 2527 611 2592 quadriennio
623 2527 722 2592 integro
734 2533 793 2576 aute
805 2527 916 2598 usitatae
929 2541 1005 2578 aerae
1018 2541 1111 2578 unum
1123 2525 1294 2580 collocandum
1307 2541 1371 2586 esse.
1395 2523 1426 2577 Ia
1437 2541 1489 2594 quo
1502 2525 1599 2578 termina

246 2609 400 2664 quamquem
413 2596 539 2662 Keplerua
552 2611 609 2648 cum
622 2597 732 2664 Suslyga
744 2601 860 2649 convenit
872 2595 991 2660 („desunt
1003 2611 1078 2650 aerae
1089 2605 1192 2650 nostrae
1208 2599 1268 2648 anni
1279 2598 1409 2650 ιοίιιὶοοοοο
1421 2599 1439 2648 4
1452 2604 1481 2648 et
1493 2597 1599 2649 fumeis

247 2670 346 2720 omnmo
359 2665 414 2732 ⁵⁸⁴),
427 2670 454 2720 ln
465 2669 513 2720 boc
524 2673 612 2722 tamen
623 2669 747 2728 &sentit
765 2670 832 2735 quod
843 2669 888 2721 ilie
900 2670 1002 2736 eclipsin
1013 2670 1101 2722 Lunae
1115 2676 1228 2722 unumst
1239 2671 1308 2722 eirca
1319 2675 1419 2736 tempus
1431 2671 1521 2722 mortis
1527 2667 1600 2720 liere-

247 2740 286 2797 die
299 2747 326 2792 et
337 2753 368 2794 eo
380 2753 454 2800 suno,
466 2755 515 2806 quo
528 2741 680 2792 utrouomis
691 2755 740 2791 non
751 2741 871 2792 admista
884 2743 993 2807 eclipsin.
1158 2737 1165 2748 ⁸

318 2810 359 2862 De
378 2812 427 2863 bae
445 2823 522 2862 οοοοο
538 2812 650 2881 usitatae
668 2813 808 2862 mutatione
821 2811 947 2876 Keplerus
966 2813 1102 2878 disputarit
1114 2827 1171 2864 cnm
1183 2810 1200 2863 J
1204 2829 1227 2865 o.
1239 2809 1377 2864 Platoris
1394 2807 1487 2877 (comp.
1506 2810 1562 2862 Vei
1573 2807 1601 2859 ll.

247 2879 345 2950 pete)
354 2881 487 2948 breripost
496 2881 689 2934 editumllbrurn
695 2898 775 2943 mum,
784 2883 904 2950 illumque
913 2899 972 2936 suas
982 2886 1240 2951 inpertespraesente
1248 2883 1471 2936 sermonetrabere
1484 2881 1602 2934 studuisse

246 2953 352 3004 ridetur.
388 2951 525 3012 Pistorim,
544 2967 619 3019 quem
630 2953 717 3005 literas
735 2953 841 3020 Kepleri
861 2954 894 3004 ad
914 2955 1069 3020 scaligerum
1088 2955 1250 3021 „uenatus
1269 2957 1408 3020 suscepisse
1430 2955 1513 3005 refert
1533 2965 1602 3018 supra

226 3017 231 3034 ‘
248 3022 365 3076 herlus
377 3020 412 3089 (p.
425 3021 496 3086 109),
510 3037 636 3092 quemque
645 3026 776 3080 custodem
788 3027 927 3092 ducemque
935 3027 1072 3078 modiorum
1079 3027 1126 3078 sibi
1138 3028 1173 3078 ab
1182 3029 1331 3093 imperatore
1342 3027 1453 3092 positum
1464 3029 1520 3092 lpse
1531 3023 1604 3076 aeleri

248 3093 390 3160 Keplerus,
407 3096 489 3148 muln
501 3095 559 3148 dum
571 3095 673 3164 Progne
690 3097 813 3150 haerebat
830 3112 887 3148 cum
904 3097 1016 3164 Replero
1033 3100 1101 3165 egit,
1122 3099 1242 3165 illamque
1259 3097 1466 3150 manandum
1484 3097 1603 3150 manebat

249 3165 352 3222 ahena.
380 3165 422 3218 Sic
434 3167 553 3234 Friburgo
564 3165 647 3234 Drisg.
659 3167 724 3220 baec
736 3168 807 3220 dedit
817 3167 939 3235 Keplero:
960 3169 1126 3238 Syagrapben
1137 3171 1221 3222 bairis
1234 3170 1323 3222 reddet
1334 3169 1367 3220 D.
1380 3169 1553 3228 Rebmsnnus,
1566 3168 1603 3219 eui

249 3236 383 3304 pecuniam
394 3237 550 3289 reddituram
562 3237 595 3290 D.
608 3239 689 3291 ham
701 3255 750 3292 non
763 3241 856 3292 dubito.
882 3239 936 3307 Ego
948 3240 1015 3292 domi
1030 3257 1088 3294 curn
1103 3243 1212 3293 maximo
1229 3242 1426 3308 gravissimoque
1442 3241 1531 3293 morbo
1550 3253 1601 3290 con-

249 3309 338 3368 flictor,
351 3311 393 3375 qni
404 3309 430 3360 iu
441 3316 547 3360 mortem
559 3313 670 3362 exiturus
683 3313 787 3364 videtur.
824 3311 875 3362 Vix
886 3313 953 3362 eninr
965 3313 1018 3364 alis
1030 3329 1100 3380 spese
1119 3329 1166 3364 nec
1179 3313 1259 3374 doleo,
1271 3313 1316 3364 sed
1328 3319 1409 3364 totam
1421 3327 1463 3364 me
1477 3313 1511 3364 ad
1520 3315 1601 3376 insuu-

249 3379 309 3432 dem
321 3380 391 3432 illsrn
403 3382 470 3432 riam
482 3372 610 3446 dampere.
630 3394 696 3450 quae
708 3397 749 3436 me
761 3384 868 3435 liberum
886 3384 919 3434 ab
937 3385 1100 3437 multatibus
1115 3386 1202 3436 mundi
1217 3386 1315 3436 lacman
1334 3383 1367 3435 sd
1381 3382 1511 3436 Christum
1525 3383 1599 3434 saln-

249 3458 330 3506 sorem
349 3466 434 3507 neuun
452 3460 479 3503 et
494 3455 528 3504 sd
545 3461 645 3518 partam
662 3455 694 3507 ab
713 3455 756 3508 llio
773 3456 907 3508 coelestem
923 3455 1208 3510 meduanensem
1236 3455 1315 3508 Juvat
1330 3458 1409 3522 igitur
1426 3453 1502 3508 Deus
1521 3463 1548 3506 es
1562 3467 1601 3520 pre

250 3538 296 3576 suo
308 3524 409 3576 arbitrie
421 3523 498 3574 finem
509 3526 589 3576 morbi
600 3527 727 3592 expediat.

319 3593 424 3646 Interim
436 3609 452 3645 a
464 3595 552 3649 stadiis
564 3598 673 3648 nondum
691 3595 806 3658 ἀίοοοᾱο,
826 3605 853 3649 et
867 3599 921 3663 jam
936 3601 1086 3664 praesertim
1102 3597 1129 3648 in
1146 3613 1211 3650 anno
1226 3595 1308 3648 natali
1326 3597 1419 3650 christi
1434 3603 1495 3663 post
1506 3595 1601 3648 Patrem

248 3661 403 3717 Deckerinrn
420 3666 518 3727 laboro.
543 3682 592 3719 non
611 3675 742 3721 contentus
760 3671 827 3722 illiue
845 3681 996 3735 quamquam
1015 3668 1149 3734 diligenter
1166 3671 1261 3734 scripta
1287 3669 1421 3720 sentends.
1458 3667 1523 3720 Mihi
1543 3667 1602 3718 enirn

168 3741 173 3750 “
248 3733 363 3788 derisus
375 3739 487 3789 nucitum
498 3751 563 3790 suno
575 3738 676 3792 iuliano
687 3740 731 3792 42.
745 3747 864 3801 exeunte,
881 3741 986 3792 moritur
995 3739 1109 3792 Herodes
1121 3754 1145 3791 s.
1157 3741 1214 3800 43..
1226 3741 1301 3805 paulo
1314 3745 1374 3792 ante
1386 3737 1494 3805 pucina.
1511 3747 1540 3792 ut
1550 3753 1601 3790 eun

249 3805 349 3860 Obrlsto
366 3809 473 3874 amplius
491 3824 567 3875 quarn
585 3811 747 3864 excessibus
766 3827 817 3864 non
834 3814 925 3866 uixerit
941 3811 1064 3864 Herodes.
1099 3811 1156 3864 Nea
1171 3814 1308 3878 quidquam
1326 3813 1360 3864 ad
1377 3813 1533 3877 probandam
1550 3825 1600 3862 seu·

248 3880 356 3932 undam
367 3895 451 3933 meam
462 3881 585 3945 reliquum
597 3889 645 3942 est,
657 3889 760 3950 praeter
777 3882 891 3949 eclipsin,
911 3897 976 3950 quae
992 3890 1099 3934 mortens
1114 3881 1222 3934 Herodis
1239 3883 1383 3934 antecessit
1420 3883 1450 3934 In
1468 3897 1501 3935 es
1516 3883 1601 3934 baares

249 3955 280 4000 'et
291 3963 324 4000 ne
337 3951 430 4002 diuum
442 3951 565 4016 impediar
577 3968 645 4018 rogo,
657 3961 687 4005 ut
698 3953 731 4005 D.
742 3955 798 4006 'lire
809 3955 929 4020 proxime,
942 3954 1040 4020 quando
1052 3955 1151 4022 eclipsis
1163 3955 1208 4005 illa
1220 3963 1356 4020 conspecta
1366 3955 1409 4014 sit,
1421 3955 1544 4019 explieat;
1556 3955 1611 4004 scio-

251 4021 326 4080 enlm,
339 4022 430 4073 iecisse
439 4024 476 4072 rei
484 4024 558 4074 iatius
569 4025 716 4088 periculum.
740 4025 864 4092 (luporem
877 4025 983 4091 eclipses
995 4040 1088 4087 omnes,
1101 4039 1166 4092 quae
1179 4025 1350 4078 anquuliano
1361 4025 1405 4084 43,
1417 4027 1453 4078 44
1467 4033 1495 4077 et
1506 4025 1540 4076 ib
1551 4029 1602 4090 port

250 4091 402 4144 lacunam
413 4095 439 4144 lu
449 4093 547 4157 bialum
559 4097 833 4161 contigeruntbsbsse
845 4097 992 4163 descriptae.
1017 4097 1048 4148 Id
1059 4100 1125 4149 enirn
1136 4106 1256 4164 magnum
1267 4098 1359 4150 laboris
1375 4098 1427 4148 mei
1439 4099 1601 4148 levamentum

254 4170 336 4224 mee,
354 4179 433 4230 eoque
444 4169 565 4228 majorem
576 4168 602 4218 ln
613 4167 715 4220 modum
729 4183 803 4236 rogo,
818 4173 849 4220 ut
859 4169 926 4235 qaod
943 4170 974 4222 de
986 4182 1014 4220 re
1032 4169 1077 4220 ilis
1088 4172 1115 4220 ln
1126 4169 1220 4221 absrde
1231 4172 1284 4222 suis
1298 4170 1407 4229 meavit,
1424 4183 1525 4222 mecam
1541 4181 1599 4218 eoas·

253 4235 373 4288 munitet
412 4235 503 4289 Gustus
515 4251 571 4298 ero,
590 4252 717 4306 quousque
736 4243 831 4298 viram,
852 4246 879 4291 et
896 4241 957 4306 quis
975 4255 1060 4292 coram
1076 4242 1183 4306 amplius
1200 4256 1249 4294 non
1266 4255 1379 4305 possum,
1397 4243 1552 4292 mumadam
1561 4250 1600 4304 pm

250 4303 437 4376 Dominatlone¹
450 4303 507 4357 uua
526 4308 560 4362 ad
579 4306 715 4361 Caesarem
735 4321 761 4362 et
778 4308 853 4374 huius
873 4311 1038 4372 consiliarios,
1063 4312 1109 4363 sed
1124 4313 1276 4378 praesertim
1292 4309 1325 4362 ad
1341 4311 1380 4362 111.
1398 4309 1472 4362 Dcrn.
1491 4311 1599 4362 liubran-

246 4379 376 4502 quteqanqqa.
400 4377 524 4446 Exspecto
537 4380 778 4450 lglmrresponsum.
800 4380 867 4433 Vale
880 4384 1062 4444 celebrantem,
1080 4390 1289 4450 uipraesentem.
1309 4397 1375 4435 ems.
1411 4381 1474 4436 Dat
1488 4383 1529 4434 14.
1538 4379 1599 4432 biar-

319 4589 618 4658 Adbsealiepierusa

337 4713 424 4787 Quas
448 4715 488 4778 ad
509 4733 558 4778 me
581 4716 631 4779 14.
644 4714 752 4782 biarbii
777 4717 927 4801 scripsisti
941 4720 1063 4796 literas,
1083 4719 1161 4784 Rev.
1182 4721 1327 4798 Praesul‚
1348 4723 1416 4786 beri
1436 4717 1597 4786 demumin

245 4801 331 4866 mete
347 4802 494 4910 Corporis
505 4803 631 4883 Christi,
647 4823 715 4871 omn
729 4807 796 4872 iuss
810 4809 842 4870 in
852 4807 979 4874 eandem
992 4827 1041 4874 me
1051 4811 1190 4896 cymbam
1205 4810 1510 4877 cumD.Rebmanno
1523 4825 1594 4872 con-
