3396 5540
253 237 315 296 432
400 239 403 248 ¹
467 263 469 270 ’
770 237 878 300 Bclogae
904 238 1049 288 Clrronlcae.

252 431 374 476 annum
404 415 453 489 12,
485 431 605 476 annum
632 407 783 474 nimirum
807 416 836 475 2.
861 410 998 476 Claudii.
1043 410 1171 494 Siquis
1194 409 1399 476 traditionem
1422 409 1462 475 de
1486 411 1571 478 dicto

253 501 371 566 Christi
408 501 565 565 vocaverit
597 501 630 564 in
666 497 812 580 dubium,
843 505 879 564 at
908 499 1029 566 lactum
1060 501 1285 586 Apostolorum
1316 501 1478 564 conforme
1509 523 1571 564 non

251 588 346 654 facile
377 589 497 653 adimet
525 588 703 666 traditioni,
734 590 926 670 quominus
949 589 990 654 de
1012 595 1184 674 praecepto
1207 588 1325 654 Christi
1347 586 1571 654 dubitandum.

252 677 340 742 Nihil
368 678 461 752 enim,
493 677 581 758 quod
608 676 714 758 magni
741 684 823 742 esset
845 679 996 743 momenti
1019 679 1140 762 (qualis
1162 686 1196 743 et
1217 677 1298 741 haeo
1319 675 1573 742 duodecennalis

251 766 500 852 procrastinatio
521 765 628 831 itionis
650 766 684 830 in
707 765 817 830 orbem
839 766 1043 848 universnm),
1073 768 1141 832 sine
1164 787 1315 850 expresso
1338 765 1456 832 Christi
1478 787 1570 832 man-

252 855 330 920 dato
359 854 506 920 iecerunt
535 854 692 938 Apostoli.
738 853 840 930 Igitur
871 858 1061 938 (101111.
1089 857 1131 938 1.)
1161 875 1233 920 cum
1255 856 1478 938 persentiens
1501 863 1574 922 orta

252 944 515 1028 dispergerentur
544 943 699 1028 discipuli,
728 944 874 1026 Apostoli
905 950 1094 1011 manserunt
1119 943 1353 1026 Hierosolymis,
1386 949 1419 1008 01
1448 945 1490 1026 (ν.
1519 949 1573 1024 14)

118 1075 120 1080 ·
250 1033 403 1117 plerique·
419 1031 645 1116 Apostolorum
668 1038 742 1097 sunt
763 1031 979 1116 ierosolymis,
1003 1055 1075 1098 curn
1098 1033 1263 1098 audiretur
1279 1030 1459 1097 Samariam
1479 1055 1570 1099 aoce-

221 1151 228 1160 ·
250 1122 337 1206 pisse
359 1119 492 1186 verbum
514 1121 584 1201 Dei,
609 1127 641 1185 et
664 1121 705 1202 (0.
730 1125 759 1186 9.
783 1143 812 1184 v.
837 1122 904 1203 27.)
927 1121 1094 1188 Barnabas
1117 1122 1254 1187 Paulum
1267 1119 1469 1204 lerosolyma
1484 1123 1570 1187 veni·

251 1215 359 1274 entem
383 1209 517 1274 adduxit
539 1211 582 1274 ad
605 1208 775 1293 apostolos,
800 1231 882 1293 quos
908 1210 1029 1276 Paulus
1052 1211 1120 1296 ipse
1142 1210 1228 1294 (Gal.
1256 1215 1284 1274 1.
1307 1209 1490 1283 111119.)
1515 1212 1572 1288 ait,

250 1299 346 1364 luisse
368 1301 501 1364 Petrum
522 1305 555 1363 et
575 1297 596 1363 J
598 1297 744 1377 acobum,
767 1299 903 1364 fratrem
917 1299 1059 1380 Domini3
1085 1306 1119 1364 01
1133 1305 1260 1382 tempus
1276 1297 1366 1363 addit
1380 1305 1455 1382 post
1469 1321 1572 1364 annos

249 1395 317 1453 tres
348 1409 447 1472 quam
477 1409 520 1459 err
545 1386 667 1453 Arabia
695 1387 838 1452 rediisset
867 1389 1077 1470 Damascum3
1112 1411 1185 1453 cnm
1215 1387 1280 1453 dies
1303 1387 1395 1464 multi
1417 1385 1573 1452 abiissent

250 1476 293 1541 ab
322 1480 389 1561 ejus
418 1477 563 1558 ingressu
593 1477 626 1541 in
659 1477 852 1542 Damascum
882 1477 1023 1558 (11019.
1051 1501 1079 1543 v.
1104 1482 1170 1558 23).
1216 1477 1259 1541 Et
1282 1475 1410 1560 quidem
1433 1475 1573 1542 triennio

249 1570 324 1650 post
348 1565 464 1630 Christi
494 1565 673 1648 passionem
703 1583 873 1630 conversus
905 1587 973 1630 esse
1003 1565 1131 1632 dicitur.
1176 1567 1291 1648 Itaque
1319 1565 1392 1630 lrinc
1414 1565 1573 1630 habemns

250 1675 352 1720 annos
374 1655 540 1718 minimum
564 1661 582 1720 6
606 1654 656 1718 vel
680 1659 708 1732 7,
733 1654 851 1736 quibus
872 1655 1019 1738 Apostoli
1041 1662 1114 1738 post
1136 1655 1255 1726 Christi
1276 1655 1456 1738 passionem
1478 1675 1570 1720 man·

249 1749 364 1808 serunt
393 1743 609 1827 lerosolyrnis.
655 1742 707 1808 Sic
738 1751 823 1826 (cap.
855 1749 905 1808 11.
933 1747 1005 1809 Aet.
1028 1765 1057 1808 v.
1086 1750 1113 1808 l.
1138 1749 1182 1824 2.)
1214 1742 1358 1827 Apostoli
1388 1749 1421 1806 et
1452 1744 1572 1807 Petrus

249 1837 326 1896 sunt
359 1832 392 1897 in
422 1831 548 1897 Judaea
582 1835 614 1895 01
642 1831 859 1915 lerosolymis:
898 1837 931 1896 01
966 1833 1061 1915 (vers.
1094 1837 1160 1912 22.)
1195 1831 1403 1914 ierosolymis
1432 1832 1572 1896 mittitur

249 1919 417 1986 Barnabas
447 1920 659 1999 Antiochiam,
691 1941 712 1984 a
741 1921 860 2004 quibus
888 1921 948 1987 nisi
980 1920 1022 1985 ab
1051 1920 1235 2005 Apostohs?
1286 1923 1390 2002 Atque
1421 1920 1449 1984 11
1480 1921 1573 1986 Tarsi

249 2009 389 2076 Paulum
411 2010 577 2074 inventum
598 2029 707 2074 secum
730 2009 872 2089 adducit,
903 2030 975 2074 cnm
993 2014 1060 2094 jam
1085 2009 1211 2076 Claudii
1231 2009 1429 2093 principatus
1451 2031 1570 2094 appro-

248 2099 433 2182 pinquaret,
456 2097 516 2162 sub
538 2119 604 2182 quo
625 2097 770 2162 firturam
791 2101 907 2162 lamem
928 2098 1060 2182 Agabus
1081 2097 1239 2184 propheta
1253 2095 1463 2181 Jerosolymis
1478 2100 1570 2163 Anti·

249 2187 373 2252 oclriam
394 2186 524 2252 veniens
545 2187 714 2272 praedixit.
744 2187 815 2252 Etsi
836 2207 909 2252 vero
931 2186 1096 2272 Philippus
1119 2189 1159 2271 (0.
1184 2188 1321 2265 8111.)
1345 2185 1465 2267 legitur
1479 2188 1573 2252 ivisse

249 2276 439 2355 Samariam,
469 2279 507 2339 ut
535 2275 633 2340 etiarn
661 2277 776 2341 Petrus
807 2281 840 2340 et
861 2273 1003 2348 Joannca
1028 2293 1070 2358 (1.
1096 2275 1161 2358 14),
1185 2281 1295 2340 tamen
1315 2274 1426 2341 hiduo
1449 2276 1490 2358 (v.
1517 2279 1571 2348 25)

249 2365 414 2430 0111011111
436 2363 603 2430 redierunt
624 2364 866 2448 lerosolymam,
890 2363 1146 2446 evangelizantes
1167 2385 1362 2447 quacunque
1377 2364 1571 2442 transibant,

248 2453 416 2538 Philippus
438 2474 513 2518 vero
537 2455 579 2535 (v.
604 2452 660 2534 26)
684 2475 742 2538 per
764 2451 884 2519 Gazam
907 2455 940 2516 et
962 2460 1005 2537 (1.
1031 2459 1083 2518 39.
1103 2453 1161 2534 411)
1184 2475 1241 2538 per
1256 2455 1390 2518 Azotum
1405 2460 1438 2517 et
1453 2455 1570 2519 (laesa-

176 2607 182 2622 ,
248 2563 339 2608 ream
362 2543 459 2606 etiam
474 2542 602 2608 domum
624 2542 728 2607 rediit.
759 2543 875 2608 Brevia
897 2547 990 2606 erant
1011 2543 1128 2608 itinera
1147 2564 1206 2628 per
1228 2541 1386 2608 dudaeam
1408 2549 1442 2606 01
1458 2541 1570 2608 Sama·

248 2630 340 2710 riam,
371 2632 458 2696 inter
487 2631 608 2696 medios
638 2629 779 2696 dudaerrs
808 2632 915 2698 sitam.
960 2631 1063 2710 Quale
1090 2636 1140 2696 est
1162 2637 1195 2696 ot
1217 2631 1298 2696 illud
1320 2631 1408 2696 Petri
1431 2631 1572 2696 alterum
1607 2699 1611 2716 ,

250 2721 336 2802 (Act.
360 2725 390 2786 9.
413 2743 442 2786 v.
468 2718 533 2800 32),
564 2741 638 2785 cum
660 2721 779 2803 passim
799 2741 860 2804 per
881 2725 984 2784 totam
1006 2719 1164 2786 ,Iudaeam
1188 2721 1375 2786 0110111011
1396 2721 1519 2786 venirat
1541 2727 1573 2785 et

248 2809 402 2906 1111111111,
425 2810 568 2891 proxime
589 2809 788 2892 derosolpma
810 2809 914 2887 sitam,
937 2815 969 2874 et
989 2811 1182 2874 Assaronem
1203 2816 1235 2874 et
1257 2809 1383 2894 Joppen
1406 2815 1439 2872 et
1455 2807 1570 2874 Caesa·

248 2919 338 2964 ream
368 2902 401 2961 et
430 2898 470 2978 (0.
497 2897 550 2979 11)
581 2904 798 2963 reverteretur
827 2895 1062 2980 derosolymam
1091 2899 1202 2980 (aa),
1247 2899 1370 2963 Eadem
1400 2897 1441 2962 de
1472 2919 1572 2963 causa

247 2987 395 3053 videntur
424 2991 458 3050 et
482 2986 631 3072 Apostoli
659 2986 757 3051 ceteri
783 2985 924 3052 abluisse
947 2985 1155 3071 Jerosolymis
1176 2989 1210 3052 in
1231 2985 1367 3065 Judaea,
1390 3007 1454 3050 nou
1477 2987 1571 3051 valde

248 3075 342 3158 longe
372 3095 393 3139 a
421 3074 599 3158 metropoli,
631 3095 703 3139 curn
732 3075 855 3144 Paulus
886 3097 944 3158 per
973 3075 1040 3140 dies
1074 3083 1112 3142 15
1144 3096 1218 3140 oum
1248 3075 1345 3140 Petro
1375 3081 1409 3138 et
1437 3075 1569 3150 Jaooho,

247 3163 348 3229 tratre
385 3163 523 3242 Domini,
565 3171 771 3230 conversatus
809 3163 933 3229 nullum
970 3169 1143 3248 praeterea
1177 3164 1300 3229 videret
1332 3165 1570 3248 Apostolorum.

248 3253 336 3318 Adeo
363 3251 492 3336 quidem
518 3251 579 3318 hoc
604 3273 714 3318 verum
737 3257 801 3332 est,
830 3260 868 3317 nt
891 3253 966 3317 solis
988 3251 1123 3317 ludaeis
1145 3253 1376 3338 praedicarent.
1392 3252 1491 3318 etiam
1515 3252 1570 3332 illi,

248 3342 304 3424 qui
324 3339 530 3426 Jerosolymis
559 3342 779 3426 persecutione
808 3342 933 3423 longius
956 3340 1094 3426 dispersi
1115 3341 1294 3411 Phoenicen
1317 3347 1351 3404 01
1373 3343 1518 3424 cuprum
1540 3350 1571 3406 et

247 3429 449 3496 Antiochiam
467 3435 691 3514 pervenerant.
738 3431 821 3496 Sane
844 3430 974 3514 quidem
996 3430 1097 3496 simile
1118 3451 1194 3496 vero
1216 3435 1274 3509 est,
1297 3429 1407 3495 eodem
1427 3431 1571 3508 consilio,

247 3539 313 3601 quo
333 3519 479 3584 Christus
501 3518 674 3602 prohibuit,
698 3539 732 3584 se
746 3519 932 3604 susperstite
947 3521 979 3583 in
993 3519 1102 3600 terris,
1124 3541 1165 3584 ne
1179 3520 1212 3584 in
1227 3519 1284 3584 viis
1299 3520 1442 3600 gentium
1458 3519 1569 3584 ambu-

246 3605 362 3686 larent,
392 3607 591 3690 prohibuisse
618 3609 724 3684 etiam,
755 3628 796 3672 ue
823 3614 899 3673 ante
925 3629 1047 3672 annum
1077 3613 1127 3672 12.
1154 3607 1282 3674 Judaea
1309 3615 1342 3672 et
1363 3608 1571 3693 ,ierosolymis

246 3695 375 3761 abirent
396 3695 428 3760 in
448 3696 666 3761 testimonium
687 3698 783 3780 genti.

336 3783 398 3850 Sed
430 3789 464 3848 et
495 3789 602 3850 textus
634 3787 704 3869 ipsa
736 3785 827 3852 nobis
861 3805 982 3852 annum
1016 3785 1202 3870 suppeditat
1238 3785 1323 3866 (Act.
1357 3790 1410 3851 ll.
1442 3807 1471 3850 v.
1505 3785 1570 3866 21).
1691 3833 1692 3843 .

246 3871 368 3938 Eodem
393 3879 544 3956 ternpore,
573 3875 686 3957 inquit,
716 3873 835 3940 Paulus
864 3879 897 3938 et
919 3874 1087 3940 Barnabas
1111 3875 1262 3939 collectas
1284 3873 1454 3939 Antiochia
1476 3873 1569 3940 Jero·
1691 3945 1692 3948 ,

246 3961 370 4045 solyma
391 3961 585 4042 detrderunt,
607 3964 746 4029 instante
768 3964 852 4028 same
874 3963 935 4028 sub
951 3963 1086 4029 Claudio
1101 3963 1313 4046 Imperatore.
1351 3961 1498 4028 Herodes
1514 3985 1571 4028 ren

246 4049 362 4114 occidit
391 4048 549 4116 Jacobum
584 4051 716 4116 fratrem
746 4049 879 4117 loannis
909 4053 977 4132 (12,
1009 4054 1051 4132 2).
1106 4052 1217 4117 Eidem
1245 4055 1326 4116 vero'
1351 4052 1474 4118 Herodi
1505 4053 1571 4135 regi

246 4138 360 4204 tribuit
397 4138 531 4204 eundem
568 4141 653 4206 vitae
690 4141 827 4219 exitum,
872 4161 967 4224 quern
999 4139 1160 4228 losephus
1193 4141 1364 4206 historicus
1398 4141 1571 4226 adscripsit

245 4229 407 4312 Agrippae
437 4229 561 4312 majori.
606 4231 690 4296 Mira
719 4229 845 4311 quidem
875 4229 1066 4314 ambiguitas
1096 4231 1271 4308 nominum,
1300 4227 1357 4295 sed
1388 4249 1474 4312 quae
1496 4230 1571 4296 nihil

246 4323 362 4382 noceat
382 4323 580 4398 argumento.
625 4319 837 4384 Immoremur
860 4324 968 4384 tamen
991 4318 1173 4388 enodationi
1195 4317 1256 4384 loci
1278 4317 1418 4382 obscuri.
1450 4319 1571 4384 Herodi

245 4405 363 4488 Magno
384 4405 454 4489 regi
475 4405 573 4470 totius
586 4406 729 4472 «Iudaeae
744 4407 809 4472 duo
825 4413 920 4472 erant
935 4427 974 4470 ex
989 4405 1175 4474 Aristobulo
1190 4406 1254 4472 filio
1269 4412 1410 4490 nepotes,
1426 4409 1571 4494 Agrippa

246 4501 280 4558 et
302 4493 452 4572 Herodes,
478 4499 511 4558 et
532 4493 599 4560 filia
620 4495 786 4576 Herodias,
809 4494 945 4561 duorum
957 4497 1093 4562 Herodis
1116 4496 1225 4579 Magni
1247 4515 1287 4560 ex
1309 4495 1442 4562 diversis
1465 4499 1569 4562 uxori·

244 4581 306 4647 bus
328 4581 468 4648 filiorum
489 4604 572 4648 uxor
594 4585 705 4650 eodem
727 4591 874 4668 tempore
896 4585 1034 4667 ideoque
1047 4587 1182 4663 incesta,
1204 4585 1334 4666 utrique
1349 4604 1466 4650 nomon
1482 4586 1568 4670 apud

244 4669 419 4752 Josephnm
446 4671 576 4755 quidem
598 4673 751 4752 Herodes,
783 4673 872 4758 apud
894 4675 1112 4757 Evangehstas
1134 4693 1210 4739 vero
1232 4673 1335 4758 priori
1356 4693 1472 4739 nomen
1495 4675 1566 4738 Phi·

245 4757 351 4842 lippus
382 4765 465 4836 erat,
496 4759 551 4824 sed
581 4762 740 4845 posterior
769 4762 936 4827 tetrarcha
958 4763 1018 4828 fuit
1039 4763 1202 4848 parricida
1223 4759 1380 4840 lobannis
1403 4762 1567 4848 Baptistae
