<?xml version="1.0" encoding="UTF-8"?>
<!DOCTYPE html PUBLIC "-//W3C//DTD XHTML 1.0 Transitional//EN"
    "http://www.w3.org/TR/xhtml1/DTD/xhtml1-transitional.dtd">
<html xmlns="http://www.w3.org/1999/xhtml" xml:lang="en" lang="en">
 <head>
  <title>
</title>
<meta http-equiv="Content-Type" content="text/html;charset=utf-8" />
  <meta name='ocr-system' content='tesseract 3.04.00' />
  <meta name='ocr-capabilities' content='ocr_page ocr_carea ocr_par ocr_line ocrx_word'/>
</head>
<body>
  <div class='ocr_page' id='page_1' title='image "./joanniskepleria00unkngoog/joanniskepleria00unkngoog_0660.png"; bbox 0 0 3390 5542; ppageno 0'>
   <div class='ocr_carea' id='block_1_1' title="bbox 476 1071 1223 1296">
    <p class='ocr_par' dir='ltr' id='par_1_1' title="bbox 476 1071 1223 1296">
     <span class='ocr_line' id='line_1_1' title="bbox 661 1071 914 1159; baseline 0.008 -3"><span class='ocrx_word' id='word_1_1' title='bbox 661 1071 663 1078; x_wconf 77' lang='grc'><strong>“</strong></span> <span class='ocrx_word' id='word_1_2' title='bbox 717 1089 914 1159; x_wconf 80' lang='lat' dir='ltr'>mmm.</span> 
     </span>
     <span class='ocr_line' id='line_1_2' title="bbox 476 1183 1223 1296; baseline 0.003 -2"><span class='ocrx_word' id='word_1_3' title='bbox 476 1183 586 1294; x_wconf 79' lang='grc' dir='ltr'>ιἰιι</span> <span class='ocrx_word' id='word_1_4' title='bbox 611 1223 740 1295; x_wconf 75' lang='lat' dir='ltr'>tosus</span> <span class='ocrx_word' id='word_1_5' title='bbox 766 1223 866 1296; x_wconf 73' lang='lat' dir='ltr'>rori</span> <span class='ocrx_word' id='word_1_6' title='bbox 892 1223 1003 1296; x_wconf 73' lang='lat' dir='ltr'>ensa</span> <span class='ocrx_word' id='word_1_7' title='bbox 1031 1221 1154 1296; x_wconf 69' lang='lat' dir='ltr'>eous</span> <span class='ocrx_word' id='word_1_8' title='bbox 1220 1229 1223 1238; x_wconf 94' lang='lat'>·</span> 
     </span>
    </p>
   </div>
   <div class='ocr_carea' id='block_1_2' title="bbox 160 1315 1423 1450">
    <p class='ocr_par' dir='ltr' id='par_1_2' title="bbox 160 1315 1423 1450">
     <span class='ocr_line' id='line_1_3' title="bbox 160 1315 1423 1450; baseline 0.002 -26"><span class='ocrx_word' id='word_1_9' title='bbox 160 1341 165 1350; x_wconf 59' lang='grc'><em>’</em></span> <span class='ocrx_word' id='word_1_10' title='bbox 203 1355 233 1424; x_wconf 84' lang='grc' dir='ltr'>Ι.</span> <span class='ocrx_word' id='word_1_11' title='bbox 257 1315 487 1442; x_wconf 40' lang='lat' dir='ltr'>[comparatio</span> <span class='ocrx_word' id='word_1_12' title='bbox 510 1357 665 1450; x_wconf 77' lang='lat' dir='ltr'>doliorum</span> <span class='ocrx_word' id='word_1_13' title='bbox 681 1379 744 1440; x_wconf 84' lang='lat' dir='ltr'>per</span> <span class='ocrx_word' id='word_1_14' title='bbox 765 1357 889 1444; x_wconf 82' lang='lat' dir='ltr'>oirpom</span> <span class='ocrx_word' id='word_1_15' title='bbox 912 1361 1153 1426; x_wconf 75' lang='lat' dir='ltr'>transversalem</span> <span class='ocrx_word' id='word_1_16' title='bbox 1176 1359 1423 1444; x_wconf 73' lang='lat' dir='ltr'>exploratorum·</span> 
     </span>
    </p>
   </div>
   <div class='ocr_carea' id='block_1_3' title="bbox 151 1481 1513 2792">
    <p class='ocr_par' dir='ltr' id='par_1_3' title="bbox 151 1481 1513 2792">
     <span class='ocr_line' id='line_1_4' title="bbox 241 1481 1476 1570; baseline 0 -20"><span class='ocrx_word' id='word_1_17' title='bbox 241 1482 275 1550; x_wconf 89' lang='lat' dir='ltr'>Si</span> <span class='ocrx_word' id='word_1_18' title='bbox 295 1482 418 1550; x_wconf 82' lang='lat' dir='ltr'>dolium</span> <span class='ocrx_word' id='word_1_19' title='bbox 445 1483 487 1550; x_wconf 89' lang='lat' dir='ltr'>sit</span> <span class='ocrx_word' id='word_1_20' title='bbox 513 1482 726 1568; x_wconf 70' lang='lat' dir='ltr'>proportionis</span> <span class='ocrx_word' id='word_1_21' title='bbox 747 1485 952 1566; x_wconf 85' lang='lat' dir='ltr'>Austriaoae,</span> <span class='ocrx_word' id='word_1_22' title='bbox 981 1481 1071 1550; x_wconf 89' lang='lat' dir='ltr'>fidite</span> <span class='ocrx_word' id='word_1_23' title='bbox 1101 1484 1209 1569; x_wconf 79' lang='lat' dir='ltr'>virgae</span> <span class='ocrx_word' id='word_1_24' title='bbox 1237 1483 1304 1551; x_wconf 89' lang='lat' dir='ltr'>sine</span> <span class='ocrx_word' id='word_1_25' title='bbox 1325 1492 1476 1570; x_wconf 88' lang='lat' dir='ltr'>respectu</span> 
     </span>
     <span class='ocr_line' id='line_1_5' title="bbox 154 1570 1474 1657; baseline 0.002 -19"><span class='ocrx_word' id='word_1_26' title='bbox 154 1572 209 1639; x_wconf 84' lang='lat' dir='ltr'>rel</span> <span class='ocrx_word' id='word_1_27' title='bbox 239 1574 359 1642; x_wconf 81' lang='lat' dir='ltr'>ventris</span> <span class='ocrx_word' id='word_1_28' title='bbox 387 1571 471 1639; x_wconf 89' lang='lat' dir='ltr'>inter</span> <span class='ocrx_word' id='word_1_29' title='bbox 504 1571 615 1640; x_wconf 89' lang='lat' dir='ltr'>orbem</span> <span class='ocrx_word' id='word_1_30' title='bbox 648 1581 823 1657; x_wconf 90' lang='lat' dir='ltr'>utrumque</span> <span class='ocrx_word' id='word_1_31' title='bbox 850 1570 900 1638; x_wconf 84' lang='lat' dir='ltr'>vel</span> <span class='ocrx_word' id='word_1_32' title='bbox 934 1573 1150 1654; x_wconf 88' lang='lat' dir='ltr'>buccositatis,</span> <span class='ocrx_word' id='word_1_33' title='bbox 1182 1575 1248 1640; x_wconf 84' lang='lat' dir='ltr'>sire</span> <span class='ocrx_word' id='word_1_34' title='bbox 1277 1582 1474 1640; x_wconf 80' lang='lat' dir='ltr'><strong>curvaturae</strong></span> 
     </span>
     <span class='ocr_line' id='line_1_6' title="bbox 151 1659 1474 1746; baseline -0.001 -18"><span class='ocrx_word' id='word_1_35' title='bbox 151 1663 237 1728; x_wconf 90' lang='lat' dir='ltr'>inter</span> <span class='ocrx_word' id='word_1_36' title='bbox 261 1661 417 1728; x_wconf 84' lang='lat' dir='ltr'>orificium</span> <span class='ocrx_word' id='word_1_37' title='bbox 438 1661 627 1728; x_wconf 81' lang='lat' dir='ltr'>infusorium</span> <span class='ocrx_word' id='word_1_38' title='bbox 647 1668 680 1727; x_wconf 94' lang='lat' dir='ltr'>e</span> <span class='ocrx_word' id='word_1_39' title='bbox 666 1661 803 1732; x_wconf 89' lang='lat' dir='ltr'>torbem</span> <span class='ocrx_word' id='word_1_40' title='bbox 826 1659 1013 1728; x_wconf 88' lang='lat' dir='ltr'>utrumlibet</span> <span class='ocrx_word' id='word_1_41' title='bbox 999 1660 1189 1746; x_wconf 73' lang='lat' dir='ltr'>tligneum5</span> <span class='ocrx_word' id='word_1_42' title='bbox 1212 1672 1244 1728; x_wconf 91' lang='lat' dir='ltr'>et</span> <span class='ocrx_word' id='word_1_43' title='bbox 1264 1664 1330 1728; x_wconf 90' lang='lat' dir='ltr'>tale</span> <span class='ocrx_word' id='word_1_44' title='bbox 1353 1663 1474 1732; x_wconf 88' lang='lat' dir='ltr'>dolium</span> 
     </span>
     <span class='ocr_line' id='line_1_7' title="bbox 156 1747 1477 1852; baseline -0.001 -33"><span class='ocrx_word' id='word_1_45' title='bbox 156 1749 231 1819; x_wconf 90' lang='lat' dir='ltr'>aliis</span> <span class='ocrx_word' id='word_1_46' title='bbox 255 1748 401 1831; x_wconf 86' lang='lat' dir='ltr'>omnibus</span> <span class='ocrx_word' id='word_1_47' title='bbox 424 1752 561 1834; x_wconf 88' lang='lat' dir='ltr'>praef,er</span> <span class='ocrx_word' id='word_1_48' title='bbox 584 1757 717 1852; x_wconf 85' lang='lat' dir='ltr'>excepto</span> <span class='ocrx_word' id='word_1_49' title='bbox 739 1747 795 1816; x_wconf 92' lang='lat' dir='ltr'>illo</span> <span class='ocrx_word' id='word_1_50' title='bbox 810 1749 982 1824; x_wconf 85' lang='lat' dir='ltr'>Rhonensi,</span> <span class='ocrx_word' id='word_1_51' title='bbox 999 1753 1085 1834; x_wconf 88' lang='lat' dir='ltr'>quod</span> <span class='ocrx_word' id='word_1_52' title='bbox 1106 1747 1205 1816; x_wconf 91' lang='lat' dir='ltr'>habet</span> <span class='ocrx_word' id='word_1_53' title='bbox 1226 1749 1477 1835; x_wconf 79' lang='lat' dir='ltr'>profunditatem</span> 
     </span>
     <span class='ocr_line' id='line_1_8' title="bbox 153 1837 1513 1992; baseline 0.001 -88"><span class='ocrx_word' id='word_1_54' title='bbox 153 1841 275 1905; x_wconf 81' lang='lat' dir='ltr'>ventris</span> <span class='ocrx_word' id='word_1_55' title='bbox 307 1843 481 1992; x_wconf 41' lang='lat' dir='ltr'>majoretm·</span> <span class='ocrx_word' id='word_1_56' title='bbox 495 1840 666 1942; x_wconf 88' lang='lat' dir='ltr'>sesquitert</span> <span class='ocrx_word' id='word_1_57' title='bbox 666 1839 698 1904; x_wconf 90' lang='lat' dir='ltr'>ia</span> <span class='ocrx_word' id='word_1_58' title='bbox 732 1839 882 1906; x_wconf 84' lang='lat' dir='ltr'>diametri</span> <span class='ocrx_word' id='word_1_59' title='bbox 915 1838 1001 1906; x_wconf 91' lang='lat' dir='ltr'>orbis</span> <span class='ocrx_word' id='word_1_60' title='bbox 1035 1841 1143 1922; x_wconf 80' lang='lat' dir='ltr'>lignei,</span> <span class='ocrx_word' id='word_1_61' title='bbox 1178 1837 1206 1904; x_wconf 91' lang='lat' dir='ltr'>si</span> <span class='ocrx_word' id='word_1_62' title='bbox 1239 1849 1346 1906; x_wconf 87' lang='lat' dir='ltr'>tamen</span> <span class='ocrx_word' id='word_1_63' title='bbox 1374 1839 1477 1906; x_wconf 90' lang='lat' dir='ltr'>ullum</span> <span class='ocrx_word' id='word_1_64' title='bbox 1509 1866 1513 1878; x_wconf 62' lang='lat'><em>⁴</em></span> 
     </span>
     <span class='ocr_line' id='line_1_9' title="bbox 154 1923 1477 2012; baseline -0.001 -19"><span class='ocrx_word' id='word_1_65' title='bbox 154 1925 266 1994; x_wconf 86' lang='lat' dir='ltr'>habet.</span> <span class='ocrx_word' id='word_1_66' title='bbox 312 1931 361 1995; x_wconf 82' lang='lat' dir='ltr'>Ex</span> <span class='ocrx_word' id='word_1_67' title='bbox 383 1929 500 1994; x_wconf 84' lang='lat' dir='ltr'>ceteris</span> <span class='ocrx_word' id='word_1_68' title='bbox 522 1927 620 2011; x_wconf 76' lang='lat' dir='ltr'>igitur</span> <span class='ocrx_word' id='word_1_69' title='bbox 641 1923 721 2011; x_wconf 82' lang='lat' dir='ltr'>elige</span> <span class='ocrx_word' id='word_1_70' title='bbox 744 1927 882 2011; x_wconf 81' lang='lat' dir='ltr'>oblonga</span> <span class='ocrx_word' id='word_1_71' title='bbox 908 1948 982 1994; x_wconf 89' lang='lat' dir='ltr'>curn</span> <span class='ocrx_word' id='word_1_72' title='bbox 1002 1929 1105 1994; x_wconf 87' lang='lat' dir='ltr'>multo</span> <span class='ocrx_word' id='word_1_73' title='bbox 1127 1936 1247 2010; x_wconf 86' lang='grc' dir='ltr'>ιιιιιιι,</span> <span class='ocrx_word' id='word_1_74' title='bbox 1270 1929 1380 2012; x_wconf 88' lang='lat' dir='ltr'>qualia</span> <span class='ocrx_word' id='word_1_75' title='bbox 1402 1935 1477 1994; x_wconf 91' lang='lat' dir='ltr'>sunt</span> 
     </span>
     <span class='ocr_line' id='line_1_10' title="bbox 153 2017 1475 2102; baseline 0.001 -20"><span class='ocrx_word' id='word_1_76' title='bbox 153 2018 268 2100; x_wconf 88' lang='lat' dir='ltr'>alique</span> <span class='ocrx_word' id='word_1_77' title='bbox 298 2017 497 2083; x_wconf 84' lang='lat' dir='ltr'>Rhenensia:</span> <span class='ocrx_word' id='word_1_78' title='bbox 525 2026 711 2102; x_wconf 77' lang='lat' dir='ltr'>compensat</span> <span class='ocrx_word' id='word_1_79' title='bbox 740 2017 824 2082; x_wconf 88' lang='lat' dir='ltr'>enim</span> <span class='ocrx_word' id='word_1_80' title='bbox 854 2017 997 2082; x_wconf 90' lang='lat' dir='ltr'>nonnihil</span> <span class='ocrx_word' id='word_1_81' title='bbox 1020 2017 1234 2101; x_wconf 81' lang='lat' dir='ltr'>gracilitatem</span> <span class='ocrx_word' id='word_1_82' title='bbox 1256 2026 1289 2083; x_wconf 89' lang='lat' dir='ltr'>et</span> <span class='ocrx_word' id='word_1_83' title='bbox 1311 2017 1475 2102; x_wconf 83' lang='lat' dir='ltr'>prolirita-</span> 
     </span>
     <span class='ocr_line' id='line_1_11' title="bbox 154 2041 1478 2190; baseline 0 -18"><span class='ocrx_word' id='word_1_84' title='bbox 154 2111 221 2172; x_wconf 88' lang='lat' dir='ltr'>tem</span> <span class='ocrx_word' id='word_1_85' title='bbox 243 2107 387 2190; x_wconf 87' lang='lat' dir='ltr'>corporis</span> <span class='ocrx_word' id='word_1_86' title='bbox 410 2104 523 2190; x_wconf 91' lang='lat' dir='ltr'>amplit</span> <span class='ocrx_word' id='word_1_87' title='bbox 509 2105 587 2172; x_wconf 90' lang='lat' dir='ltr'>tudo</span> <span class='ocrx_word' id='word_1_88' title='bbox 609 2107 730 2172; x_wconf 87' lang='lat' dir='ltr'>ventris</span> <span class='ocrx_word' id='word_1_89' title='bbox 752 2105 846 2171; x_wconf 90' lang='lat' dir='ltr'>medii</span> <span class='ocrx_word' id='word_1_90' title='bbox 873 2111 905 2170; x_wconf 87' lang='grc' dir='ltr'>ιι</span> <span class='ocrx_word' id='word_1_91' title='bbox 925 2103 1026 2189; x_wconf 83' lang='lat' dir='ltr'>longit</span> <span class='ocrx_word' id='word_1_92' title='bbox 1012 2106 1090 2171; x_wconf 87' lang='lat' dir='ltr'>tudo</span> <span class='ocrx_word' id='word_1_93' title='bbox 1113 2105 1297 2174; x_wconf 88' lang='lat' dir='ltr'>buccarum.</span> <span class='ocrx_word' id='word_1_94' title='bbox 1311 2041 1381 2172; x_wconf 82' lang='lat' dir='ltr'>pIn</span> <span class='ocrx_word' id='word_1_95' title='bbox 1403 2127 1478 2172; x_wconf 90' lang='lat' dir='ltr'>eon·</span> 
     </span>
     <span class='ocr_line' id='line_1_12' title="bbox 153 2191 1479 2278; baseline -0.001 -18"><span class='ocrx_word' id='word_1_96' title='bbox 153 2196 265 2260; x_wconf 88' lang='lat' dir='ltr'>temtis</span> <span class='ocrx_word' id='word_1_97' title='bbox 287 2193 406 2260; x_wconf 83' lang='lat' dir='ltr'>habeto</span> <span class='ocrx_word' id='word_1_98' title='bbox 422 2195 511 2260; x_wconf 86' lang='lat' dir='ltr'>dolia</span> <span class='ocrx_word' id='word_1_99' title='bbox 533 2191 671 2278; x_wconf 82' lang='lat' dir='ltr'>oblonga</span> <span class='ocrx_word' id='word_1_100' title='bbox 690 2201 726 2262; x_wconf 84' lang='lat' dir='ltr'>et</span> <span class='ocrx_word' id='word_1_101' title='bbox 739 2195 942 2278; x_wconf 80' lang='lat' dir='ltr'>cylindracea</span> <span class='ocrx_word' id='word_1_102' title='bbox 963 2196 1033 2260; x_wconf 89' lang='lat' dir='ltr'>sino</span> <span class='ocrx_word' id='word_1_103' title='bbox 1054 2202 1179 2262; x_wconf 77' lang='lat' dir='ltr'>ventre:</span> <span class='ocrx_word' id='word_1_104' title='bbox 1203 2201 1277 2278; x_wconf 91' lang='lat' dir='ltr'>post</span> <span class='ocrx_word' id='word_1_105' title='bbox 1292 2195 1372 2260; x_wconf 88' lang='lat' dir='ltr'>haec</span> <span class='ocrx_word' id='word_1_106' title='bbox 1387 2202 1479 2260; x_wconf 88' lang='lat' dir='ltr'>curta</span> 
     </span>
     <span class='ocr_line' id='line_1_13' title="bbox 151 2281 1478 2370; baseline 0 -22"><span class='ocrx_word' id='word_1_107' title='bbox 151 2282 216 2349; x_wconf 90' lang='lat' dir='ltr'>tibi</span> <span class='ocrx_word' id='word_1_108' title='bbox 237 2285 416 2362; x_wconf 80' lang='lat' dir='ltr'>consector,</span> <span class='ocrx_word' id='word_1_109' title='bbox 441 2283 618 2370; x_wconf 90' lang='lat' dir='ltr'>cujusmodi</span> <span class='ocrx_word' id='word_1_110' title='bbox 639 2282 751 2366; x_wconf 84' lang='lat' dir='ltr'>alique</span> <span class='ocrx_word' id='word_1_111' title='bbox 772 2284 903 2348; x_wconf 86' lang='lat' dir='ltr'>veniunt</span> <span class='ocrx_word' id='word_1_112' title='bbox 926 2303 964 2348; x_wconf 82' lang='lat' dir='ltr'>ex</span> <span class='ocrx_word' id='word_1_113' title='bbox 993 2281 1150 2366; x_wconf 83' lang='lat' dir='ltr'>Ungaria,</span> <span class='ocrx_word' id='word_1_114' title='bbox 1179 2303 1294 2368; x_wconf 90' lang='lat' dir='ltr'>parum</span> <span class='ocrx_word' id='word_1_115' title='bbox 1317 2291 1376 2348; x_wconf 89' lang='lat' dir='ltr'>aut</span> <span class='ocrx_word' id='word_1_116' title='bbox 1397 2281 1478 2349; x_wconf 84' lang='lat' dir='ltr'>nihil</span> 
     </span>
     <span class='ocr_line' id='line_1_14' title="bbox 152 2371 1479 2456; baseline 0.002 -20"><span class='ocrx_word' id='word_1_117' title='bbox 152 2391 175 2436; x_wconf 87' lang='lat' dir='ltr'>a</span> <span class='ocrx_word' id='word_1_118' title='bbox 196 2371 345 2455; x_wconf 81' lang='lat' dir='ltr'>cylindro</span> <span class='ocrx_word' id='word_1_119' title='bbox 363 2387 457 2455; x_wconf 86' lang='lat' dir='ltr'>¹puro</span> <span class='ocrx_word' id='word_1_120' title='bbox 491 2377 568 2456; x_wconf 89' lang='lat' dir='ltr'>puto</span> <span class='ocrx_word' id='word_1_121' title='bbox 591 2371 790 2454; x_wconf 78' lang='lat' dir='ltr'>differentia.¹</span> <span class='ocrx_word' id='word_1_122' title='bbox 837 2371 881 2435; x_wconf 87' lang='lat' dir='ltr'>At</span> <span class='ocrx_word' id='word_1_123' title='bbox 913 2379 1008 2437; x_wconf 86' lang='lat' dir='ltr'>curta</span> <span class='ocrx_word' id='word_1_124' title='bbox 1042 2373 1221 2437; x_wconf 87' lang='lat' dir='ltr'>ventricosa</span> <span class='ocrx_word' id='word_1_125' title='bbox 1253 2371 1353 2452; x_wconf 78' lang='lat' dir='ltr'>fugito</span> <span class='ocrx_word' id='word_1_126' title='bbox 1376 2371 1479 2438; x_wconf 89' lang='lat' dir='ltr'>modis</span> 
     </span>
     <span class='ocr_line' id='line_1_15' title="bbox 153 2458 1478 2545; baseline -0.001 -19"><span class='ocrx_word' id='word_1_127' title='bbox 153 2459 319 2541; x_wconf 88' lang='lat' dir='ltr'>omnibus;</span> <span class='ocrx_word' id='word_1_128' title='bbox 342 2467 408 2526; x_wconf 88' lang='lat' dir='ltr'>tres</span> <span class='ocrx_word' id='word_1_129' title='bbox 430 2459 628 2526; x_wconf 84' lang='lat' dir='ltr'>enimmitas</span> <span class='ocrx_word' id='word_1_130' title='bbox 657 2458 867 2545; x_wconf 37' lang='lat' dir='ltr'>paupertatis*</span> <span class='ocrx_word' id='word_1_131' title='bbox 880 2458 1015 2524; x_wconf 87' lang='lat' dir='ltr'>habent:</span> <span class='ocrx_word' id='word_1_132' title='bbox 1044 2481 1142 2526; x_wconf 90' lang='lat' dir='ltr'>unam</span> <span class='ocrx_word' id='word_1_133' title='bbox 1165 2482 1203 2526; x_wconf 85' lang='lat' dir='ltr'>ex</span> <span class='ocrx_word' id='word_1_134' title='bbox 1225 2460 1270 2542; x_wconf 88' lang='lat' dir='ltr'>th.</span> <span class='ocrx_word' id='word_1_135' title='bbox 1294 2461 1334 2540; x_wconf 86' lang='lat' dir='ltr'>V,</span> <span class='ocrx_word' id='word_1_136' title='bbox 1356 2461 1478 2544; x_wconf 80' lang='lat' dir='ltr'>magni·</span> 
     </span>
     <span class='ocr_line' id='line_1_16' title="bbox 151 2546 1478 2634; baseline -0.002 -18"><span class='ocrx_word' id='word_1_137' title='bbox 151 2547 301 2616; x_wconf 88' lang='lat' dir='ltr'>tudinem</span> <span class='ocrx_word' id='word_1_138' title='bbox 334 2550 551 2634; x_wconf 83' lang='lat' dir='ltr'>proportionis</span> <span class='ocrx_word' id='word_1_139' title='bbox 585 2547 712 2614; x_wconf 90' lang='lat' dir='ltr'>orbium</span> <span class='ocrx_word' id='word_1_140' title='bbox 743 2548 785 2618; x_wconf 89' lang='lat' dir='ltr'>ad</span> <span class='ocrx_word' id='word_1_141' title='bbox 819 2548 984 2613; x_wconf 83' lang='lat' dir='ltr'>dimidiam</span> <span class='ocrx_word' id='word_1_142' title='bbox 1017 2546 1245 2632; x_wconf 75' lang='lat' dir='ltr'>longitudinem</span> <span class='ocrx_word' id='word_1_143' title='bbox 1278 2547 1478 2630; x_wconf 70' lang='lat' dir='ltr'>tabularum,</span> 
     </span>
     <span class='ocr_line' id='line_1_17' title="bbox 152 2635 1476 2720; baseline 0 -18"><span class='ocrx_word' id='word_1_144' title='bbox 152 2637 339 2702; x_wconf 88' lang='lat' dir='ltr'>secundam·</span> <span class='ocrx_word' id='word_1_145' title='bbox 357 2659 396 2702; x_wconf 82' lang='lat' dir='ltr'>en</span> <span class='ocrx_word' id='word_1_146' title='bbox 426 2635 472 2702; x_wconf 90' lang='lat' dir='ltr'>th.</span> <span class='ocrx_word' id='word_1_147' title='bbox 504 2635 608 2717; x_wconf 84' lang='lat' dir='ltr'>XXII,</span> <span class='ocrx_word' id='word_1_148' title='bbox 641 2635 759 2703; x_wconf 73' lang='lat' dir='ltr'>ventris</span> <span class='ocrx_word' id='word_1_149' title='bbox 781 2637 1050 2720; x_wconf 67' lang='lat' dir='ltr'>magnitudinem</span> <span class='ocrx_word' id='word_1_150' title='bbox 1080 2638 1209 2704; x_wconf 78' lang='lat' dir='ltr'>tertiam</span> <span class='ocrx_word' id='word_1_151' title='bbox 1230 2659 1269 2704; x_wconf 86' lang='lat' dir='ltr'>ex</span> <span class='ocrx_word' id='word_1_152' title='bbox 1291 2637 1337 2703; x_wconf 92' lang='lat' dir='ltr'>th.</span> <span class='ocrx_word' id='word_1_153' title='bbox 1360 2635 1476 2720; x_wconf 85' lang='lat' dir='ltr'>XXIX,</span> 
     </span>
     <span class='ocr_line' id='line_1_18' title="bbox 152 2723 549 2792; baseline 0 -2"><span class='ocrx_word' id='word_1_154' title='bbox 152 2723 330 2792; x_wconf 81' lang='lat' dir='ltr'>buccamm</span> <span class='ocrx_word' id='word_1_155' title='bbox 351 2723 549 2792; x_wconf 82' lang='lat' dir='ltr'>brevitatem.</span> 
     </span>
    </p>
   </div>
   <div class='ocr_carea' id='block_1_4' title="bbox 151 2865 1474 2952">
    <p class='ocr_par' dir='ltr' id='par_1_4' title="bbox 151 2865 1474 2952">
     <span class='ocr_line' id='line_1_19' title="bbox 151 2865 1474 2952; baseline -0.001 -20"><span class='ocrx_word' id='word_1_156' title='bbox 151 2865 202 2934; x_wconf 91' lang='grc' dir='ltr'>ΙΙ.</span> <span class='ocrx_word' id='word_1_157' title='bbox 228 2865 447 2934; x_wconf 77' lang='grc' dir='ltr'>θοιιιιιιιιιιο</span> <span class='ocrx_word' id='word_1_158' title='bbox 469 2867 605 2933; x_wconf 80' lang='grc' dir='ltr'>ηιιιιιοιιι</span> <span class='ocrx_word' id='word_1_159' title='bbox 623 2867 828 2934; x_wconf 78' lang='lat' dir='ltr'>measuroruli</span> <span class='ocrx_word' id='word_1_160' title='bbox 843 2889 907 2950; x_wconf 81' lang='lat' dir='ltr'>per</span> <span class='ocrx_word' id='word_1_161' title='bbox 921 2869 1046 2952; x_wconf 82' lang='lat' dir='ltr'>oirpam</span> <span class='ocrx_word' id='word_1_162' title='bbox 1066 2869 1307 2936; x_wconf 82' lang='lat' dir='ltr'>transversalem</span> <span class='ocrx_word' id='word_1_163' title='bbox 1323 2867 1474 2934; x_wconf 79' lang='lat' dir='ltr'>radicem.</span> 
     </span>
    </p>
   </div>
   <div class='ocr_carea' id='block_1_5' title="bbox 151 2953 1477 3326">
    <p class='ocr_par' dir='ltr' id='par_1_5' title="bbox 151 2953 1477 3325">
     <span class='ocr_line' id='line_1_20' title="bbox 202 2953 1476 3076; baseline -0.001 -17.967"><span class='ocrx_word' id='word_1_164' title='bbox 202 2953 444 3076; x_wconf 77' lang='lat' dir='ltr'>&#39;coltgitur&#39;</span> <span class='ocrx_word' id='word_1_165' title='bbox 435 2991 493 3076; x_wconf 80' lang='lat' dir='ltr'>igit</span> <span class='ocrx_word' id='word_1_166' title='bbox 494 3013 534 3057; x_wconf 89' lang='lat' dir='ltr'>ur</span> <span class='ocrx_word' id='word_1_167' title='bbox 559 3013 599 3060; x_wconf 82' lang='lat' dir='ltr'>er</span> <span class='ocrx_word' id='word_1_168' title='bbox 624 2991 673 3058; x_wconf 87' lang='lat' dir='ltr'>hia</span> <span class='ocrx_word' id='word_1_169' title='bbox 700 2987 845 3058; x_wconf 83' lang='lat' dir='ltr'>omnibus</span> <span class='ocrx_word' id='word_1_170' title='bbox 872 2990 969 3058; x_wconf 85' lang='lat' dir='ltr'>simui</span> <span class='ocrx_word' id='word_1_171' title='bbox 995 2993 1215 3074; x_wconf 89' lang='lat' dir='ltr'>consideratis,</span> <span class='ocrx_word' id='word_1_172' title='bbox 1244 2992 1366 3058; x_wconf 85' lang='lat' dir='ltr'>nullam</span> <span class='ocrx_word' id='word_1_173' title='bbox 1392 2992 1476 3058; x_wconf 88' lang='lat' dir='ltr'>inter</span> 
     </span>
     <span class='ocr_line' id='line_1_21' title="bbox 151 3079 1476 3182; baseline -0.001 -36"><span class='ocrx_word' id='word_1_174' title='bbox 151 3079 291 3146; x_wconf 87' lang='lat' dir='ltr'>rationes</span> <span class='ocrx_word' id='word_1_175' title='bbox 314 3083 520 3148; x_wconf 87' lang='lat' dir='ltr'>mensurandi</span> <span class='ocrx_word' id='word_1_176' title='bbox 542 3081 629 3148; x_wconf 90' lang='lat' dir='ltr'>dolia</span> <span class='ocrx_word' id='word_1_177' title='bbox 652 3081 955 3166; x_wconf 82' lang='lat' dir='ltr'>compendiosiorem</span> <span class='ocrx_word' id='word_1_178' title='bbox 978 3081 1072 3146; x_wconf 90' lang='lat' dir='ltr'>simul</span> <span class='ocrx_word' id='word_1_179' title='bbox 1091 3089 1200 3170; x_wconf 90' lang='lat' dir='ltr'>atque</span> <span class='ocrx_word' id='word_1_180' title='bbox 1221 3083 1429 3182; x_wconf 73' lang='lat' dir='ltr'>cuorrmspect</span> <span class='ocrx_word' id='word_1_181' title='bbox 1430 3081 1476 3145; x_wconf 93' lang='lat' dir='ltr'>io·</span> 
     </span>
     <span class='ocr_line' id='line_1_22' title="bbox 151 3157 1477 3252; baseline 0.001 -19"><span class='ocrx_word' id='word_1_182' title='bbox 151 3188 220 3234; x_wconf 91' lang='lat' dir='ltr'>rem</span> <span class='ocrx_word' id='word_1_183' title='bbox 251 3191 321 3234; x_wconf 89' lang='lat' dir='ltr'>esse</span> <span class='ocrx_word' id='word_1_184' title='bbox 353 3189 415 3236; x_wconf 88' lang='lat' dir='ltr'>usu</span> <span class='ocrx_word' id='word_1_185' title='bbox 448 3171 602 3252; x_wconf 70' lang='lat' dir='ltr'>virgaet</span> <span class='ocrx_word' id='word_1_186' title='bbox 588 3171 812 3236; x_wconf 86' lang='lat' dir='ltr'>transversalis</span> <span class='ocrx_word' id='word_1_187' title='bbox 847 3193 919 3236; x_wconf 92' lang='lat' dir='ltr'>cum</span> <span class='ocrx_word' id='word_1_188' title='bbox 949 3157 1156 3237; x_wconf 80' lang='lat' dir='ltr'>divisionibus</span> <span class='ocrx_word' id='word_1_189' title='bbox 1186 3169 1336 3238; x_wconf 86' lang='lat' dir='ltr'>cubicis</span> <span class='ocrx_word' id='word_1_190' title='bbox 1327 3191 1361 3234; x_wconf 91' lang='lat' dir='ltr'>m</span> <span class='ocrx_word' id='word_1_191' title='bbox 1384 3170 1477 3234; x_wconf 89' lang='lat' dir='ltr'>doliis</span> 
     </span>
     <span class='ocr_line' id='line_1_23' title="bbox 152 3259 1477 3326; baseline 0.001 -4"><span class='ocrx_word' id='word_1_192' title='bbox 152 3259 262 3323; x_wconf 83' lang='lat' dir='ltr'>Aust</span> <span class='ocrx_word' id='word_1_193' title='bbox 222 3259 339 3324; x_wconf 82' lang='grc' dir='ltr'>ιιιιιιιι.</span> <span class='ocrx_word' id='word_1_194' title='bbox 392 3259 509 3325; x_wconf 88' lang='lat' dir='ltr'>Omnes</span> <span class='ocrx_word' id='word_1_195' title='bbox 538 3261 620 3324; x_wconf 88' lang='lat' dir='ltr'>enim</span> <span class='ocrx_word' id='word_1_196' title='bbox 650 3259 789 3324; x_wconf 82' lang='lat' dir='ltr'>cautelas</span> <span class='ocrx_word' id='word_1_197' title='bbox 815 3280 997 3324; x_wconf 89' lang='lat' dir='ltr'>mensorum</span> <span class='ocrx_word' id='word_1_198' title='bbox 1025 3260 1058 3324; x_wconf 92' lang='grc' dir='ltr'>ιιι</span> <span class='ocrx_word' id='word_1_199' title='bbox 1081 3279 1115 3324; x_wconf 84' lang='grc' dir='ltr'>ιι</span> <span class='ocrx_word' id='word_1_200' title='bbox 1140 3260 1289 3326; x_wconf 89' lang='lat' dir='ltr'>continet.</span> <span class='ocrx_word' id='word_1_201' title='bbox 1267 3261 1477 3324; x_wconf 84' lang='lat' dir='ltr'>th&#39;mum</span> 
     </span>
    </p>
   </div>
   <div class='ocr_carea' id='block_1_6' title="bbox 153 3345 1596 3430">
    <p class='ocr_par' dir='ltr' id='par_1_6' title="bbox 153 3345 1596 3430">
     <span class='ocr_line' id='line_1_24' title="bbox 153 3345 1596 3430; baseline 0.006 -20"><span class='ocrx_word' id='word_1_202' title='bbox 153 3347 243 3428; x_wconf 80' lang='lat' dir='ltr'>virga</span> <span class='ocrx_word' id='word_1_203' title='bbox 265 3347 604 3424; x_wconf 82' lang='lat' dir='ltr'>introrsumrmmissa</span> <span class='ocrx_word' id='word_1_204' title='bbox 626 3347 766 3414; x_wconf 89' lang='lat' dir='ltr'>eliminat</span> <span class='ocrx_word' id='word_1_205' title='bbox 789 3349 966 3413; x_wconf 86' lang='lat' dir='ltr'>crassitiem</span> <span class='ocrx_word' id='word_1_206' title='bbox 978 3347 1170 3427; x_wconf 88' lang='lat' dir='ltr'>tabularum,</span> <span class='ocrx_word' id='word_1_207' title='bbox 1196 3347 1396 3424; x_wconf 89' lang='lat' dir='ltr'>circulorum,</span> <span class='ocrx_word' id='word_1_208' title='bbox 1421 3345 1477 3430; x_wconf 91' lang='lat' dir='ltr'>qui</span> <span class='ocrx_word' id='word_1_209' title='bbox 1591 3406 1596 3418; x_wconf 94' lang='lat'>.</span> 
     </span>
    </p>
   </div>
   <div class='ocr_carea' id='block_1_7' title="bbox 124 3435 1477 4881">
    <p class='ocr_par' dir='ltr' id='par_1_7' title="bbox 124 3435 1477 4850">
     <span class='ocr_line' id='line_1_25' title="bbox 153 3435 1477 3538; baseline 0.003 -42"><span class='ocrx_word' id='word_1_210' title='bbox 153 3435 279 3508; x_wconf 78' lang='lat' dir='ltr'>vincula</span> <span class='ocrx_word' id='word_1_211' title='bbox 301 3441 377 3500; x_wconf 90' lang='lat' dir='ltr'>sunt</span> <span class='ocrx_word' id='word_1_212' title='bbox 378 3436 638 3538; x_wconf 81' lang='lat' dir='ltr'>,viminumque,</span> <span class='ocrx_word' id='word_1_213' title='bbox 671 3435 785 3520; x_wconf 86' lang='lat' dir='ltr'>quibus</span> <span class='ocrx_word' id='word_1_214' title='bbox 810 3436 921 3504; x_wconf 87' lang='lat' dir='ltr'>circuli</span> <span class='ocrx_word' id='word_1_215' title='bbox 943 3436 1045 3538; x_wconf 29' lang='lat' dir='ltr'>&#39;lignei</span> <span class='ocrx_word' id='word_1_216' title='bbox 1068 3438 1227 3519; x_wconf 81' lang='lat' dir='ltr'>stringunt</span> <span class='ocrx_word' id='word_1_217' title='bbox 1229 3457 1276 3500; x_wconf 92' lang='grc' dir='ltr'>ιιι.</span> <span class='ocrx_word' id='word_1_218' title='bbox 1323 3437 1477 3533; x_wconf 80' lang='grc' dir='ltr'>ιιιιιιιιιιιι</span> 
     </span>
     <span class='ocr_line' id='line_1_26' title="bbox 154 3520 1476 3608; baseline 0 -21"><span class='ocrx_word' id='word_1_219' title='bbox 154 3530 187 3588; x_wconf 87' lang='grc' dir='ltr'>ιι</span> <span class='ocrx_word' id='word_1_220' title='bbox 218 3545 381 3590; x_wconf 82' lang='lat' dir='ltr'>excessum</span> <span class='ocrx_word' id='word_1_221' title='bbox 402 3523 591 3608; x_wconf 83' lang='lat' dir='ltr'>marginum,</span> <span class='ocrx_word' id='word_1_222' title='bbox 627 3546 766 3608; x_wconf 90' lang='lat' dir='ltr'>quorum</span> <span class='ocrx_word' id='word_1_223' title='bbox 800 3524 832 3588; x_wconf 92' lang='lat' dir='ltr'>in</span> <span class='ocrx_word' id='word_1_224' title='bbox 866 3525 968 3590; x_wconf 89' lang='lat' dir='ltr'>crenis</span> <span class='ocrx_word' id='word_1_225' title='bbox 1002 3525 1137 3589; x_wconf 86' lang='lat' dir='ltr'>haerent</span> <span class='ocrx_word' id='word_1_226' title='bbox 1169 3524 1263 3591; x_wconf 88' lang='lat' dir='ltr'>orbes</span> <span class='ocrx_word' id='word_1_227' title='bbox 1297 3520 1355 3590; x_wconf 84' lang='lat' dir='ltr'>se&#39;u</span> <span class='ocrx_word' id='word_1_228' title='bbox 1382 3524 1476 3589; x_wconf 91' lang='lat' dir='ltr'>bases</span> 
     </span>
     <span class='ocr_line' id='line_1_27' title="bbox 124 3593 1476 3698; baseline 0.001 -22"><span class='ocrx_word' id='word_1_229' title='bbox 124 3635 131 3647; x_wconf 56' lang='lat'>⁸</span> <span class='ocrx_word' id='word_1_230' title='bbox 154 3609 288 3696; x_wconf 83' lang='lat' dir='ltr'>ligneae.</span> <span class='ocrx_word' id='word_1_231' title='bbox 334 3613 403 3680; x_wconf 89' lang='lat' dir='ltr'>Hoc</span> <span class='ocrx_word' id='word_1_232' title='bbox 424 3622 533 3679; x_wconf 83' lang='lat' dir='ltr'>autem</span> <span class='ocrx_word' id='word_1_233' title='bbox 555 3615 639 3679; x_wconf 89' lang='lat' dir='ltr'>ratio</span> <span class='ocrx_word' id='word_1_234' title='bbox 661 3613 725 3678; x_wconf 90' lang='lat' dir='ltr'>alia</span> <span class='ocrx_word' id='word_1_235' title='bbox 746 3593 953 3678; x_wconf 86' lang='lat' dir='ltr'>mensurandi</span> <span class='ocrx_word' id='word_1_236' title='bbox 976 3635 1043 3678; x_wconf 87' lang='lat' dir='ltr'>una</span> <span class='ocrx_word' id='word_1_237' title='bbox 1065 3619 1097 3678; x_wconf 92' lang='lat' dir='ltr'>et</span> <span class='ocrx_word' id='word_1_238' title='bbox 1083 3613 1233 3678; x_wconf 89' lang='lat' dir='ltr'>teadem</span> <span class='ocrx_word' id='word_1_239' title='bbox 1262 3635 1362 3698; x_wconf 88' lang='lat' dir='ltr'>opera</span> <span class='ocrx_word' id='word_1_240' title='bbox 1384 3633 1476 3698; x_wconf 89' lang='lat' dir='ltr'>prae·</span> 
     </span>
     <span class='ocr_line' id='line_1_28' title="bbox 154 3701 1474 3787; baseline 0.002 -21"><span class='ocrx_word' id='word_1_241' title='bbox 154 3707 241 3766; x_wconf 87' lang='lat' dir='ltr'>stare</span> <span class='ocrx_word' id='word_1_242' title='bbox 263 3701 360 3768; x_wconf 88' lang='lat' dir='ltr'>nulla</span> <span class='ocrx_word' id='word_1_243' title='bbox 375 3709 490 3786; x_wconf 88' lang='lat' dir='ltr'>potest,</span> <span class='ocrx_word' id='word_1_244' title='bbox 516 3723 598 3787; x_wconf 88' lang='lat' dir='ltr'>quae</span> <span class='ocrx_word' id='word_1_245' title='bbox 614 3723 678 3768; x_wconf 85' lang='lat' dir='ltr'>non</span> <span class='ocrx_word' id='word_1_246' title='bbox 693 3703 833 3766; x_wconf 88' lang='lat' dir='ltr'>rationes</span> <span class='ocrx_word' id='word_1_247' title='bbox 856 3721 1026 3766; x_wconf 90' lang='lat' dir='ltr'>mensurae</span> <span class='ocrx_word' id='word_1_248' title='bbox 1049 3701 1134 3784; x_wconf 89' lang='lat' dir='ltr'>apud</span> <span class='ocrx_word' id='word_1_249' title='bbox 1158 3701 1312 3768; x_wconf 86' lang='lat' dir='ltr'>orificium</span> <span class='ocrx_word' id='word_1_250' title='bbox 1327 3706 1358 3769; x_wconf 83' lang='grc' dir='ltr'><strong>Α</strong></span> <span class='ocrx_word' id='word_1_251' title='bbox 1370 3703 1474 3784; x_wconf 84' lang='lat' dir='ltr'>exigit,</span> 
     </span>
     <span class='ocr_line' id='line_1_29' title="bbox 155 3789 1474 3876; baseline 0.001 -22"><span class='ocrx_word' id='word_1_252' title='bbox 155 3789 211 3856; x_wconf 89' lang='lat' dir='ltr'>ubi</span> <span class='ocrx_word' id='word_1_253' title='bbox 232 3789 346 3858; x_wconf 90' lang='lat' dir='ltr'>intima</span> <span class='ocrx_word' id='word_1_254' title='bbox 367 3791 550 3876; x_wconf 88' lang='lat' dir='ltr'>superficies</span> <span class='ocrx_word' id='word_1_255' title='bbox 577 3791 762 3856; x_wconf 87' lang='lat' dir='ltr'>tabularum</span> <span class='ocrx_word' id='word_1_256' title='bbox 790 3791 824 3854; x_wconf 93' lang='lat' dir='ltr'>in</span> <span class='ocrx_word' id='word_1_257' title='bbox 851 3798 965 3873; x_wconf 88' lang='lat' dir='ltr'>aperto</span> <span class='ocrx_word' id='word_1_258' title='bbox 989 3797 1047 3856; x_wconf 87' lang='lat' dir='ltr'>est.</span> <span class='ocrx_word' id='word_1_259' title='bbox 1092 3791 1206 3874; x_wconf 85' lang='lat' dir='ltr'>Itaque</span> <span class='ocrx_word' id='word_1_260' title='bbox 1229 3811 1391 3857; x_wconf 86' lang='lat' dir='ltr'>mensores</span> <span class='ocrx_word' id='word_1_261' title='bbox 1413 3790 1474 3856; x_wconf 91' lang='lat' dir='ltr'>ali·</span> 
     </span>
     <span class='ocr_line' id='line_1_30' title="bbox 155 3877 1477 3964; baseline -0.002 -20"><span class='ocrx_word' id='word_1_262' title='bbox 155 3881 212 3962; x_wconf 91' lang='lat' dir='ltr'>qui</span> <span class='ocrx_word' id='word_1_263' title='bbox 233 3881 361 3964; x_wconf 81' lang='lat' dir='ltr'>regulas</span> <span class='ocrx_word' id='word_1_264' title='bbox 384 3878 436 3946; x_wconf 88' lang='lat' dir='ltr'>hic</span> <span class='ocrx_word' id='word_1_265' title='bbox 457 3879 645 3945; x_wconf 84' lang='lat' dir='ltr'>nonnullas&#39;</span> <span class='ocrx_word' id='word_1_266' title='bbox 660 3879 829 3944; x_wconf 89' lang='lat' dir='ltr'>memoriae</span> <span class='ocrx_word' id='word_1_267' title='bbox 850 3879 1004 3944; x_wconf 88' lang='lat' dir='ltr'>mandant</span> <span class='ocrx_word' id='word_1_268' title='bbox 1033 3885 1066 3943; x_wconf 90' lang='lat' dir='ltr'>et</span> <span class='ocrx_word' id='word_1_269' title='bbox 1086 3887 1267 3964; x_wconf 88' lang='lat' dir='ltr'>sequuntur</span> <span class='ocrx_word' id='word_1_270' title='bbox 1288 3877 1477 3945; x_wconf 88' lang='lat' dir='ltr'>aestimandi</span> 
     </span>
     <span class='ocr_line' id='line_1_31' title="bbox 157 3965 1476 4052; baseline -0.001 -19"><span class='ocrx_word' id='word_1_271' title='bbox 157 3989 285 4034; x_wconf 86' lang='lat' dir='ltr'>caecam</span> <span class='ocrx_word' id='word_1_272' title='bbox 312 3969 396 4036; x_wconf 89' lang='lat' dir='ltr'>hane</span> <span class='ocrx_word' id='word_1_273' title='bbox 421 3965 608 4034; x_wconf 85' lang='lat' dir='ltr'>tabularum</span> <span class='ocrx_word' id='word_1_274' title='bbox 637 3967 827 4052; x_wconf 87' lang='lat' dir='ltr'>orbiumque</span> <span class='ocrx_word' id='word_1_275' title='bbox 853 3967 1050 4047; x_wconf 79' lang='lat' dir='ltr'>crassitiem,</span> <span class='ocrx_word' id='word_1_276' title='bbox 1084 3989 1223 4052; x_wconf 87' lang='lat' dir='ltr'>querum</span> <span class='ocrx_word' id='word_1_277' title='bbox 1249 3967 1476 4034; x_wconf 86' lang='lat' dir='ltr'>incertitudine</span> 
     </span>
     <span class='ocr_line' id='line_1_32' title="bbox 156 4055 1476 4158; baseline -0.002 -37"><span class='ocrx_word' id='word_1_278' title='bbox 156 4057 243 4122; x_wconf 90' lang='lat' dir='ltr'>circa</span> <span class='ocrx_word' id='word_1_279' title='bbox 264 4057 483 4124; x_wconf 83' lang='lat' dir='ltr'>inconstantia</span> <span class='ocrx_word' id='word_1_280' title='bbox 503 4057 665 4158; x_wconf 40' lang='lat' dir='ltr'>exempla·</span> <span class='ocrx_word' id='word_1_281' title='bbox 674 4057 776 4121; x_wconf 90' lang='lat' dir='ltr'>omnis</span> <span class='ocrx_word' id='word_1_282' title='bbox 799 4055 924 4139; x_wconf 86' lang='lat' dir='ltr'>reliqua</span> <span class='ocrx_word' id='word_1_283' title='bbox 951 4056 984 4120; x_wconf 91' lang='lat' dir='ltr'>in</span> <span class='ocrx_word' id='word_1_284' title='bbox 1004 4059 1224 4124; x_wconf 88' lang='lat' dir='ltr'>mensurando</span> <span class='ocrx_word' id='word_1_285' title='bbox 1246 4055 1476 4140; x_wconf 85' lang='lat' dir='ltr'>scrupulositas</span> 
     </span>
     <span class='ocr_line' id='line_1_33' title="bbox 156 4144 1477 4227; baseline -0.002 -17"><span class='ocrx_word' id='word_1_286' title='bbox 156 4145 306 4211; x_wconf 89' lang='lat' dir='ltr'>eluditur.</span> <span class='ocrx_word' id='word_1_287' title='bbox 352 4145 498 4212; x_wconf 83' lang='lat' dir='ltr'>Secundo</span> <span class='ocrx_word' id='word_1_288' title='bbox 521 4145 698 4211; x_wconf 87' lang='lat' dir='ltr'>modusist</span> <span class='ocrx_word' id='word_1_289' title='bbox 677 4151 822 4210; x_wconf 88' lang='lat' dir='ltr'>teoavet</span> <span class='ocrx_word' id='word_1_290' title='bbox 844 4145 885 4208; x_wconf 91' lang='lat' dir='ltr'>de</span> <span class='ocrx_word' id='word_1_291' title='bbox 907 4145 1137 4227; x_wconf 81' lang='lat' dir='ltr'>inaequalitate</span> <span class='ocrx_word' id='word_1_292' title='bbox 1160 4144 1282 4211; x_wconf 88' lang='lat' dir='ltr'>basium</span> <span class='ocrx_word' id='word_1_293' title='bbox 1297 4145 1477 4226; x_wconf 78' lang='lat' dir='ltr'>lignearum</span> 
     </span>
     <span class='ocr_line' id='line_1_34' title="bbox 156 4231 1476 4320; baseline -0.001 -22"><span class='ocrx_word' id='word_1_294' title='bbox 156 4255 214 4299; x_wconf 89' lang='lat' dir='ltr'>scu</span> <span class='ocrx_word' id='word_1_295' title='bbox 237 4233 371 4320; x_wconf 85' lang='lat' dir='ltr'>orbium,</span> <span class='ocrx_word' id='word_1_296' title='bbox 394 4234 494 4319; x_wconf 88' lang='lat' dir='ltr'>idque</span> <span class='ocrx_word' id='word_1_297' title='bbox 527 4236 571 4300; x_wconf 88' lang='lat' dir='ltr'>eit</span> <span class='ocrx_word' id='word_1_298' title='bbox 571 4255 609 4299; x_wconf 91' lang='lat' dir='ltr'>ra</span> <span class='ocrx_word' id='word_1_299' title='bbox 557 4233 808 4300; x_wconf 87' lang='lat' dir='ltr'>ttaediosam</span> <span class='ocrx_word' id='word_1_300' title='bbox 830 4232 1128 4319; x_wconf 86' lang='lat' dir='ltr'>multiplicationem</span> <span class='ocrx_word' id='word_1_301' title='bbox 1151 4236 1293 4317; x_wconf 87' lang='lat' dir='ltr'>citraque</span> <span class='ocrx_word' id='word_1_302' title='bbox 1316 4231 1476 4315; x_wconf 82' lang='lat' dir='ltr'>repetitio·</span> 
     </span>
     <span class='ocr_line' id='line_1_35' title="bbox 157 4313 1475 4408; baseline -0.003 -20"><span class='ocrx_word' id='word_1_303' title='bbox 157 4343 230 4388; x_wconf 89' lang='lat' dir='ltr'>nem</span> <span class='ocrx_word' id='word_1_304' title='bbox 253 4313 495 4408; x_wconf 79' lang='lat' dir='ltr'>explorationis,</span> <span class='ocrx_word' id='word_1_305' title='bbox 517 4343 583 4388; x_wconf 87' lang='lat' dir='ltr'>ona</span> <span class='ocrx_word' id='word_1_306' title='bbox 606 4329 639 4388; x_wconf 89' lang='lat' dir='ltr'>et</span> <span class='ocrx_word' id='word_1_307' title='bbox 662 4322 774 4387; x_wconf 87' lang='lat' dir='ltr'>eadem</span> <span class='ocrx_word' id='word_1_308' title='bbox 797 4343 902 4406; x_wconf 87' lang='lat' dir='ltr'>opera,</span> <span class='ocrx_word' id='word_1_309' title='bbox 927 4321 1077 4388; x_wconf 87' lang='lat' dir='ltr'>uttheor.</span> <span class='ocrx_word' id='word_1_310' title='bbox 1091 4322 1205 4390; x_wconf 82' lang='lat' dir='ltr'>XXVI</span> <span class='ocrx_word' id='word_1_311' title='bbox 1228 4320 1321 4407; x_wconf 86' lang='lat' dir='ltr'>hujus</span> <span class='ocrx_word' id='word_1_312' title='bbox 1344 4318 1475 4385; x_wconf 87' lang='lat' dir='ltr'>dictum.</span> 
     </span>
     <span class='ocr_line' id='line_1_36' title="bbox 157 4409 1477 4496; baseline -0.002 -18"><span class='ocrx_word' id='word_1_313' title='bbox 157 4413 201 4478; x_wconf 82' lang='lat' dir='ltr'>At</span> <span class='ocrx_word' id='word_1_314' title='bbox 232 4412 353 4496; x_wconf 86' lang='lat' dir='ltr'>reliqui</span> <span class='ocrx_word' id='word_1_315' title='bbox 385 4433 549 4478; x_wconf 87' lang='lat' dir='ltr'>mensores</span> <span class='ocrx_word' id='word_1_316' title='bbox 583 4413 616 4477; x_wconf 91' lang='lat' dir='ltr'>in</span> <span class='ocrx_word' id='word_1_317' title='bbox 649 4411 709 4477; x_wconf 90' lang='lat' dir='ltr'>hoe</span> <span class='ocrx_word' id='word_1_318' title='bbox 741 4411 832 4476; x_wconf 90' lang='lat' dir='ltr'>multi</span> <span class='ocrx_word' id='word_1_319' title='bbox 865 4416 949 4491; x_wconf 87' lang='grc' dir='ltr'>ιιιιιι,</span> <span class='ocrx_word' id='word_1_320' title='bbox 979 4417 1016 4476; x_wconf 91' lang='grc' dir='ltr'>ιιι</span> <span class='ocrx_word' id='word_1_321' title='bbox 1042 4412 1198 4477; x_wconf 89' lang='lat' dir='ltr'>doliorum</span> <span class='ocrx_word' id='word_1_322' title='bbox 1219 4409 1313 4478; x_wconf 91' lang='lat' dir='ltr'>orbes</span> <span class='ocrx_word' id='word_1_323' title='bbox 1334 4409 1420 4475; x_wconf 88' lang='lat' dir='ltr'>inter</span> <span class='ocrx_word' id='word_1_324' title='bbox 1442 4429 1477 4476; x_wconf 87' lang='lat' dir='ltr'>se</span> 
     </span>
     <span class='ocr_line' id='line_1_37' title="bbox 158 4461 1476 4604; baseline 0 -40"><span class='ocrx_word' id='word_1_325' title='bbox 158 4507 301 4584; x_wconf 85' lang='lat' dir='ltr'>aequent</span> <span class='ocrx_word' id='word_1_326' title='bbox 332 4501 536 4604; x_wconf 78' lang='lat' dir='ltr'>mediumque</span> <span class='ocrx_word' id='word_1_327' title='bbox 566 4521 677 4566; x_wconf 82' lang='lat' dir='ltr'>eornm</span> <span class='ocrx_word' id='word_1_328' title='bbox 710 4461 965 4585; x_wconf 81' lang='lat' dir='ltr'>proportionale,</span> <span class='ocrx_word' id='word_1_329' title='bbox 1000 4500 1134 4584; x_wconf 86' lang='lat' dir='ltr'>denique</span> <span class='ocrx_word' id='word_1_330' title='bbox 1166 4500 1251 4565; x_wconf 86' lang='lat' dir='ltr'>inter</span> <span class='ocrx_word' id='word_1_331' title='bbox 1280 4498 1476 4583; x_wconf 88' lang='lat' dir='ltr'>capacitates</span> 
     </span>
     <span class='ocr_line' id='line_1_38' title="bbox 158 4589 1476 4676; baseline -0.001 -23"><span class='ocrx_word' id='word_1_332' title='bbox 158 4589 297 4655; x_wconf 89' lang='lat' dir='ltr'>medium</span> <span class='ocrx_word' id='word_1_333' title='bbox 318 4591 464 4656; x_wconf 81' lang='lat' dir='ltr'>conicum</span> <span class='ocrx_word' id='word_1_334' title='bbox 484 4591 658 4672; x_wconf 78' lang='lat' dir='ltr'>inveniant,</span> <span class='ocrx_word' id='word_1_335' title='bbox 685 4609 780 4654; x_wconf 78' lang='lat' dir='ltr'>nsum</span> <span class='ocrx_word' id='word_1_336' title='bbox 800 4589 908 4672; x_wconf 83' lang='lat' dir='ltr'>virgae</span> <span class='ocrx_word' id='word_1_337' title='bbox 930 4589 1141 4673; x_wconf 84' lang='lat' dir='ltr'>planimetrae</span> <span class='ocrx_word' id='word_1_338' title='bbox 1161 4592 1386 4676; x_wconf 74' lang='lat' dir='ltr'>conjungentes</span> <span class='ocrx_word' id='word_1_339' title='bbox 1401 4607 1476 4654; x_wconf 87' lang='lat' dir='ltr'>cum</span> 
     </span>
     <span class='ocr_line' id='line_1_39' title="bbox 158 4675 1474 4760; baseline -0.002 -18"><span class='ocrx_word' id='word_1_340' title='bbox 158 4677 282 4746; x_wconf 86' lang='lat' dir='ltr'>calculo</span> <span class='ocrx_word' id='word_1_341' title='bbox 303 4677 535 4745; x_wconf 68' lang='lat' dir='ltr'>molatissimo.</span> <span class='ocrx_word' id='word_1_342' title='bbox 581 4677 661 4744; x_wconf 85' lang='lat' dir='ltr'>Vide</span> <span class='ocrx_word' id='word_1_343' title='bbox 675 4679 937 4758; x_wconf 84' lang='lat' dir='ltr'>recentissimum,</span> <span class='ocrx_word' id='word_1_344' title='bbox 960 4677 1094 4744; x_wconf 78' lang='lat' dir='ltr'>loannis</span> <span class='ocrx_word' id='word_1_345' title='bbox 1110 4679 1195 4743; x_wconf 89' lang='lat' dir='ltr'>Hart</span> <span class='ocrx_word' id='word_1_346' title='bbox 1180 4679 1304 4744; x_wconf 88' lang='lat' dir='ltr'>tmanni</span> <span class='ocrx_word' id='word_1_347' title='bbox 1326 4675 1474 4760; x_wconf 79' lang='lat' dir='ltr'>Baperi,</span> 
     </span>
     <span class='ocr_line' id='line_1_40' title="bbox 156 4729 1475 4881; baseline -0.002 -49"><span class='ocrx_word' id='word_1_348' title='bbox 156 4767 272 4834; x_wconf 87' lang='lat' dir='ltr'>Medici</span> <span class='ocrx_word' id='word_1_349' title='bbox 295 4765 578 4881; x_wconf 73' lang='lat' dir='ltr'>Franeolmtena&#39;s,</span> <span class='ocrx_word' id='word_1_350' title='bbox 602 4767 719 4834; x_wconf 85' lang='lat' dir='ltr'>libmm</span> <span class='ocrx_word' id='word_1_351' title='bbox 742 4765 781 4833; x_wconf 88' lang='lat' dir='ltr'>de</span> <span class='ocrx_word' id='word_1_352' title='bbox 803 4729 1008 4836; x_wconf 76' lang='grc' dir='ltr'>διιιιιιιιιι</span> <span class='ocrx_word' id='word_1_353' title='bbox 967 4772 1031 4834; x_wconf 89' lang='lat' dir='ltr'>tma</span> <span class='ocrx_word' id='word_1_354' title='bbox 1051 4767 1202 4834; x_wconf 78' lang='lat' dir='ltr'>manium.</span> <span class='ocrx_word' id='word_1_355' title='bbox 1207 4765 1263 4850; x_wconf 79' lang='lat'><strong>⁴¹).</strong></span> <span class='ocrx_word' id='word_1_356' title='bbox 1291 4766 1399 4834; x_wconf 88' lang='lat' dir='ltr'>Tertio</span> <span class='ocrx_word' id='word_1_357' title='bbox 1421 4785 1475 4830; x_wconf 91' lang='lat' dir='ltr'>ne·</span> 
     </span>
    </p>
   </div>
   <div class='ocr_carea' id='block_1_8' title="bbox 0 0 1707 5542">
    <p class='ocr_par' dir='ltr' id='par_1_8' title="bbox 0 0 1707 5542">
     <span class='ocr_line' id='line_1_41' title="bbox 0 0 1707 5542; baseline 0 0"><span class='ocrx_word' id='word_1_358' title='bbox 0 0 1707 5542; x_wconf 95' lang='lat' dir='ltr'> </span> 
     </span>
    </p>
   </div>
  </div>
 </body>
</html>
