3412 5538
613 363 730 418 derebus
743 367 927 439 chronologicis.
964 404 970 416 ι
1398 367 1442 438 97

91 478 225 545 consistit
237 485 272 548 in
288 482 444 571 ἐξαιρεσει
459 497 518 563 diei
533 511 587 567 aut
601 505 693 571 bidui.
716 509 787 574 Non
800 518 976 596 repugnabo
991 519 1067 596 Tibi,
1083 522 1153 605 quin
1169 534 1201 588 et
1215 527 1246 591 in
1261 525 1320 594 hac
1336 532 1442 610 torna,

91 585 159 648 quae
174 572 250 637 mibi
264 577 403 658 videtur,
419 582 589 668 hujusmodi
605 600 863 666 extraordinariae
879 609 1034 688 potuerint
1048 611 1113 676 fieri
1129 633 1305 682 exaeresss:
1328 639 1442 699 verum,

89 664 119 718 nt
131 659 164 721 id
177 662 229 726 rel
243 665 278 729 in
293 675 384 734 tuum
399 675 449 738 rel
464 695 562 746 meum
577 689 764 754 commodum
779 691 908 771 credam,
923 716 984 762 non
999 709 1102 766 movet
1115 723 1163 766 me
1174 703 1330 773 Ciceronis
1345 709 1441 776 locus.

89 743 163 818 Quid
184 751 213 815 si
236 775 370 842 namque
388 761 497 831 Cicero
520 770 556 834 de
572 773 747 856 Maeoniae,
770 780 936 866 Oalippica,
957 787 1163 872 Hipparchica
1179 795 1275 860 forma
1289 799 1440 882 loquatur,

89 855 160 917 quae
176 859 285 909 omnes
300 858 376 930 post
390 854 529 924 Atticam
544 873 686 948 receptae
702 870 785 932 fuere
804 891 860 954 per
874 875 1047 944 universam
1063 881 1248 948 Graeciam?
1277 888 1344 952 Hes
1361 891 1440 954 enim
1466 914 1469 924 ·
1546 889 1548 894 ’

89 936 201 994 certum
217 943 270 998 est
284 937 349 1003 ists
361 941 485 1023 habere,
501 967 577 1032 quae
594 949 701 1021 Cicero
718 972 933 1028 commemorat
947 959 983 1048 ⁵).

173 1017 233 1105 19)
257 1025 330 1092 Una
347 1029 381 1095 in
402 1052 436 1097 re
462 1053 509 1100 me
532 1045 650 1109 torsisti
671 1045 879 1116 vehementer:
910 1055 947 1118 de
967 1053 1108 1142 ἀταρχοις
1128 1056 1251 1145 ἡμεραις
1274 1053 1439 1146 s'critebas,

88 1126 120 1168 ao
142 1107 243 1176 sitlbi
267 1125 352 1182 esset
374 1133 475 1188 certus
498 1139 619 1209 auctor,
642 1137 692 1218 qui
716 1140 898 1218 affirmaret,
919 1145 1042 1210 biduum
1065 1149 1254 1218 colomanni
1277 1156 1439 1238 cujuslibet

87 1197 166 1260 exitu
187 1201 284 1268 luisse
300 1207 366 1272 sine
380 1211 514 1297 imperio.
543 1221 610 1304 Ego
627 1245 699 1289 vero
715 1228 809 1307 exiis,
824 1251 901 1314 quae
918 1235 1000 1299 dicta
1016 1246 1095 1314 sunt,
1110 1240 1325 1307 intercalarem
1340 1253 1440 1311 totum

87 1282 216 1372 drappos
242 1298 376 1362 transire
397 1305 514 1386 patior,
538 1315 674 1397 exemplo
694 1317 915 1399 Romanorum,
942 1325 1047 1408 quibus
1069 1328 1208 1394 bisextus
1230 1334 1439 1418 inauspicatos
1541 1351 1544 1356 '

89 1387 158 1440 arat
205 1379 366 1454 Quaeres
390 1395 448 1458 etsi
471 1398 593 1464 absurdi
616 1405 686 1486 quid
707 1407 850 1487 involvit,
872 1421 993 1478 tautam
1013 1418 1118 1481 urbem
1140 1421 1255 1486 mmdiu
1278 1443 1346 1488 esse
1370 1426 1437 1491 sine

88 1465 223 1548 irnperio,
243 1481 347 1540 tamen
361 1499 478 1548 mecum
493 1496 542 1550 est
557 1511 652 1574 aequo
668 1497 767 1561 animo
783 1499 834 1563 ille
844 1503 1035 1582 Macrobius,
1056 1528 1144 1592 quem
1160 1519 1194 1574 tu
1209 1512 1331 1595 indigne
1347 1521 1434 1579 trac·

87 1562 182 1622 acum
197 1581 217 1623 a
232 1563 277 1626 Te
298 1570 452 1649 repulisti,
473 1596 603 1660 negans,
624 1583 813 1654 intellectum
833 1610 901 1655 esse
921 1595 1112 1661 aMacrobio
1133 1607 1260 1687 testem,
1285 1604 1437 1686 quiesset

89 1645 122 1708 ab
136 1647 189 1712 illo
206 1652 329 1719 citatus.
358 1657 440 1724 Ecce
456 1665 543 1743 enim,
559 1690 648 1754 quarn
663 1684 801 1758 apertum
821 1681 895 1744 mihi
916 1686 1065 1766 praebeat
1083 1690 1291 1756 testimonium
1305 1693 1433 1758 Macro·
1495 1711 1502 1722 ¹

86 1733 163 1812 bima
185 1741 237 1822 qui
253 1741 331 1827 Cap.
344 1747 432 1814 XIV.
448 1765 552 1835 aperte
573 1760 664 1840 dicit,
682 1766 813 1833 Numam
836 1789 922 1836 suam
937 1775 1007 1839 anni
1030 1776 1157 1842 sormam
1172 1802 1191 1844 a
1208 1779 1338 1846 Graecis
1353 1785 1434 1848 bau-

88 1823 175 1904 lisssses
203 1837 296 1916 atque
315 1835 385 1900 illos
407 1844 494 1908 aunis
515 1855 585 1912 octo
608 1851 674 1916 dies
696 1853 739 1920 90
758 1858 967 1926 intercalasse.
1010 1865 1140 1930 Factum
1162 1876 1212 1933 est
1232 1870 1291 1936 hoc
1313 1873 1433 1938 Numae
1524 1927 1528 1934 .

87 1921 226 1997 tempore,
241 1921 332 2006 lunge
346 1935 419 1992 ante
433 1933 576 2015 Metonis,
595 1939 724 2021 Eudoxi,
746 1946 875 2032 Galippi,
894 1952 1063 2035 Hipparchi
1078 1965 1222 2022 aetatem.
1269 1959 1344 2044 Gap.
1360 1961 1433 2027 XV.

87 2003 137 2066 nbi
151 2013 335 2077 contradicit
349 2028 471 2100 aperte,
493 2046 634 2096 asserens
650 2031 837 2101 Graecorum
857 2061 969 2106 annum
983 2041 1101 2109 Numae
1125 2053 1262 2132 tempore
1278 2051 1433 2117 Lunarem
1516 2118 1519 2126 ,

88 2101 115 2154 et
127 2113 246 2164 menses
262 2103 446 2174 embolimos.
474 2112 613 2201 Denique
629 2142 696 2186 oum
706 2132 746 2204 ,tu
761 2146 816 2208 pro
838 2129 946 2194 iisdem
961 2132 1092 2211 habeas,
1112 2159 1167 2211 τας
1182 2133 1433 2220 inspectionum

87 2203 129 2246 Ψ
149 2183 313 2273 &maweu
341 2195 392 2260 ille
413 2217 468 2281 pro
494 2205 602 2273 iisdem
626 2211 721 2277 habet
744 2235 800 2290 coe
827 2212 1066 2300 dnepiiuoooooee
1089 2248 1137 2288 και
1160 2225 1323 2308 tuscanos
1346 2253 1431 2311 poro.

87 2271 175 2352 Igitur
196 2277 373 2349 Macrobius
397 2291 470 2355 milui
493 2294 714 2380 simplicissimo
746 2325 838 2370 sensu
864 2310 953 2387 dicit,
977 2318 1010 2375 te
1042 2325 1254 2396 argumentum
1277 2327 1433 2398 nectente,

87 2367 176 2428 totam
188 2367 404 2440 intercalarem
419 2399 486 2444 esse
501 2381 640 2472 drappos.
675 2393 712 2456 In
731 2413 792 2458 nna
806 2416 840 2460 re
858 2399 932 2462 mibi
956 2409 1006 2465 est
1021 2407 1207 2484 contrarius,
1228 2408 1309 2490 quod
1324 2409 1378 2484 ait,
1393 2427 1434 2472 ex

87 2447 182 2516 diebus
197 2454 241 2521 90
256 2465 321 2526 tres
337 2467 487 2536 conflatos
500 2494 631 2556 menses,
653 2500 709 2564 ego
724 2503 797 2548 vero
814 2507 881 2550 cum
894 2489 996 2553 Numa
1012 2491 1109 2556 contio
1125 2505 1269 2584 quatuor,
1291 2498 1385 2562 etiam
1398 2499 1431 2563 in

88 2559 157 2604 anno
170 2543 287 2612 Attico.
333 2551 398 2620 Sed
418 2569 493 2641 putu
514 2584 566 2636 me,
577 2569 727 2635 Herodoti
749 2577 933 2641 auctoritate
954 2579 1032 2644 satis
1048 2601 1116 2646 esse
1132 2585 1303 2663 suffultum,
1328 2593 1364 2650 ut
1378 2583 1431 2650 oroi·

88 2643 196 2709 ‘vm'va
211 2645 320 2704 matra
336 2663 412 2723 eum,
428 2652 477 2732 qui
491 2659 542 2718 tot
556 2659 665 2724 seculis
681 2669 772 2726 natus
788 2673 838 2728 est
851 2669 1012 2748 posterior.
1041 2671 1079 2735 In
1089 2671 1310 2740 dubitationem
1325 2683 1430 2743 tamen

89 2735 127 2782 mc
140 2723 263 2806 conjicit
282 2733 375 2798 testis
397 2758 417 2801 a
438 2745 470 2802 te
491 2746 673 2826 productus,
696 2753 746 2834 qui
767 2752 799 2816 in
822 2775 901 2820 anno
925 2757 1041 2823 dierum
1062 2759 1127 2825 354
1150 2764 1264 2827 ultimis
1280 2765 1302 2828 4
1317 2766 1363 2828 ait
1376 2784 1432 2840 aaa

89 2804 267 2894 Ntss‘ffldtoes
288 2825 447 2890 exercitas.
474 2833 572 2906 ,Nem
592 2836 764 2922 hoe‘pacto
787 2845 996 2928 relinquuntur
1015 2847 1081 2913 350
1102 2852 1167 2916 dies
1186 2853 1267 2917 inter
1285 2854 1325 2917 10
1347 2855 1429 2940 Pry-

90 2900 175 2964 laoias
190 2905 406 2991 distribuendi,
428 2925 534 3004 estque
549 2925 699 3010 mnia
714 2931 830 2997 dierum
845 2933 896 2998 35.
927 2937 975 3002 Ac
988 2935 1169 3022 Prytaniam
1189 2941 1305 3032 dierum
1320 2943 1363 3008 36
1378 2944 1429 3009 iu-

89 2990 176 3054 ronco
198 2996 239 3058 ad
261 2997 340 3064 banc
362 3023 498 3073 normam
519 3032 580 3078 nun
601 3034 741 3097 possum,
763 3024 872 3088 necin
894 3045 974 3090 anno
999 3029 1097 3094 veteri
1112 3032 1221 3096 Attico
1236 3053 1293 3097 neo
1308 3033 1340 3098 in
1356 3053 1428 3098 suo-

89 3077 192 3145 ccdenti
207 3085 306 3151 forma
320 3112 371 3170 της
385 3117 555 3176 noeumane.
583 3103 707 3172 Etenim
723 3110 751 3174 si
765 3133 862 3178 annus
878 3123 963 3178 esset
979 3117 1094 3182 diemm
1113 3116 1179 3186 376
1194 3123 1244 3186 vel
1259 3116 1340 3199 377,
1362 3123 1428 3188 dies

90 3171 200 3235 marchi
221 3175 263 3238 ad
282 3177 368 3246 illam
382 3185 608 3258 similitudinem
629 3206 735 3264 esseut
756 3199 777 3264 6
797 3203 847 3266 vel
862 3199 900 3282 ’ἴς
922 3206 1072 3290 Prytanis
1095 3206 1275 3276 diernm'3'l
1299 3231 1361 3276 non
1375 3211 1429 3276 36.

89 3251 131 3320 sn
142 3277 225 3340 uero,
246 3268 328 3331 utin
343 3278 505 3343 recentiori
521 3285 593 3348 anni
608 3285 706 3351 forma
721 3289 786 3354 dies
802 3301 907 3357 essent
922 3294 1004 3372 384,
1024 3301 1150 3364 anarchi
1171 3308 1277 3364 essent
1291 3301 1326 3377 4,
1345 3300 1427 3386 Pry-

88 3347 157 3412 ania
170 3351 288 3420 dierum
302 3359 355 3423 38.
384 3361 593 3436 Veruntamen
616 3377 783 3443 eluctemur
805 3401 844 3443 ex
858 3383 917 3448 hac
941 3385 1137 3464 difficultate,
1160 3389 1187 3452 si
1202 3397 1322 3472 tempus
1337 3390 1428 3456 unius

81 3441 229 3518 prytanin
252 3447 411 3518 Mescinius
433 3455 547 3524 dierum
569 3483 630 3528 nou
651 3468 876 3547 continuorum,
898 3474 953 3536 sed
975 3475 1121 3540 decendio
1145 3479 1334 3544 distantium
1372 3478 1428 3545 Sic

79 3525 150 3591 cuim
170 3540 303 3614 quatuor
323 3539 421 3606 ultimi
443 3550 611 3616 comitiales
634 3554 699 3618 dies
722 3564 754 3620 et
774 3558 833 3640 ipsi
856 3563 1005 3627 accedent
1025 3574 1155 3649 quatuor
1170 3568 1344 3651 Prytauiis,
1366 3589 1426 3635 nec

81 3627 161 3682 amnt
175 3622 268 3702 plene
284 3619 418 3714 ἄναρχοι,
433 3638 527 3702 atilli
542 3643 585 3704 22
600 3642 797 3710 intercalarii-

157 3706 219 3792 20)
242 3711 399 3784 Vicesimo
422 3723 521 3791 dicam
542 3731 599 3794 tibi
614 3753 733 3800 rursum
748 3737 969 3819 conjecturam,
990 3751 1026 3806 ut
1042 3764 1202 3810 censuram
1215 3754 1352 3811 mutuum
1367 3767 1426 3812 su-

81 3789 160 3860 dian
185 3799 290 3884 Supra
306 3806 343 3870 de
358 3814 478 3894 magma
492 3821 646 3902 mysteriis
662 3823 784 3903 dietum,
800 3847 887 3910 quae,
903 3849 971 3894 eum
979 3833 1203 3900 Boedromione
1220 3835 1302 3900 circa
1317 3838 1426 3921 aequi·

78 3887 201 3952 noctium
221 3893 428 3979 celebrentur,
451 3907 656 3988 conjecturam
671 3916 856 3996 praebuere,
878 3921 965 4001 quasi
987 3924 1201 4006 mysteriorum
1217 3925 1281 3990 dies
1297 3925 1428 3992 adderet

81 3974 121 4037 rel
135 3977 272 4046 auienet
286 3985 401 4069 aliquid
422 3995 542 4061 modulo
565 4001 636 4064 anni
652 4004 692 4066 ad
708 4003 791 4069 Solis
813 4007 873 4071 iter
894 4011 1161 4078 reconciliandum
1191 4015 1263 4079 Jam
1277 4016 1373 4108 etiam
1386 4017 1426 4082 de

81 4063 237 4134 utinorrbns
258 4092 365 4140 mones
387 4086 555 4164 mysteriis,
578 4109 654 4172 quae
670 4094 783 4176 probas
797 4095 829 4159 in
844 4098 1048 4164 Posideonem
1062 4101 1204 4180 incidere,
1218 4113 1295 4187 puta
1309 4126 1347 4170 ca
1362 4105 1425 4170 sod
1441 4114 1444 4124 ’

80 4147 177 4234 ipone
191 4179 247 4224 seu
264 4161 400 4245 husae,
414 4170 726 4258 qulaphebolionsm
736 4201 809 4248 vero
818 4207 856 4250 sc
871 4185 933 4250 aaa?
950 4185 1037 4268 dosa,
1051 4200 1084 4255 et
1100 4213 1168 4257 esse
1184 4195 1351 4274 trieterica,
1365 4193 1426 4260 hoo

86 4251 203 4338 ¹etpost
216 4249 371 4321 biennium
386 4269 527 4328 exactum
542 4286 705 4334 recurrere.
746 4275 798 4338 An
814 4294 875 4341 non
891 4285 1008 4342 certum
1022 4281 1175 4360 indicium,
1191 4283 1320 4348 alternis
1336 4285 1425 4350 annis

88 4336 281 4406 umanum
309 4354 344 4410 et
363 4350 442 4414 haec
464 4353 532 4435 ipsa
556 4360 705 4440 mysteria
727 4359 871 4428 Calendis
892 4367 1073 4436 Posideonis
1105 4373 1230 4438 secundi
1254 4373 1330 4438 mbil
1355 4393 1424 4438 esse

89 4419 164 4502 siud,
192 4431 253 4495 uisi
277 4437 486 4505 testimoninm
509 4443 751 4514 intercalationis
778 4455 821 4516 22
847 4455 978 4536 Mamm,
1009 4461 1065 4524 snb
1094 4462 1214 4528 nomine
1242 4461 1423 4528 Posideonis

89 4511 176 4587 Notis
190 4525 389 4606 praemissae,
404 4535 441 4592 ut
456 4529 601 4600 Calendis
615 4538 797 4607 Posideonis
812 4545 991 4627 posterioris
1008 4542 1240 4634 (Dionysiorum
1261 4552 1341 4616 forto
1357 4545 1422 4654 die)

91 4611 247 4685 manarat
259 4611 369 4680 Lunae
392 4622 534 4702 quaesita
547 4625 676 4707 phasis?
706 4629 910 4698 Posideonem
932 4635 1012 4700 euim
1033 4640 1181 4722 geminari
1204 4641 1328 4705 solitum
1344 4647 1435 4704 satus.

90 4693 211 4765 illitati
239 4701 324 4770 Haeo
340 4705 459 4786 ducatu,
474 4709 552 4776 sorte
568 4715 638 4800 quia
652 4716 784 4784 Luueris
800 4743 896 4788 annus
911 4725 1054 4792 inventus
1070 4737 1120 4794 est
1134 4731 1287 4812 politicus
1317 4729 1424 4794 Tertia

91 4777 301 4860 beescenses
325 4817 435 4864 annua
459 4809 508 4864 esc
530 4805 703 4884 rusticana,
734 4809 814 4875 forte
846 4813 885 4878 ob
914 4813 1080 4888 adventum
1103 4819 1202 4898 veris,
1233 4815 1314 4902 quod
1337 4817 1424 4884 iavet

90 4873 183 4942 mter
197 4885 307 4966 operis.
855 4919 859 4930 ·
936 4937 938 4942 ·

122 4980 201 5036 nm
213 4989 284 5044 om
296 4991 334 5036 π.
936 4993 941 5004 “
1084 5004 1090 5045 1
1193 5009 1210 5065 t
