3406 5542
622 227 730 294 Eclogee
753 228 898 280 chronicae.
1358 235 1420 294 375

192 405 299 462 Dionem
317 419 408 460 rerum
427 404 455 458 in
475 405 580 460 criente
600 413 743 476 gestarum
762 425 814 462 nou
835 407 903 462 satis
923 407 1040 477 peritum
1059 393 1154 474 irase,
1175 409 1298 464 ostendit
1310 417 1422 480 praeter
1551 465 1555 473 ,
1669 399 1670 432 l

124 487 180 550 elia
198 487 265 556 quod
284 501 382 540 annum
401 495 500 554 captae
519 487 728 558 Hierosolymae
747 488 825 558 ponit
844 487 872 542 in
892 503 962 542 anna
983 487 1010 544 8.
1031 488 1150 544 iuliano.
1280 511 1286 530 ι
1309 508 1318 530 ·

199 577 380 660 lieplerus
397 577 564 644 Calvisio
589 585 713 654 (sparus
730 589 785 654 11).
798 581 922 646 literas
933 586 1018 660 tuae,
1029 581 1272 662 virdoctiseima
1285 583 1423 668 aamaji

123 666 255 749 scriptas,
279 666 408 732 aiunii
428 669 539 750 accepi
554 668 778 734 aMercatore.
812 669 853 734 ln·
870 668 1059 750 quaestione
1075 669 1305 753 Chronologica
1326 670 1420 753 (otio-

124 775 170 820 sus
190 753 401 838 typographus
423 776 463 820 ex
487 777 553 822 una
573 755 689 822 arbore
711 757 829 824 Silvam
851 759 938 836 tecit,
968 778 1041 822 cum
1063 757 1194 823 titulum
1216 779 1273 842 ego
1300 760 1423 825 nullum
1533 783 1534 786 ¹

122 843 356 927 adscripsissem.
389 845 537 910 Imitatus
555 850 604 909 est
616 833 727 929 'inepte
744 845 929 928 allegoriam
946 846 1033 910 initio
1050 846 1211 911 discursm
1234 847 1422 930 adhibitam)

123 933 175 1000 hcc
194 931 296 997 differt
318 938 375 998 tua
390 933 505 1000 solutio
520 955 540 1000 a
555 953 626 1000 mea
640 933 887 1013 confirmatione,
910 933 996 1018 quod
1018 935 1196 1018 quaesitum
1209 935 1251 1000 ab
1266 937 1437 1002 ultroneo.¹

122 1023 154 1086 lu
173 1020 320 1086 solutione
340 1022 434 1106 primi
455 1023 634 1106 argumenti
655 1023 769 1088 tribuis
785 1023 860 1091 mihi
874 1021 1082 1108 impropriam
1103 1024 1290 1090 locutionem
1312 1031 1425 1092 contra

123 1131 213 1174 meam
233 1109 368 1174 literam.
405 1111 476 1178 Non
499 1113 582 1178 eninr
604 1113 729 1178 memini
749 1133 800 1178 me
822 1111 934 1192 dicere,
960 1117 1011 1178 15.
1029 1111 1191 1178 Julianum
1212 1115 1426 1197 esseprimum

123 1199 267 1277 Actiacae,
285 1198 414 1282 perinde
428 1201 510 1268 enim
525 1199 586 1266 hcc
603 1205 706 1279 sonat,
723 1221 762 1266 ao
776 1202 804 1266 si
822 1201 969 1282 dicerem,
984 1201 1123 1285 primum
1138 1201 1180 1266 ab
1191 1202 1335 1268 Actiaca.
1357 1203 1426 1284 Ego

122 1287 182 1352 dieo
202 1287 392 1372 simpliciter,
414 1309 483 1354 esse
503 1309 622 1354 anama
638 1290 786 1356 Actiacae
808 1290 970 1356 victoriae.
992 1290 1111 1355 Deinde
1132 1311 1240 1355 aeram
1262 1311 1283 1354 a
1303 1291 1427 1356 nomine

121 1397 172 1442 suc
191 1374 352 1460 distinguis
374 1385 527 1462 tempore.
555 1379 646 1458 Esto,
669 1377 755 1462 quod
770 1379 846 1444 milri
859 1379 986 1462 quidem
1006 1377 1198 1444 absurdum:
1220 1378 1298 1444 nihil
1319 1385 1426 1444 tamen
1473 1368 1478 1374 ’

121 1471 153 1529 11
172 1471 279 1529 contra
301 1486 360 1546 me,
384 1468 438 1550 qui
459 1489 523 1532 non
544 1465 626 1532 cudo
648 1467 791 1550 regulam
817 1467 994 1550 generalem
1016 1467 1058 1532 ad
1078 1467 1295 1550 intelligendos
1318 1487 1426 1552 omnes

121 1551 290 1632 hutoricos,
321 1553 376 1620 sed
397 1555 513 1639 loquor
541 1561 668 1620 tantum
694 1557 733 1621 de
755 1555 893 1641 Joiepho
914 1555 1036 1622 Judaeo
1063 1557 1146 1622 inter
1167 1557 1328 1622 Romanos
1351 1577 1424 1622 con·

122 1649 270 1706 crescente
291 1649 325 1708 et
346 1641 386 1708 de
407 1665 470 1710 una
491 1643 623 1710 historia
644 1643 779 1712 iudaice
808 1644 980 1724 scribente,
1010 1645 1066 1728 qui
1086 1645 1207 1727 insigne
1232 1645 1293 1710 hoc
1317 1644 1428 1710 habuit

121 1737 243 1814 tempus,
266 1733 395 1815 quaudo
417 1731 540 1800 Judaea
561 1733 604 1798 ad
625 1735 804 1816 Augustum
825 1733 929 1798 rediit.
970 1733 1075 1799 Rediit
1095 1739 1202 1798 autem
1222 1735 1334 1799 statim
1354 1739 1429 1818 post

120 1840 247 1902 pugnam
283 1819 327 1886 ad
355 1822 535 1904 Actium,*)
573 1829 747 1906 postquam
769 1823 921 1903 Herodes,
955 1823 1070 1888 omaso
1096 1821 1246 1901 Antonio,
1278 1821 1429 1886 Rhodum

121 1927 151 1972 se
170 1908 298 1974 contulit
321 1910 364 1976 ad
387 1910 554 1976 Caesarem
575 1918 607 1976 ot
627 1911 669 1976 ab
691 1933 728 1976 eo
749 1910 893 1990 feudum,
915 1916 953 1976 ut
975 1913 1020 1976 sic
1042 1910 1162 1990 dicam,
1184 1911 1273 1993 regni
1294 1911 1428 1994 accepit.

120 1995 190 2062 Post
208 2019 326 2063 annum
347 2020 482 2083 pugnae,
504 1999 633 2066 «Iuliano
658 2005 710 2080 16,
732 2001 893 2082 Augustus
916 2000 1094 2083 Aegyptum
1116 1999 1203 2084 capit
1224 2005 1256 2064 et
1272 1999 1428 2064 Antonius

120 2105 183 2148 cum
211 2086 383 2172 Cleopatra
412 2087 601 2154 ceciderunt.
646 2089 694 2154 Ea
723 2089 847 2172 gemina
877 2109 975 2154 causa
1004 2088 1166 2176 Aegyptiis
1196 2107 1294 2153 novae
1324 2108 1429 2168 acrae,

119 2173 230 2238 initium
251 2177 328 2240 anni
349 2183 381 2242 et
397 2176 575 2243 dominatus
598 2175 777 2258 extraneus,
800 2177 957 2242 exstincta
978 2179 1097 2260 regina,
1120 2182 1353 2241 concmrentes.
1387 2177 1430 2242 Et
1545 2193 1548 2204 ·

120 2264 187 2346 quie
206 2269 282 2331 tunc
313 2265 418 2349 potior
448 2287 525 2351 pars
555 2267 631 2332 anni
652 2267 799 2350 Aegyptii
828 2287 902 2331 cum
930 2271 1080 2350 sequente
1100 2264 1227 2331 iuliano
1257 2265 1428 2343 concurrit,

120 2371 176 2416 aon
195 2353 319 2432 mirmn,
333 2354 369 2422 ‚si
390 2376 484 2438 quom
506 2375 625 2420 annum
646 2356 875 2440 Aegyptiacum
901 2361 1047 2420 auctores
1073 2353 1193 2419 iaciunt
1214 2373 1333 2418 annum
1354 2352 1428 2419 Ale·

120 2439 262 2508 mudriae
283 2449 408 2526 captae,
430 2445 457 2509 is
480 2443 724 2528 deprehenditur
747 2443 859 2510 crebro
881 2463 953 2508 cum
978 2447 1029 2507 17.
1074 2441 1200 2508 eriaao
1223 2461 1429 2508 concurrere:
1461 2467 1465 2474 ·

120 2527 259 2596 Romanis
281 2553 357 2598 vero
379 2535 455 2598 anni
476 2533 598 2598 Actiaci
619 2553 683 2597 non
705 2532 948 2597 denominantur
969 2552 990 2595 a
1011 2551 1121 2616 pugna
1142 2531 1288 2610 Actiaca,
1311 2529 1367 2594 sed
1388 2529 1431 2596 ab

119 2637 209 2700 agone
232 2621 363 2686 Actiaco
392 2621 549 2706 posterius
580 2641 658 2686 sane
685 2621 849 2700 irretituto,
871 2621 904 2685 in
925 2620 1108 2685 memoriam
1138 2618 1265 2703 quidem
1293 2637 1429 2702 pugnae,

119 2705 256 2792 rodjam
285 2715 363 2776 ante
390 2709 520 2794 aliquod
538 2716 663 2794 tempus
685 2717 847 2794 peractae.
892 2709 980 2774 'limo
1001 2714 1034 2773 et
1048 2709 1166 2774 Caesar
1187 2710 1350 2791 Augustus
1371 2705 1432 2772 1111

119 2793 339 2876 denominatus,
362 2805 436 2884 post
456 2799 594 2866 reditum
616 2797 734 2864 sedicet
749 2801 943 2882 ax‘Aegypto
963 2797 1095 2862 devicta.
1128 2798 1244 2880 ltaque
1259 2797 1431 2862 Censorino

118 2882 187 2950 iacis
208 2887 358 2972 injuriam
379 2889 419 2952 de
440 2909 524 2954 anno
546 2889 697 2954 Actiacae
719 2888 877 2952 victoriae.
923 2887 1080 2970 Loquitur
1102 2885 1184 2950 enim
1206 2884 1245 2950 de
1267 2906 1351 2950 anno
1366 2887 1429 2950 Ac·

118 2973 193 3040 tiaco
221 2975 424 3061 simpliciter,
453 2976 487 3042 id
515 2984 564 3042 est
593 2975 633 3041 de
660 2975 743 3042 ludis
763 2976 936 3044 1111111111.
986 2977 1032 3040 Ac
1061 2975 1121 3040 etsi
1149 2973 1226 3038 nihil
1255 2973 1298 3038 ad
1326 2990 1432 3044 meum

118 3059 299 3148 losephum,
331 3069 438 3132 tamen
458 3071 492 3131 et
512 3065 564 3130 hic
590 3065 747 3150 suspendo
778 3085 959 3143 assensum,
988 3069 1111 3128 utrum·
1127 3063 1315 3146 quisquam,
1345 3061 1432 3145 quod

116 3147 227 3218 iactum
249 3160 300 3219 est
323 3175 344 3218 a
367 3156 565 3238 29.Augusti
587 3154 745 3220 adfinem
767 3154 842 3219 anni
859 3145 978 3219 Juliairi
1002 3158 1053 3234 16,
1074 3151 1108 3216 id
1128 3151 1247 3216 reserat
1268 3150 1311 3216 ad
1327 3149 1430 3215 Julia-

118 3247 249 3308 111117.
273 3243 417 3308 Romane
439 3251 638 3328 usurpatum.
674 3244 747 3308 Non
761 3243 843 3308 euim
857 3244 921 3307 ista
943 3245 1188 3306 convertuntur:
1211 3240 1332 3322 aliqua,
1349 3259 1433 3322 quac

116 3327 291 3396 [11111111
315 3331 442 3400 iuliano
467 3337 521 3412 17,
554 3334 735 3398 reseruntur
757 3331 812 3414 (ab
835 3331 997 3414 Aegyptiis
1025 3334 1083 3394 aut
1104 3349 1124 3393 a
1148 3328 1344 3394 Christianis.
1357 3328 1430 3393 Ale·
1508 3345 1512 3354 ·

116 3418 242 3484 sandi-ia
263 3420 429 3504 digressis)
446 3421 479 3486 in
494 3421 771 3506 primumacapta
782 3418 990 3496 Alexandria3
1014 3439 1089 3500 ergo
1111 3437 1319 3507 quaecamque
1329 3417 1433 3500 primo

115 3515 247 3593 acepta
269 3509 465 3576 Alexandria
488 3511 656 3592 contigere,
680 3505 843 3573 referenda
864 3513 939 3572 sunt
960 3505 1003 3572 ad
1028 3510 1078 3570 17.
1102 3505 1275 3571 lulianum.
1307 3505 1431 3570 Novum

116 3615 188 3662 sane
206 3598 284 3681 quid
308 3599 452 3678 dicerem,
474 3600 501 3663 si
523 3597 669 3677 dicerem,
684 3596 856 3680 losephum
871 3617 980 3660 aeram
994 3595 1134 3678 aliquam
1149 3594 1345 3659 institueres
1362 3593 1431 3658 Cal.

115 3683 199 3766 lea,
229 3707 314 3771 quae
342 3693 582 3773 praecesserunt
610 3687 775 3754 Actiacam
805 3685 978 3749 victoriam.
1023 3684 1123 3766 Atqui
1149 3682 1307 3767 losephus
1337 3681 1432 3746 cernel

115 3779 207 3858 atque
227 3777 346 3842 iterum
368 3775 469 3842 obiter
491 3774 638 3840 numerat
660 3774 701 3839 ab
723 3774 782 3840 hoc
805 3793 899 3853 anno,
922 3793 984 3838 non
1007 3771 1049 3864 ab
1065 3772 1158 3857 hujus
1181 3773 1256 3836 anai
1277 3771 1431 3856 principio

114 3867 248 3946 praecise
294 3865 363 3946 (ubi
384 3885 487 3930 annus
509 3869 558 3929 est
580 3865 718 3948 spatium
739 3864 822 3928 inter
843 3862 934 3927 binas
959 3859 1027 3927 Cal.
1046 3859 1144 3942 lam).
1198 3861 1250 3926 Sic
1272 3860 1313 3925 ab
1336 3881 1431 3940 anuo,

114 3960 146 4017 ut
175 3975 194 4018 a
221 3954 272 4020 die
303 3953 439 4020 solemus
469 3953 683 4018 usitatissime.
728 3949 940 4036 Impertibiles
970 3951 1171 4033 accipiuntur
1199 3950 1274 4013 anni
1303 3965 1334 4013 et
1364 3947 1431 4012 dics

114 4041 326 4108 usitatissime.
372 4043 516 4109 Christus
538 4041 588 4106 die
610 4041 792 4125 sepulturae
812 4041 909 4104 tertia
938 4040 1127 4116 resurrexit,
1150 4059 1213 4104 non
1236 4059 1313 4102 sane
1333 4038 1432 4101 tertia

114 4129 160 4194 die
179 4131 222 4197 ab
243 4131 336 4198 illius⁴
352 4131 412 4201 diei
433 4133 532 4201 initio.
565 4131 678 4214 ltaque
700 4131 727 4194 si
741 4128 826 4194 mille
847 4135 992 4193 auctores
1014 4127 1144 4210 allegas,
1169 4128 1314 4192 Actiacos
1337 4133 1432 4188 aerae

114 4218 245 4285 solennis
275 4221 345 4304 lege
365 4225 593 4301 memorantes,
623 4239 686 4284 non
716 4219 788 4302 plus
818 4224 932 4282 contra
953 4237 1003 4280 me
1024 4217 1075 4280 hic
1107 4217 1318 4301 promoveris,
1354 4213 1431 4278 dum

113 4306 281 4393 losephum
304 4331 362 4393 ego
390 4311 598 4394 interpretor,
629 4329 726 4392 quam
757 4312 870 4370 contra
892 4307 929 4370 B.
956 4305 1091 4384 Lucam,
1120 4305 1174 4388 qui
1195 4305 1291 4368 tertia
1313 4301 1362 4365 die
1384 4301 1430 4364 ait

113 4400 320 4465 resurrexisse
328 4399 498 4466 Christum.
521 4398 630 4465 Manet
640 4398 746 4481 igitur,
754 4395 1051 4462 erianumtlesse
1059 4395 1209 4460 Actiacae
1218 4391 1429 4458 victoriae37.

187 4683 213 4750 ⁸)
244 4690 393 4760 Postquam
419 4690 522 4746 Caesar
548 4691 634 4746 victor
660 4705 755 4761 pugna
774 4689 889 4760 Actiaca
915 4687 1048 4744 orientem
1063 4686 1123 4757 ,ianr
1142 4679 1271 4756 possedit,
1295 4667 1425 4736 ¹Herodes

114 4783 173 4821 roro
194 4787 266 4824 anno
289 4771 395 4826 deinum
416 4773 538 4844 sequenti
559 4775 594 4828 ad
615 4790 677 4828 eum
697 4771 778 4828 vonit
822 4771 890 4826 Vide
913 4769 990 4824 11111.
1321 4785 1325 4798 ·
