3406 5542
230 235 297 304 ³6⁰
734 247 1074 308 minuare-as,

231 400 303 484 quid
324 399 428 479 siper
450 395 598 460 tumultus
620 393 863 466 nrbArchelao,
884 392 1068 468 subl’ilato,
1088 393 1579 476 thetroniqetdeniquella-

231 497 341 570 grante
361 487 443 550 bello
465 481 697 564 septentrionali
718 481 848 544 maxime
870 501 908 544 eo
931 489 1086 564 tempere,
1106 501 1164 564 quo
1186 481 1262 546 vicis
1287 481 1376 545 unius
1400 483 1580 546 sacerdotes

231 579 392 642 defuerunt
413 583 447 637 et
467 575 600 636 fortasse
621 581 731 652 postea
750 571 867 632 inventi
889 579 976 646 sunt,
1010 573 1105 634 semel
1125 591 1189 634 una
1207 571 1257 634 vel
1285 571 1386 634 altera
1407 573 1581 654 septimana

232 663 350 748 (plures
365 665 445 728 enim
454 681 514 726 nou
528 653 755 740 desiderantur)
770 679 826 740 per
835 661 1038 723 cessationem
1053 661 1267 724 sacrificiorum
1281 661 1485 724 transmissae
1501 669 1580 738 sunt

228 765 264 820 ut
278 757 323 818 ita
336 753 455 819 Joaribi
471 751 554 814 vices
570 771 589 812 a
605 751 656 812 22.
664 749 739 813 Julii
754 749 785 812 in
800 749 831 811 5.
844 751 979 830 Augusti
993 750 1253 832 protruderentur,
1274 749 1382 832 thus
1397 751 1581 814 durantibus

228 845 367 927 sequenti
383 843 413 906 9.
421 838 555 922 Augusti
570 839 619 902 vel
632 839 684 902 Ab
700 837 834 900 Hebraei
849 847 971 920 captum
986 840 1131 920 templum
1145 861 1165 902 a
1179 841 1269 902 Tito?

315 932 568 996 Demonstratnm
583 927 676 1008 igitur
691 935 750 1000 est,
770 946 810 988 cx
824 927 1063 1008 ephemeriarum
1078 929 1268 992 successione
1284 937 1370 992 etex
1385 937 1500 993 octava
1515 930 1581 992 vice

226 1023 327 1088 Abiae
342 1021 417 1084 nibil
433 1027 541 1082 contra
556 1017 691 1080 natalem
707 1014 824 1078 Christi
839 1017 870 1078 in
886 1017 938 1080 25.
952 1017 1131 1080 Decembris
1146 1018 1272 1100 deprimi
1294 1031 1399 1100 posse:
1424 1019 1451 1082 si
1467 1037 1581 1082 anuum

227 1111 399 1176 nativitatis
416 1117 575 1170 teneamus
595 1125 682 1188 quem
702 1124 760 1186 ego
775 1105 859 1178 dico,
880 1115 956 1187 puta
976 1107 1029 1169 40.
1045 1107 1208 1170 lulianum
1252 1107 1391 1188 Scaliger
1412 1128 1487 1170 vero
1510 1107 1579 1190 pul-

227 1201 375 1266 cherrimo
391 1197 562 1280 argumenti
576 1214 688 1277 genere
709 1195 837 1276 primum
857 1195 889 1258 in
910 1195 1007 1258 aciem
1026 1197 1174 1278 producto
1196 1197 1314 1278 cogitur
1329 1197 1414 1259 abuti
1430 1197 1472 1268 ad
1488 1197 1580 1260 alium

226 1289 385 1354 nativitati
406 1305 541 1350 mensem
563 1284 814 1365 asssignandum,
835 1285 906 1364 qnia
920 1283 951 1346 in
966 1305 1046 1348 anno
1062 1307 1122 1348 non
1137 1286 1266 1366 genuino
1283 1294 1435 1363 versatur,
1456 1295 1536 1370 puta
1549 1287 1579 1348 iu
1651 1313 1656 1325 ¹

224 1380 246 1443 J
248 1379 348 1442 uliano
365 1378 417 1440 43.
441 1375 518 1440 Mihi
532 1393 605 1436 vero
621 1375 687 1438 dies
703 1391 771 1434 cum
786 1393 866 1436 anuo
877 1375 1042 1450 consensit,
1057 1375 1136 1457 quod
1151 1376 1247 1438 addat
1262 1375 1468 1456 superioribus
1484 1395 1577 1457 argu·

225 1469 346 1542 mentis,
382 1467 412 1528 ui
426 1465 500 1526 vult.

312 1487 488 1618 Veiitatem
501 1551 649 1616 habemus
664 1549 751 1612 nnius
767 1549 964 1626 fundamenti,
980 1551 1026 1614 cui
1042 1552 1252 1616 inaedificatus
1268 1560 1317 1616 est
1331 1553 1461 1616 vitiosus
1478 1575 1576 1617 anno-

225 1667 290 1712 rum
306 1641 423 1712 Christi
438 1641 586 1706 calculus:
610 1639 695 1720 cnjus
717 1649 821 1702 tamen
843 1641 955 1703 erroris
978 1641 1096 1723 culpam
1118 1661 1178 1705 non
1200 1643 1277 1704 haec
1296 1643 1412 1706 veritas
1435 1643 1578 1719 sustinet,

225 1755 302 1818 quae
323 1733 419 1797 hahet
440 1731 575 1796 natalem
598 1728 715 1792 Christi
737 1731 768 1791 in
790 1730 842 1791 25.
857 1728 1053 1804 Decembris,
1074 1731 1129 1792 sed
1143 1731 1371 1794 fundamentum
1389 1732 1523 1796 alterurn
1538 1733 1578 1796 ad
1692 1725 1693 1730 ’

225 1825 352 1888 eandem
369 1819 638 1902 investigationem
654 1818 831 1892 adhibitum,
846 1818 885 1880 de
901 1839 959 1900 quo
975 1839 1054 1882 nunc
1069 1839 1202 1900 agemus
1238 1821 1356 1884 Auctor
1372 1829 1404 1884 et
1419 1821 1515 1884 index
1531 1829 1578 1884 est
1692 1821 1693 1876 t

225 1913 464 1994 chrysostomus
479 1907 723 1973 ratiocinationis
738 1915 875 1970 veterum
889 1909 1074 1989 hujusmodi:
1105 1919 1172 1970 curn
1185 1908 1255 1972 ioh.
1265 1909 1295 1972 3.
1312 1930 1340 1971 v.
1350 1911 1401 1972 20.
1418 1911 1505 1973 dicat
1519 1911 1540 1974 J
1542 1931 1577 1973 o-

224 2023 320 2067 anues
337 2002 373 2064 de
390 1999 531 2065 Christo:
554 1999 657 2079 Ipsum
672 2004 795 2076 oportet
816 2016 969 2072 crescere,
989 2017 1037 2060 me
1052 2017 1124 2060 vero
1139 1999 1246 2074 minui,
1268 1999 1469 2062 ministerium
1488 1999 1577 2081 hujus

224 2089 424 2174 oppositionis
445 2088 570 2171 pulchre
586 2085 798 2148 adumbratum
821 2105 889 2148 csse
910 2085 942 2148 iu
957 2087 1108 2148 natalitiis
1129 2086 1301 2169 utriusque3
1326 2107 1395 2150 nam
1419 2087 1577 2152 Christum

223 2189 360 2262 tempore
376 2180 500 2243 brumae
515 2183 621 2239 natum
636 2175 756 2256 qnando
772 2175 837 2238 dies
851 2175 1040 2249 brevissima,
1055 2175 1163 2238 exinde
1179 2176 1325 2258 incipiens
1341 2196 1495 2240 crescere:
1518 2178 1576 2241 Jo-

223 2289 333 2334 annem
354 2267 488 2331 vicissim
510 2265 541 2328 in
563 2263 697 2326 solstitio
721 2265 857 2340 aestivo,
878 2265 997 2344 quando
1013 2265 1079 2326 dies
1094 2265 1279 2346 longissima,
1302 2267 1410 2329 exinde
1426 2265 1576 2348 incipiens

224 2360 409 2422 decrescere.
455 2354 545 2428 Quod
566 2353 714 2434 igiturex
735 2352 901 2416 traditione
915 2353 1086 2428 habebant,
1108 2352 1263 2417 Christum
1278 2355 1399 2418 circiter
1419 2357 1490 2418 illos
1512 2357 1576 2419 dies

223 2457 328 2512 natum
351 2442 404 2528 (ut
417 2445 606 2527 Epiphanius
624 2443 664 2504 12
680 2442 786 2506 diebus
801 2449 874 2524 post
887 2442 1040 2518 brumam,
1061 2443 1147 2504 Vlll
1162 2445 1206 2506 ld.
1221 2438 1322 2526 Jan),
1344 2444 1376 2507 id
1397 2445 1458 2508 hac
1475 2447 1575 2508 ratio-

223 2539 378 2602 cinatione
401 2535 524 2598 delinire
548 2532 664 2596 arctius
685 2530 767 2606 ausi,
788 2531 910 2594 natales
933 2532 971 2594 ad
994 2533 1163 2612 ipsissimos
1186 2533 1251 2596 dies
1274 2533 1415 2596 solstitiis
1441 2535 1576 2598 tributos

181 2629 189 2638 '
223 2626 408 2690 retulerunt:
433 2623 536 2706 itaque
553 2629 652 2684 ortum
667 2628 717 2682 est
732 2621 842 2683 festum
858 2621 1032 2684 nativitatis
1047 2622 1077 2683 in
1094 2621 1145 2684 25.
1153 2623 1341 2685 Decembris.
1377 2622 1578 2705 Consequens

222 2723 305 2792 erat,
327 2724 362 2777 ut
377 2723 504 2794 uterque
527 2710 696 2792 quadrante
720 2710 791 2772 anni
807 2717 900 2772 antea
927 2705 999 2791 (nee
1015 2711 1094 2772 euim
1109 2712 1204 2774 multo
1220 2711 1317 2792 majus
1343 2719 1392 2775 est
1407 2713 1578 2793 legitimum

221 2805 407 2888 gestationis
423 2797 558 2882 tempus)
575 2807 741 2879 conceptus
757 2800 1009 2862 constitueretur:
1041 2801 1291 2882 quemadmodum
1312 2800 1404 2882 igitur
1418 2801 1577 2865 natalibus

222 2893 373 2968 solstitia,
395 2891 439 2954 sic
455 2909 533 2952 nnnc
549 2888 740 2970 conceptioni
754 2889 909 2969 utriusque
926 2889 1117 2970 aequinoctia
1132 2889 1272 2952 Romana
1294 2891 1410 2972 placuit
1425 2891 1576 2954 tribuere:

222 2981 339 3048 Christi
354 2980 474 3064 quidem
491 2979 542 3042 25.
552 2978 657 3041 Martii
673 2985 830 3040 crescente
846 2978 904 3052 die,
918 2979 1046 3040 Joannis
1062 2997 1135 3040 vero
1151 2972 1203 3042 27.
1214 2978 1300 3061 Sept
1323 2975 1396 3059 (hoc
1413 2979 1496 3042 enim
1511 2981 1576 3069 Pli-

221 3071 290 3134 nius
306 3068 530 3152 aequinoctium
545 3061 657 3146 tradit)
674 3065 878 3128 decrescente
925 3065 1001 3131 Cum
1016 3067 1109 3148 igitur
1125 3069 1283 3150 conceptio
1297 3068 1428 3131 loannis
1452 3067 1578 3132 caderet

221 3161 252 3224 iu
268 3157 491 3240 aequinoctium
507 3157 696 3230 autumnale,
718 3155 867 3236 legissent
882 3175 953 3218 vero
969 3155 1072 3219 Lucae
1091 3157 1117 3218 1.
1155 3157 1323 3220 Zachariae
1338 3159 1421 3239 patri
1436 3159 1578 3234 loannis,

223 3268 290 3312 cum
306 3255 391 3310 esset
407 3245 490 3310 solus
505 3246 536 3308 in
552 3245 675 3326 templo,
698 3244 737 3306 ah
753 3245 862 3325 angelo
878 3245 972 3308 fnisse
989 3245 1204 3309 annuntiatam
1220 3246 1415 3312 nativitatem
1430 3248 1576 3312 Joannis:

221 3337 280 3420 ipsi
297 3335 443 3399 admoniti
460 3341 645 3416 tempestate
663 3333 742 3408 anui,
758 3334 936 3414 quaJndaei
951 3334 1029 3397 diem
1039 3335 1222 3416 expiationis
1237 3335 1443 3412 celebrabant,
1459 3336 1577 3420 impro-

221 3427 291 3489 vide
307 3426 499 3506 arripuerunt
515 3424 593 3486 hanc
608 3421 908 3498 verisimilitudinem,
923 3423 1105 3487 Zachariam
1120 3431 1192 3488 tunc
1207 3443 1329 3488 munere
1346 3425 1454 3488 summi
1470 3427 1576 3508 ponti-

221 3515 287 3580 ficis
309 3516 458 3588 functum,
481 3513 511 3576 in
528 3520 638 3576 sancta
654 3519 829 3575 sanctorum
843 3511 937 3576 luisse
953 3513 1122 3594 ingressum
1138 3514 1186 3576 die
1202 3514 1336 3586 solenni,
1359 3534 1436 3598 quae
1453 3523 1505 3578 est
1522 3516 1579 3582 de-.

222 3605 301 3668 eima
315 3604 428 3666 mensis
437 3601 516 3670 Tisri
533 3601 696 3664 secundum
705 3601 831 3664 Lunam
855 3603 962 3683 Neque
976 3603 1210 3683 perpenderunt,
1226 3602 1408 3666 Zachariam
1419 3606 1458 3667 ab
1468 3603 1576 3668 Evan-

222 3693 335 3776 gelista
349 3693 504 3772 vulgarem
522 3691 712 3755 sacerdotem
728 3691 881 3772 perhiberi
897 3709 936 3754 ex
950 3691 1016 3754 vice
1027 3692 1135 3766 Abiae,
1151 3711 1228 3774 quae
1244 3699 1355 3756 octava
1371 3693 1493 3756 demum
1509 3701 1578 3758 erat

222 3781 341 3846 ordine:
372 3799 439 3844 cum
460 3780 594 3844 vicissim
615 3780 767 3861 Josephus
792 3781 956 3844 historicus
977 3781 1029 3844 illo
1053 3788 1189 3863 tempore
1211 3801 1358 3844 summum
1382 3783 1578 3846 sacerdotem

222 3878 438 3936 commemoret
460 3871 549 3933 alium
565 3869 720 3934 Simonem
733 3869 856 3944 Boethi,
879 3889 1015 3932 socerum
1030 3870 1122 3952 regis,
1144 3871 1192 3934 cui
1207 3891 1286 3934 auno
1302 3869 1425 3934 Juliano
1441 3871 1495 3934 41.
1512 3873 1576 3936 sul-

222 3961 322 4024 lectus
336 3959 488 4024 Matthias
503 3958 663 4040 Theophili
680 3967 712 4022 et
726 3957 796 4021 huic
812 3977 891 4022 anno
907 3959 959 4021 42.
967 3958 988 4021 J
990 3979 1127 4036 cazarus,
1141 3960 1274 4023 Joararo
1294 3959 1392 4024 frater
1406 3961 1577 4038 Eleazaris,

221 4051 291 4116 huic
305 4047 450 4113 Jehusiae
466 4049 554 4124 lilius,
569 4049 638 4111 hnic
654 4047 763 4112 iterum
777 4049 942 4124 Joazarus3
971 4067 1030 4132 qua
1045 4049 1076 4113 in
1093 4050 1284 4113 successione
1301 4049 1505 4114 describenda
1519 4053 1576 4116 Jo-

222 4140 335 4220 sephus
352 4139 429 4202 adeo
446 4139 503 4202 fuit
517 4138 655 4218 diligens,
670 4144 705 4199 ut
719 4157 758 4200 ue
773 4137 861 4201 unius
876 4137 995 4219 quidem
1010 4138 1070 4214 dici
1085 4137 1229 4202 vicarium
1246 4139 1301 4202 sub
1317 4139 1464 4218 Matthia,
1483 4141 1575 4204 losc-

220 4229 312 4310 phum
326 4227 445 4302 Ellemi,
459 4227 660 4308 praeterierit

310 4317 374 4380 Sed
389 4323 422 4380 et
435 4317 493 4380 hoc
509 4316 736 4380 dissimularunt
757 4313 933 4380 inventores
956 4333 1046 4378 acrae
1062 4325 1204 4394 noemae,
1226 4319 1305 4400 quod
1321 4317 1424 4381 Lucas
1441 4337 1574 4383 comme-

221 4413 330 4482 morat
346 4405 527 4470 Zachariam
542 4405 683 4469 sortitum
699 4426 767 4469 esse
783 4405 937 4470 incensum
952 4405 1123 4487 ingressum
1138 4407 1169 4470 in
1183 4407 1329 4491 templum
1344 4408 1474 4472 domini:
1492 4407 1574 4492 atqui

221 4495 448 4558 anniversarius
463 4503 496 4558 ct
511 4495 655 4559 sollenuis
670 4495 720 4558 ille
730 4495 869 4576 ingresus
885 4495 915 4558 in
932 4502 1255 4560 sanctnmsanctorum
1271 4504 1360 4560 extra
1370 4505 1486 4561 sortem
1502 4517 1572 4580 per-

222 4583 341 4648 tinebat
356 4585 396 4648 ad
412 4603 501 4648 unum
518 4602 663 4648 summum
677 4585 859 4665 pontificem.
905 4583 1058 4648 Sacerdos
1073 4605 1162 4660 vero,
1184 4587 1234 4667 qni
1250 4585 1404 4664 adolebat,
1419 4587 1572 4670 ingredie-

221 4671 313 4742 batur
335 4673 454 4756 qnidem
476 4673 576 4748 solue,
597 4675 727 4738 sednon
750 4673 832 4737 intra
853 4673 953 4736 velum
975 4674 1006 4737 in
1029 4675 1249 4738 sanctuarium:
1280 4676 1354 4740 loris
1371 4677 1452 4740 enirn
1467 4684 1572 4740 contre
