3406 5542
241 301 312 374 342³
641 271 649 280 .
701 371 705 382 ,
745 322 968 374 nemausen
979 321 1080 383 cuma

241 469 359 537 Christi
375 469 571 534 nativitatem
584 457 807 544 exornandam,
821 467 872 550 pio
888 465 1008 550 quidem
1023 465 1078 529 sed
1092 481 1152 530 uon
1167 465 1387 548 circumspecto
1402 465 1524 541 madio,
1553 471 1590 528 ut

152 613 154 625 .
241 581 308 624 cum
330 580 366 622 ex
381 559 480 622 Plinio
497 564 647 621 cometam
663 557 831 632 adducunt,
854 557 904 638 qui
924 563 1027 618 mmeu
1048 555 1188 637 apparuit
1204 556 1260 620 suh
1276 556 1400 618 caedem
1413 555 1489 619 Julii
1506 553 1589 618 Cae-

164 671 170 686 ·
241 651 336 713 saris:
360 653 393 711 e't
414 665 481 710 cum
497 647 656 726 Augustus
678 653 824 709 nascente
840 645 965 710 Christo
988 645 1097 708 dicitur
1111 645 1245 708 vetuisse
1262 664 1295 707 se
1311 645 1463 708 dominum
1479 645 1588 727 appel-

240 739 313 814 lari,
336 737 415 819 quod
430 744 533 800 tamen
549 738 663 798 lactum
679 754 758 798 anno
774 730 826 798 47.
839 734 978 810 Juliano,
996 734 1138 815 Angusto
1160 735 1247 797 ludus
1270 734 1395 798 alterius
1411 739 1590 814 spectante,

239 828 329 908 longe
344 833 417 908 post
432 833 536 888 natum
553 824 717 890 Christum.
747 823 865 890 Similia
879 823 953 890 licet
966 823 1124 904 imaginari
1141 831 1174 885 et
1189 824 1226 886 de
1241 823 1320 886 Jano
1335 823 1460 887 tertium
1475 823 1590 885 clauso.

130 955 133 962 ·
239 919 319 981 Nam
336 915 406 998 quid
422 915 448 976 si
464 913 628 977 Suetonius
650 914 733 976 illum
754 914 853 995 ipsum
877 931 986 978 anuum
1007 911 1058 976 36.
1073 914 1210 993 respexit
1232 920 1265 974 et
1285 912 1441 975 decretum
1463 919 1592 974 senatus

243 1008 279 1068 de
295 1005 375 1068 Jano
392 1004 559 1066 claudendo
582 1021 690 1084 prore
711 1004 795 1065 lacta
809 1003 840 1065 in
855 1019 1009 1065 numerum
1026 1001 1177 1084 conjecit?
1223 999 1302 1073 Quid
1325 1002 1351 1064 si
1372 1009 1445 1064 tunc
1468 1002 1591 1064 omniuo
1617 1031 1619 1036 ·

236 1095 337 1158 Janus
354 1095 475 1156 clausus
491 1092 687 1174 persuasione
702 1092 787 1172 pacis
796 1090 985 1166 universalis,
995 1091 1282 1172 supervenientibus
1296 1109 1370 1153 vero
1384 1091 1415 1154 iu
1430 1091 1500 1172 ipso
1516 1107 1590 1152 res-

241 1182 316 1262 tlgio
339 1182 523 1244 turbulentis
546 1180 679 1256 nunciis,
704 1189 829 1262 apertus
848 1181 977 1244 iterum?
1008 1182 1085 1244 adeo
1106 1188 1142 1242 nt
1163 1181 1244 1244 Dion
1265 1187 1338 1261 post
1357 1180 1414 1246 duo
1431 1179 1538 1242 secula
1553 1197 1591 1241 ne

241 1274 377 1335 clausum
399 1270 519 1352 quidem
541 1270 717 1353 putaverit?
746 1271 827 1332 Nam
848 1269 928 1350 quod
949 1289 1057 1352 pacem
1081 1269 1120 1332 ad
1142 1270 1362 1351 descriptiones
1383 1269 1592 1332 necessariam

239 1360 432 1442 requirimus:
450 1359 612 1422 videndum
626 1367 700 1441 puto
717 1358 810 1421 ctiam
825 1366 916 1440 atque
933 1359 1038 1435 etiam,
1052 1377 1091 1422 ne
1106 1359 1227 1422 nimium
1242 1358 1338 1439 rigide
1354 1375 1460 1438 pacem
1474 1375 1590 1438 urgea-

239 1469 306 1512 mus
322 1449 418 1511 totius
434 1449 516 1511 orbis
539 1457 707 1523 termium,-
723 1447 844 1511 interim
865 1449 935 1510 dum
957 1448 1152 1531 descriptioni
1175 1449 1256 1511 orbis
1279 1449 1381 1510 multis
1404 1446 1495 1510 aunis
1517 1455 1592 1510 ante

240 1541 382 1618 inceptae
399 1537 541 1617 adjicitur
556 1544 589 1599 et
602 1537 730 1600 Judaea.
776 1534 893 1608 Quodsi
914 1545 1029 1600 statum
1047 1537 1120 1618 reip.
1136 1537 1293 1600 Romanae
1313 1536 1493 1618 respicimus
1510 1536 1594 1598 circa

243 1647 349 1702 anuos,
363 1645 440 1707 quos
456 1625 569 1690 diversi
585 1627 762 1690 adscribunt
777 1625 935 1690 ratimari
945 1625 1060 1690 Christi
1070 1635 1103 1689 et
1110 1627 1245 1708 proxime
1257 1633 1434 1706 sequentes:
1451 1645 1490 1688 ne
1507 1625 1593 1688 veri·

241 1717 339 1779 similo
356 1715 475 1796 quidem
489 1715 692 1790 inveniemus,
715 1716 787 1778 belli
809 1723 916 1796 portas
937 1715 987 1777 rel
1008 1723 1080 1778 tunc
1099 1715 1193 1778 inisse
1216 1717 1352 1791 clausas,
1373 1715 1422 1778 vel
1445 1733 1503 1796 per
1521 1715 1594 1777 illos

243 1805 400 1868 duodecim
417 1823 513 1866 annos
527 1804 676 1870 mansisse
694 1804 863 1867 obseratas.
908 1806 998 1868 Anno
1020 1803 1071 1868 39.
1095 1805 1242 1868 Armenia
1261 1823 1311 1868 res
1331 1823 1427 1868 novas
1443 1811 1595 1886 spectans

241 1896 367 1956 decreta
392 1893 450 1956 fuit
473 1893 603 1956 Tiberio.
647 1895 740 1958 Anno
764 1893 816 1956 40.
834 1894 957 1957 Juliano
981 1891 1147 1958 Germania
1169 1894 1281 1957 deiecit
1301 1902 1333 1956 et
1347 1894 1483 1958 Parthus
1498 1901 1592 1974 rupto

241 1984 362 2046 foedere
379 1983 492 2064 adjecit
506 1982 670 2046 Armeniae
686 1999 814 2045 manum.
854 1983 944 2046 Anno
967 1983 1019 2046 44.
1045 1981 1138 2064 Cujus
1159 2003 1226 2046 cum
1245 1983 1414 2064 legionibus
1433 1984 1464 2044 in
1487 1983 1592 2044 odeu-

241 2079 304 2136 tem
318 2071 510 2146 missnsest,
533 2079 567 2134 ut
581 2072 697 2136 Partho
720 2073 832 2136 bellum
853 2071 978 2135 inferret
1000 2073 1038 2135 ob
1060 2071 1185 2152 injurias
1203 2073 1269 2153 jam
1292 2073 1360 2135 inde
1385 2071 1424 2134 ab
1442 2091 1523 2134 auno
1539 2071 1592 2134 40.

241 2161 418 2224 cumulatas.
448 2162 540 2224 Anno
555 2160 606 2224 46.
622 2162 671 2222 vel
686 2156 738 2224 47.
752 2162 930 2223 immensum
944 2162 975 2224 iu
991 2160 1164 2226 Germaniis
1181 2162 1297 2224 exarsit
1310 2161 1421 2224 bellum
1437 2168 1593 2223 tractum-

242 2269 299 2331 que
321 2269 415 2330 usque
436 2251 468 2312 iu
485 2267 594 2312 anunm
610 2250 661 2313 49.
678 2249 728 2313 50.
744 2250 811 2326 51„
834 2251 982 2313 successit
1001 2250 1197 2314 Buhemicum
1220 2269 1286 2312 cnm
1307 2251 1534 2313 Marcomannis
1559 2258 1593 2312 et

242 2337 428 2413 Marobodc;
450 2338 535 2419 cujus
558 2339 717 2402 occasione
740 2339 946 2402 desciscentes
966 2340 1116 2402 Pannonii
1138 2347 1171 2402 et
1192 2340 1355 2402 Dalmatae
1376 2339 1592 2409 Macedoniam

243 2435 447 2509 occuparunt;
464 2428 576 2514 deditis
591 2429 756 2492 Pannoniis
770 2429 934 2492 restabant
947 2429 1128 2504 Dalmatae,
1151 2430 1199 2512 qui
1223 2447 1259 2491 eo
1278 2429 1345 2509 ipso
1360 2436 1500 2510 tempore
1516 2427 1591 2491 victi

243 2525 323 2591 sunt,
339 2514 517 2598 quoclades
532 2517 670 2580 Variana
686 2517 860 2598 contigitis
877 2517 1049 2580 Germania.
1094 2518 1176 2581 Audi
1198 2517 1341 2580 Dionem:
1370 2517 1488 2580 iisdem
1511 2524 1591 2579 urra-

237 2606 369 2688 pora'bce
384 2603 466 2669 bellu
479 2605 729 2688 mtcltcsocmnt.
771 2606 928 2670 Sardinia
948 2627 970 2669 c
986 2609 1105 2690 piratis
1122 2615 1236 2670 trenaro
1249 2627 1311 2669 aon
1324 2608 1521 2669 aenatoribus
1535 2605 1593 2670 sert

242 2695 377 2758 ιη’ῠιιιιίι
391 2693 582 2758 utilitatibus
593 2697 751 2776 permissa
757 2697 828 2778 sctit
841 2697 875 2758 ιἰι
890 2716 989 2759 cauca
1003 2695 1129 2778 aliquot.
1162 2693 1313 2762 Civitates
1326 2715 1388 2758 aon
1398 2715 1526 2777 paucae
1541 2711 1593 2757 rea

143 2813 152 2820 ·
242 2803 339 2847 accae
354 2791 552 2855 attentmnut
570 2805 664 2868 eoque
679 2785 774 2848 cham
788 2787 822 2847 a‘a
833 2783 948 2870 populi
958 2787 1131 2867 ριουίιισίἰι
1144 2787 1243 2848 iidem
1253 2785 1419 2867 praedm
1434 2785 1593 2848 ὺίειιιιίιιιιι

242 2881 410 2955 saepem
424 2874 509 2955 iique
523 2872 624 2948 electi,
648 2893 712 2938 noa
725 2880 808 2936 sorte
822 2875 917 2936 docti.
962 2875 1070 2956 Neque
1084 2875 1164 2939 mihi
1177 2883 1222 2938 eat
1236 2876 1361 2938 animae
1374 2872 1504 2957 εἰιιφιὶα
1513 2895 1592 2956 per-

242 2965 332 3044 ecque·
345 2961 528 3044 detinenatur
533 2983 547 3036 ;
561 2961 661 3026 multo
676 2965 758 3027 enim
771 2965 807 3026 ia
821 2961 954 3046 mapalia
968 2965 1168 3037 occidemat,
1194 2985 1273 3046 purae
1288 2973 1529 3028 commemorare
1543 2965 1592 3028 εἰ·

241 3049 381 3134 pillctim
395 3059 457 3116 aon
464 3053 569 3134 suerit
583 3073 696 3134 operm
708 3054 862 3134 pretim:
884 3055 939 3116 aad
961 3051 1215 3116 mancrcha'liorc
1236 3051 1347 3116 saltem
1360 3053 1514 3117 macie
1528 3054 1592 3118 ud·
1649 3077 1659 3102 ·

239 3143 385 3224 ponpam:
400 3141 443 3202 Et
457 3141 592 3221 subjicit:
608 3143 752 3216 Iaccroa,
770 3140 908 3216 Catulos,
924 3143 964 3206 de
978 3145 1088 3225 mribus
1098 3142 1263 3207 omeliae
1273 3141 1389 3206 Coastes
1397 3143 1594 3226 triumphum

243 3237 274 3292 ct
288 3249 451 3311 copnomea
465 3231 579 3294 retudit
623 3233 710 3294 Haec
734 3232 840 3294 eodem
864 3239 1015 3314 tempore,
1037 3252 1095 3315 quo
1117 3233 1233 3315 bellum
1251 3231 1415 3307 Celticum,
1438 3253 1533 3314 supra
1554 3251 1592 3294 ex

242 3319 407 3382 Paterculo
433 3319 624 3400 descriptum.
669 3319 716 3383 En
747 3320 828 3383 bella
857 3322 1000 3384 continua
1021 3321 1091 3384 inde
1116 3323 1155 3384 ab
1180 3341 1259 3384 auno
1287 3321 1339 3385 39.
1363 3341 1459 3404 usque
1483 3323 1515 3384 in
1540 3321 1592 3383 54.

245 3405 449 3490 Quisquamne
466 3409 636 3483 crediderit,
651 3409 728 3472 haec
744 3409 916 3473 audientem
931 3411 1042 3474 Janum
1056 3411 1185 3486 vincula,
1200 3429 1339 3474 carceres
1350 3419 1382 3473 et
1392 3411 1514 3474 clausas
1525 3419 1591 3474 toto

244 3497 450 3560 duodecennis
464 3505 570 3578 portas
585 3499 651 3579 pati
666 3499 822 3579 potuisse?

332 3586 410 3648 Esto
425 3605 498 3648 vero
513 3594 549 3649 nt
565 3607 645 3650 anne
658 3587 710 3650 43.
726 3587 775 3650 vel
791 3587 842 3650 44.
857 3587 979 3652 Juliauo
993 3589 1091 3652 Janus
1107 3589 1227 3652 clausus
1243 3589 1342 3664 fuerit,
1358 3589 1499 3652 omnihus
1515 3607 1591 3672 geu-

247 3671 329 3736 tibus
344 3694 405 3737 una
420 3695 496 3756 pace
514 3677 704 3757 compositis:
720 3695 791 3740 num
805 3678 874 3740 ideo
891 3684 924 3740 et
939 3678 994 3741 sub
1009 3679 1068 3740 hac
1082 3697 1159 3760 pace
1169 3677 1323 3742 Christum
1338 3679 1423 3741 nasci
1434 3679 1592 3760 oportuit?

246 3761 370 3827 Canunt
391 3764 510 3845 quidem
533 3766 650 3846 angeli:
690 3765 797 3829 Gloria
818 3765 849 3828 in
872 3767 1002 3829 excelsis
1015 3766 1085 3830 Deo
1101 3775 1133 3829 et
1147 3768 1178 3830 in
1194 3776 1278 3830 terra
1298 3785 1373 3848 pax:
1399 3776 1435 3831 at
1451 3767 1592 3831 Christus

245 3854 312 3934 ipse
326 3851 560 3933 interpretatu-r:
576 3873 686 3936 pacem
698 3873 795 3918 meam
811 3855 849 3918 do
859 3855 945 3918 vohis
962 3875 1021 3919 non
1037 3857 1285 3938 quemadmodum
1301 3875 1368 3920 eam
1383 3857 1514 3920 mundus
1531 3858 1593 3921 dat

244 3939 288 4004 Et
303 3948 419 4004 statum
435 3942 516 4006 orbis
533 3951 683 4008 terrarum
698 3952 834 4026 tempore
850 3945 916 4008 nati
933 3943 1048 4008 Christi
1064 3947 1114 4010 vel
1124 3949 1168 4008 'ex
1182 3946 1241 4009 hoc
1257 3947 1346 4026 facile
1363 3947 1528 4028 conjicias,
1544 3947 1593 4028 qui

249 4030 355 4106 luerit,
377 4033 457 4111 quod
474 4051 540 4095 cum
554 4034 637 4114 magi
652 4035 691 4097 ab
708 4035 824 4097 oriente
839 4034 997 4097 venissent
1011 4035 1205 4099 sciscitantes
1221 4035 1258 4098 de
1275 4043 1349 4100 natu
1364 4053 1438 4117 rege
1453 4036 1592 4099 Judaeu-

246 4137 327 4194 rum,
353 4121 551 4184 conturbatus
572 4131 622 4185 est
643 4123 781 4188 Herodes
805 4138 860 4186 rex
882 4131 915 4185 et
935 4125 1030 4188 omnis
1045 4121 1238 4207 ierosolyma
1253 4143 1320 4188 cum
1336 4144 1382 4188 eo.
1426 4125 1498 4190 Non
1515 4126 1594 4188 solet

246 4214 349 4272 autern
363 4228 464 4271 rumor
479 4211 576 4274 nudus
592 4213 715 4275 turbare
731 4213 859 4294 quietos,
876 4221 998 4295 oportet
1010 4213 1183 4278 discrimina
1197 4233 1309 4295 magna
1324 4215 1540 4291 circumstare:
1557 4215 1592 4278 de

247 4298 353 4379 quibus
378 4300 516 4379 sequenti
539 4301 647 4382 capite.
699 4303 828 4366 Frustra
850 4303 943 4383 igitur
964 4303 1087 4366 nitimur
1108 4303 1158 4367 hic
1181 4305 1366 4368 auctoritate
1390 4303 1511 4379 orosii,
1538 4323 1592 4368 nec

245 4386 338 4450 ullum
354 4395 537 4450 momentum
553 4391 644 4456 situm
660 4393 752 4454 estin
768 4410 844 4472 pace
861 4391 942 4455 orbis
957 4391 1077 4457 Janove
1093 4393 1196 4457 clauso
1218 4392 1257 4457 ad
1272 4393 1521 4474 investigandum
1536 4415 1591 4457 an-

247 4493 317 4538 uum
333 4475 448 4539 Christi
469 4479 655 4554 natalitium:
677 4482 731 4546 sed
753 4487 891 4544 tenemus
911 4481 995 4544 illum
1017 4501 1056 4546 ex
1078 4483 1313 4564 descriptionum
1336 4485 1494 4560 examine,
1515 4483 1590 4566 quod

246 4563 339 4627 fuerit
359 4564 411 4627 40.
433 4566 585 4629 Julianus:
609 4589 685 4650 quae
709 4569 840 4632 secunda
862 4571 1091 4641 circumstantia
1112 4578 1161 4636 est
1180 4591 1298 4650 earum,
1323 4572 1432 4656 quibus
1447 4573 1591 4656 Evange-

245 4653 338 4720 listas
352 4653 546 4718 nativitatem
562 4655 676 4722 Christi
692 4659 884 4740 describunt:
900 4661 1036 4744 sequitur
1051 4663 1154 4730 tertia.
