3406 5542
592 319 741 388 capucxss
765 319 962 374 infanticidium
1273 305 1277 312 ’
1386 297 1451 368 345

117 461 327 528 mutantium
340 462 441 568 pueri,
461 463 561 528 nullus
576 463 697 540 (ιιιιιιο,
712 463 783 548 qudi
798 463 962 529 secundum
976 459 1129 528 Herodem
1143 481 1246 558 regem
1260 462 1402 528 innuatur
1418 471 1451 527 st
1504 527 1511 536 ,

116 553 272 635 Antipater
285 552 368 633 regis
382 547 470 615 filius.

194 643 299 724 Neque
315 648 418 706 tamen
433 641 653 706 infanticidium
667 642 726 706 hoc
739 642 876 724 ignotum
891 639 1094 724 indictumque
1109 641 1199 724 plane
1220 641 1278 704 fuit
1292 640 1450 705 Romana-

116 749 174 822 rum
186 749 284 794 rerum
301 729 506 812 scriptoribus.
548 731 722 794 Macrobius
736 732 818 794 inter
833 731 946 794 festiva
959 731 1094 814 Augusti
1110 731 1193 795 dicta
1209 737 1241 793 et
1255 731 1313 793 hoc
1327 730 1449 796 retulit:

115 817 173 884 cum
188 819 317 882 relatum
332 825 430 895 esset,
449 821 531 884 inter
545 837 665 926 meros,
680 840 769 910 quos
770 818 934 884 Herodss'
925 840 957 883 ιιι
967 819 1318 901 Syriainfrabimatum'
1305 819 1452 900 jussisset

115 910 202 972 occidi
223 915 256 970 st
274 908 368 972 ιιιιιιιιι
389 867 514 972 fuisse
505 907 601 991 ipsius
624 910 755 973 Herodis
764 897 934 992 (credibile
957 909 1104 972 infantem
1128 909 1183 972 et
1174 926 1273 990 ipsum
1289 927 1327 970 ex
1341 909 1450 990 pellice

112 997 353 1073 bethleemitica,
375 999 454 1079 quod
468 997 563 1062 Annii
577 998 800 1081 Pseudophilus
819 1018 882 1062 uon
904 1000 1007 1080 inepte
1028 991 1149 1060 monere
1170 991 1323 1078 videtur),
1344 999 1451 1061 melius

113 1095 164 1162 est,
177 1085 284 1168 iuquit,
298 1087 430 1150 Herodis
445 1107 513 1152 csse
528 1106 660 1170 porcum,
677 1088 875 1170 quamfilinm.
899 1089 1008 1170 Itaque
1018 1103 1168 1152 consensu
1180 1086 1381 1168 pulcherrimo
1396 1105 1452 1167 per

112 1194 207 1252 omnes
230 1175 475 1240 circumstantias
497 1177 620 1240 firmant
634 1177 868 1258 Evangelistae,
893 1178 1048 1258 dosepbus
1070 1185 1103 1239 et
1125 1169 1291 1258 scriptores
1312 1175 1451 1250 Romani,

112 1272 261 1329 cruentam
273 1265 360 1330 illam
374 1266 589 1342 lustrationem
602 1267 690 1330 aulae
699 1266 903 1341 Herodianus,
918 1286 978 1330 non
993 1265 1091 1329 miuus
1107 1285 1196 1350 quain
1213 1265 1337 1330 caedem
1348 1264 1451 1326 infau-

111 1363 167 1418 tum
181 1354 482 1418 Bethleemiticoium
497 1355 656 1428 occasione
671 1355 881 1420 vaticiniorum
898 1375 937 1418 ex
951 1357 1167 1437 prophetarum
1187 1353 1272 1417 libris
1286 1353 1452 1434 petitorum

111 1445 160 1506 sub
179 1443 329 1525 praeside
343 1443 455 1526 ¹Syriae
477 1443 585 1508 Sentio
605 1437 773 1509 Saturnino
789 1445 970 1526 contigisse,
994 1445 1047 1508 ιιιο
1068 1445 1136 1525 ipso
1158 1451 1310 1524 tempore,
1325 1441 1451 1524 quando
1545 1471 1548 1480 ,

110 1532 248 1596 Romanis
264 1533 415 1608 Parthus,
438 1535 560 1597 ademta
574 1534 736 1609 Armenia,
759 1535 993 1614 sollicitudinem
1007 1534 1107 1597 'etiam
1128 1551 1218 1613 super
1234 1532 1324 1613 Syria
1338 1530 1452 1611 injecit

110 1623 153 1684 lta
167 1622 287 1702 quidem
303 1622 444 1687 ordinata
460 1630 532 1686 sunt
541 1643 560 1685 a
569 1643 616 1686 me
626 1623 658 1690 in
666 1623 871 1704 superioribus
881 1623 990 1698 omnia,
1004 1631 1040 1686 nt
1050 1623 1174 1686 duorum
1183 1621 1316 1684 Herodis
1324 1619 1453 1683 filiorum

108 1711 280 1792 supplicium
290 1711 406 1796 ducbus
416 1714 548 1776 fumasse
559 1713 888 1794 mensibus‘praecedat
897 1711 1091 1776 nativitatem
1101 1711 1226 1786 obiisti,
1243 1710 1323 1792 quod
1333 1717 1366 1772 et
1375 1728 1450 1772 con-

110 1808 280 1862 seutansum
295 1807 345 1862 est
358 1801 454 1864 ordini
463 1802 757 1884 textusinJosepho,
773 1802 823 1884 qui
833 1801 980 1882 supplicio
986 1801 1115 1864 filiorum
1124 1799 1256 1864 Herodis
1264 1799 1369 1862 statim
1378 1798 1452 1861 sub-

106 1887 405 1970 jicitpharisaedrum
421 1891 682 1954 contnmaoicmin
692 1891 860 1954 recusando
865 1891 1040 1973 juramento
1049 1897 1187 1972 tempore
1198 1888 1411 1992 descriptionis
1421 1894 1453 1950 et

109 1978 388 2059 interpretationem
409 1978 619 2042 vaticiniorum
642 1988 674 2042 et
696 1981 819 2045 caedem
841 1980 1006 2044 aulicorum
1020 1997 1194 2062 poenasque
1210 1977 1453 2059 conspirationis,

108 2085 168 2129 cum
181 2067 334 2130 nativitas
350 2067 465 2132 Christi
478 2070 537 2133 'sub
554 2069 801 2154 descriptionem,
824 2070 974 2132 adventus
993 2087 1149 2152 magorum
1165 2069 1205 2130 ad
1219 2067 1452 2148 interpretatio-

108 2173 169 2219 uem
180 2156 414 2233 vaticiniorum
435 2158 657 2225 infanticidium
680 2159 719 2221 ad
742 2159 895 2222 sublatam
913 2159 1174 2262 conspirationem
1195 2157 1387 2220 referendum
1403 2155 1454 2217 sit

106 2245 169 2308 Nou
182 2253 291 2326 potest
306 2246 400 2327 igitur
415 2249 513 2310 locum
534 2249 661 2324 babere,
687 2249 765 2328 quod
788 2231 949 2330 aliquando
971 2247 1120 2328 cogitavi,
1143 2245 1229 2328 quasi
1251 2245 1323 2308 illae
1346 2244 1452 2319 furiae,

108 2347 176 2416 quae
191 2334 315 2398 domum
329 2337 484 2399 Herodis'
476 2345 654 2402 invaserunt
669 2355 794 2419 eumque
816 2356 911 2440 usque
932 2339 971 2400 ad
992 2337 1117 2402 caedem
1131 2336 1258 2398 filiorum
1276 2335 1451 2406 efferarunt,

106 2441 155 2504 pro
169 2423 319 2506 principio
335 2424 441 2488 haberi
456 2425 576 2506 possint
589 2445 706 2507 poenae
722 2426 944 2501 meritissimae,
960 2424 1174 2489 crudelitatis'
1165 2443 1197 2486 m
1212 2422 1369 2486 infantes'
1361 2441 1451 2484 iuno·
1499 2431 1503 2440 '

107 2519 202 2574 centes
218 2521 252 2576 et
267 2513 447 2578 insidiarum
463 2515 588 2579 Christo
597 2515 731 2578 Messias
747 2524 902 2618 tensarum
915 2515 1203 2597 prophetiarumque
1220 2519 1450 2576 contentarum

106 2600 307 2666 Remittamus
322 2603 381 2666 boc
397 2611 591 2684 augmentum
605 2623 737 2686 poenae,
756 2604 874 2668 invenit
895 2605 973 2666 enim
995 2605 1072 2690 baec
1093 2603 1194 2666 rabies
1210 2601 1341 2664 Herodis
1357 2600 1452 2682 etiam

105 2696 170 2772 post
184 2692 314 2753 caedem
328 2692 457 2755 filiorum
471 2699 592 2756 tautum
605 2713 786 2775 poenarum,
808 2700 991 2778 quantum
968 2681 1045 2756 satis
1062 2699 1111 2756 est
1126 2690 1382 2755 demonstrandas
1401 2689 1450 2750 di-

105 2779 185 2842 vinae
206 2779 431 2861 providentiae.
467 2783 575 2846 Multo
595 2801 668 2845 vero
689 2782 787 2846 minus
803 2783 954 2846 Declxerio
977 2790 1009 2848 et
1024 2781 1207 2863 Suslygae'
1194 2799 1260 2862 Jam
1283 2778 1450 2852 consentio,

105 2869 148 2948 qui
161 2887 207 2939 me
224 2877 301 2932 ante
318 2871 451 2934 auuos8
473 2890 551 2954 pene
576 2871 781 2947 adduxerant,
805 2879 840 2934 ut
862 2873 1015 2936 crederem
1037 2872 1171 2934 infantes
1194 2888 1261 2933 cum
1281 2869 1450 2949 Antipatro

98 2957 157 3028 ¹fiio
176 2958 314 3032 occism3
336 2959 457 3023 minime
481 2960 632 3042 gentium,
654 2979 804 3043 nunquam
826 2961 916 3024 aliter
936 2960 1161 3025 consentientes
1176 2961 1257 3023 inter
1273 2977 1306 3020 se
1323 2958 1450 3020 damon-

105 3047 275 3112 strabuntur
290 3047 511 3130 Evangelistae
528 3057 561 3112 et
574 3049 737 3126 historiae,
759 3069 849 3132 quam
864 3071 890 3114 si
881 3040 1127 3116 infanticidium
1141 3048 1277 3130 proxime
1293 3044 1451 3110 nativitati

105 3132 212 3200 Christi
228 3137 436 3218 subjiciamus

183 3225 289 3290 Lubet
305 3226 356 3290 hic
370 3227 482 3290 addere
497 3229 679 3309 praesertim
694 3227 931 3292 confirmationis
953 3247 1047 3292 causa
1067 3227 1230 3290 dictorum:
1253 3223 1352 3288 videri
1372 3223 1450 3286 bea-i
1521 3240 1524 3248 ·

105 3313 248 3378 tissimum
262 3315 426 3396 Virginem
441 3317 574 3380 Matrem
589 3317 620 3380 in
636 3317 755 3381 cantico
771 3317 839 3393 illo,
859 3317 938 3400 quod
958 3323 1031 3397 post
1053 3313 1233 3396 colloquium
1256 3331 1324 3376 cum
1344 3311 1450 3376 Elisa-

102 3403 188 3466 betha
210 3412 362 3486 cognata,
386 3411 548 3488 postquam
566 3405 598 3468 iu
618 3405 735 3487 Spiritu
751 3405 876 3472 Sancto,
894 3404 1031 3468 exultare
1047 3404 1260 3486 prophetissae
1277 3401 1453 3483 coepissent
1470 3459 1473 3464 .

103 3511 184 3574 super
200 3493 349 3576 operibns
362 3494 431 3570 Dei,
445 3493 571 3576 pepigit,
580 3495 758 3576 ,respexisse
767 3495 815 3558 ad
829 3513 880 3558 rss
895 3494 1027 3558 Herodis
1041 3493 1284 3574 dudaeorumqus
1300 3493 1451 3555 hactenus

103 3582 289 3664 explicatas,
314 3590 492 3666 partemque
515 3603 618 3646 earnm
641 3603 679 3647 ex
700 3584 868 3665 praeterito
890 3583 1066 3688 repetitam
1063 3581 1308 3664 .,perstriuxisse
1332 3587 1452 3662 partem

102 3671 241 3754 reliquam
256 3672 451 3753 praedixisse
466 3673 592 3736 fatidico
608 3673 725 3755 spiritu.
751 3671 855 3736 Fecit
865 3673 1066 3755 potasticm
1051 3693 1086 3734 ιιι
1100 3670 1228 3733 Muciae
1242 3689 1309 3744 caco,
1325 3671 1451 3751 dispcr-

100 3761 138 3823 eit
150 3763 304 3844 mipcrbm
317 3769 415 3825 mente
431 3761 538 3825 cordis
552 3762 614 3825 eiii.
651 3762 742 3826 Solus
757 3761 852 3837 Deus,
867 3759 934 3824 vult
949 3761 1123 3836 dioeceses
1138 3759 1170 3822 in
1185 3759 1338 3822 homiuum
1354 3757 1450 3822 oculis

101 3867 222 3931 magnas
239 3851 281 3913 ad
300 3851 439 3914 effectum
454 3851 607 3933 perducit.
630 3851 746 3914 tumida
767 3869 840 3914 veru
866 3859 898 3912 et
912 3869 993 3913 vana
1003 3849 1225 3930 magnitudinis
1242 3848 1382 3931 opinione
1398 3847 1448 3910 iu-

100 3939 169 4001 flata
183 3939 344 4004 bominum
359 3941 485 4004 consilia
502 3939 633 4004 destruit
647 3947 680 4003 st
695 3941 833 4022 dissipat.
874 3939 966 4002 Solus
980 3937 1065 4002 Deus
1080 3955 1206 4020 regnum
1220 3956 1292 4001 vere
1307 3955 1450 4018 magnum

102 4027 223 4090 dabit
196 4049 241 4105 ci,
258 4029 312 4112 qui
328 4047 367 4092 ex
381 4048 431 4092 ms
444 4035 600 4092 nascetur.
622 4029 754 4093 Herodis
774 4047 846 4092 vero
867 4037 900 4092 st
914 4027 1085 4090 filiorbm'
1058 4046 1124 4109 epus
1138 4027 1309 4092 Alexandri
1325 4034 1358 4089 et
1371 4025 1448 4089 Ari-

101 4117 206 4185 stabuli
223 4128 362 4202 natuque
380 4119 504 4182 maximi
495 4118 694 4201 'Antipatri,
716 4103 786 4200 quin
802 4125 834 4182 et
849 4119 1004 4180 Phercrae
1027 4124 1059 4180 et
1079 4117 1243 4198 primorum
1263 4116 1365 4198 gentis
1387 4111 1447 4176 Ju-

101 4205 190 4269 daeae
204 4225 358 4290 praesens
374 4208 516 4289 superbia
530 4209 615 4272 brevi
630 4215 785 4272 vanescet
829 4207 992 4290 Deposuit
1001 4213 1140 4289 potetates
1155 4207 1195 4269 de
1208 4205 1298 4270 sede:
1320 4203 1448 4268 Aristo-

100 4293 194 4360 bulum
219 4315 329 4379 regem
351 4297 530 4379 aPcmpeio
552 4304 674 4379 captum
698 4297 873 4361 attendam
895 4314 1011 4360 veneno
1028 4296 1215 4360 exstinctum
1230 4295 1354 4376 eiusque
1369 4291 1448 4354 filios

35 4445 37 4450 .
99 4384 309 4450 Alexandrum
326 4393 358 4449 et
367 4385 565 4468 Antigonum,
579 4388 969 4468 regem-Assamcuaaorum
984 4385 1135 4460 ultimum,
1158 4385 1256 4456 securi
1276 4399 1449 4465 percussos,

100 4471 177 4537 illum
192 4497 213 4537 a
228 4475 391 4557 Scipione,
415 4476 495 4539 hunc
511 4477 550 4538 ab
564 4477 710 4552 Antonio,
725 4477 900 4558 Hyrcanum
916 4477 1117 4538 ethuarcbam
1132 4481 1165 4538 et
1181 4489 1326 4535 summurn
1340 4469 1447 4551 ponti-

100 4561 180 4626 ficem
192 4565 372 4628 Aristobuli
387 4566 513 4629 fratrem
529 4566 568 4628 ab
583 4566 705 4630 Herode
719 4565 927 4640 interfectum,
947 4565 1173 4638 Alexandrum,
1195 4561 1332 4644 Hyrcani
1347 4558 1448 4634 filiam,

99 4651 267 4716 Alexandri
284 4654 443 4736 conjugem
459 4655 513 4718 et'
504 4655 649 4736 imprimis
664 4655 794 4718 Mariam
808 4655 925 4718 illorum
939 4653 1057 4729 filiam,
1068 4652 1200 4717 Herodis
1221 4650 1381 4732 conjugem
1395 4666 1447 4711 re-

100 4741 206 4819 ginam,
221 4750 386 4826 utramque
402 4745 441 4808 ab
455 4744 576 4808 Herode
593 4763 704 4826 genem
725 4750 758 4807 et
771 4744 881 4808 marito
903 4701 1112 4819 interfecisti,
1130 4738 1341 4806 Aristobulum
1363 4756 1449 4800 sum-

99 4845 174 4895 ιιιιιι
188 4832 378 4921 pontificem,
391 4833 512 4900 Mariae
526 4835 660 4912 fratrem,
676 4833 716 4898 ab
728 4833 852 4898 Herode
868 4833 959 4898 affine
975 4833 1064 4914 aquis
1076 4847 1222 4896 mersum:
1239 4828 1348 4911 quibua
1362 4825 1449 4914 brevi
