3412 5538
251 297 313 364 132
380 305 383 312 '
445 297 447 304 ⁴
534 359 538 364 .
723 315 924 382 nsprssssuua
936 313 1118 382 00000000
1204 351 1206 360 .

249 459 456 524 subdivisione
471 459 530 524 hoc
544 457 617 522 mihi
632 457 689 522 luit
705 457 837 535 consilii,
859 466 894 522 ut
909 481 929 522 a
944 457 1166 522 distributionis
1190 471 1268 518 anno
1285 455 1325 518 ad
1338 454 1509 538 Jcpbtham
1522 473 1594 536 pro-

247 549 328 616 xime
343 550 409 613 300
426 550 497 613 0001
513 547 734 629 colligerentur.
763 552 890 628 (Distrib.
907 556 936 624 t,
954 560 1057 614 Josuse
1074 557 1123 624 18,
1140 557 1230 613 Jndss
1248 555 1428 620 00810003,
1449 554 1567 610 serviem
1579 570 1597 607 ι

247 641 362 696 victoria
376 639 625 709 chusan-Risetled
643 639 798 695 Othnielem
817 639 849 704 8,
871 639 946 710 quies
960 641 1011 704 40,
1025 639 1117 695 servit.
1131 637 1222 694 Moab.
1239 635 1288 702 18,
1303 637 1379 708 quies
1393 637 1429 691 ad
1443 637 1496 690 del.
1510 635 1598 691 sisset

249 721 295 786 80,
311 721 387 794 quies
401 723 437 776 ad
449 719 590 776 victoriam
600 720 735 776 Gedeonis
742 721 789 785 40,
804 721 916 775 (100000
929 720 977 785 40,
990 719 1151 776 Abimeleeh
1164 719 1192 783 3,
1205 717 1295 773 Thcla
1309 717 1357 783 23,
1370 716 1484 775 201022
1500 711 1596 786 (302))

247 800 283 863 10
300 799 436 862 0001000
452 799 550 862 00000
561 807 681 861 textum
691 801 916 881 suffragantem,
932 799 963 860 in
973 799 1055 862 nullo
1066 797 1258 862 contrarium.
1282 797 1339 858 His
1350 797 1394 860 sic
1403 795 1597 870 habentibus,

249 890 386 970 equidem
408 909 467 952 non
482 895 588 970 potest
607 908 668 951 000
685 888 835 969 jucundus
854 888 950 951 videri
970 886 1054 952 lusus
1074 888 1134 951 iste
1156 909 1174 950 a
1197 905 1270 948 casu
1290 886 1364 949 mihi
1387 885 1596 960 concinnatus,

248 979 328 1061 quod
350 978 433 1041 dicta
454 997 523 1041 mea
545 979 671 1041 consilia
694 997 822 1061 sequens
845 978 931 1041 unice
954 985 1130 1061 textumque
1150 976 1271 1040 interim
1292 975 1526 1058 diligentissime
1541 993 1596 1036 ex-

248 1067 366 1132 cutiens
382 1075 415 1132 et
430 1067 474 1130 sic
488 1069 579 1149 plane
594 1067 677 1132 eliud
692 1087 803 1150 egens,
826 1067 1017 1131 nihilominus
1033 1075 1139 1132 tamen
1152 1073 1184 1130 et
1199 1065 1257 1128 hoc
1272 1065 1368 1128 veluti
1387 1085 1444 1147 per
1460 1081 1597 1128 somnum

247 1164 280 1220 et
294 1156 384 1239 plane
399 1157 544 1239 ignorans
554 1177 620 1220 snm
636 1165 825 1233 consecutus,
839 1165 875 1219 ut
890 1156 1062 1238 colligerem
1072 1157 1209 1239 praecise
1224 1155 1355 1218 medium
1371 1153 1598 1218 arithmeticum

247 1246 327 1310 inter
342 1245 408 1310 480
429 1246 460 1309 10
479 1245 564 1311 libris
580 1247 698 1329 Regum
721 1255 753 1310 st
767 1246 832 1312 592
853 1247 892 1311 D.
908 1245 1004 1309 Pauli.
1040 1247 1163 1310 Etenim
1185 1244 1211 1307 si
1234 1244 1424 1320 consideres,
1447 1263 1542 1327 quare
1565 1243 1597 1306 in

249 1334 409 1416 Scriptum
429 1336 622 1399 intervallum
644 1337 703 1399 hoc
724 1337 866 1400 tradatur
886 1336 1041 1412 bifariam,
1063 1336 1197 1417 proclive
1214 1342 1263 1396 est
1278 1335 1431 1416 cogitare,
1454 1351 1523 1397 cnm
1539 1332 1597 1396 ob·

249 1444 355 1488 scurae
372 1433 477 1490 essent
491 1425 618 1488 relictae
629 1426 843 1490 annotationes
854 1433 1022 1507 temporum
1038 1426 1076 1489 ab
1087 1425 1170 1488 exitu
1186 1424 1226 1486 ad
1237 1425 1389 1504 templum,
1402 1423 1595 1497 secerdotes,

248 1513 298 1596 qui
312 1515 455 1578 vixerunt
471 1516 526 1579 sub
536 1515 655 1578 initium
665 1517 779 1598 templi,
795 1535 834 1579 ex
849 1515 1098 1578 annotationibus
1113 1514 1182 1579 libri
1191 1514 1331 1577 Judicum
1341 1513 1504 1596 collegisse
1521 1512 1597 1575 duos

246 1621 396 1680 numeros,
412 1623 537 1688 quornm
552 1606 650 1668 altero
666 1606 774 1681 minus,
794 1598 892 1669 'altero
907 1605 1004 1686 majus
1021 1611 1104 1668 certo
1121 1623 1181 1667 non
1198 1603 1290 1666 fuerit
1303 1602 1379 1665 illud
1394 1601 1600 1667 intervallum.

246 1693 355 1775 Itaque
372 1694 398 1756 si
414 1693 481 1775 quis
496 1694 587 1758 nullis
603 1695 672 1758 aliis
687 1703 788 1758 motus
803 1694 972 1759 rationibus
986 1702 1110 1776 praeter
1124 1695 1204 1757 hanc
1223 1693 1355 1756 medium
1375 1692 1601 1756 arithmeticum

248 1789 427 1864 sequeretur
441 1782 523 1845 inter
537 1782 603 1846 480
614 1783 729 1860 ett92‚
743 1785 795 1847 1110
811 1803 901 1866 quam
916 1783 1052 1864 proxime
1069 1783 1275 1846 0010100100
1291 1782 1485 1847 sacerdotum
1500 1782 1601 1862 adque

246 1871 410 1935 0001101000
424 1871 524 1953 ipsam
538 1873 666 1936 veniret

336 1959 399 2024 Gur
414 1968 516 2023 autem
536 1961 568 2024 in
583 1981 652 2024 mea
667 1961 856 2024 ordinatione
878 1962 959 2026 inter
973 1981 1086 2025 annum
1100 1961 1321 2026 distributionis
1337 1961 1451 2024 Terrae
1474 1966 1508 2022 et
1524 1977 1600 2022 con-

248 2049 329 2114 ditus
345 2049 452 2130 templi
466 2050 604 2131 integros
619 2050 776 2114 Jubilaeos
798 2049 949 2113 interesse
964 2052 1118 2126 voluerim,
1135 2071 1245 2115 causae
1267 2058 1338 2114 sunt
1352 2051 1448 2114 istas:
1469 2048 1504 2112 id
1521 2049 1600 2112 enim

247 2157 413 2219 congruere
428 2138 549 2202 videtur
563 2139 674 2222 pietati
691 2137 865 2203 Salomonis
881 2147 913 2202 et
928 2159 1050 2203 numero
1071 2159 1217 2204 annorum
1226 2141 1410 2222 septenario,
1425 2140 1508 2202 iutra
1523 2157 1600 2222 quos

248 2235 402 2292 structura
421 2229 528 2310 templi
550 2230 608 2292 1011
628 2229 778 2292 absoluta
808 2229 927 2292 Deinde
950 2230 1167 2305 animadverti,
1189 2235 1347 2312 utrumque
1363 2247 1521 2293 nnmerum
1535 2235 1602 2290 tam

222 2383 224 2392 ,
247 2317 312 2381 480
329 2336 419 2400 quam
434 2317 499 2382 592
516 2318 555 2381 00
570 2318 728 2381 Jubileeos
744 2318 895 2394 alludere;
919 2337 990 2382 nam
1005 2317 1118 2382 ablatis
1133 2320 1262 2401 integris
1279 2319 1298 2384 9
1314 2318 1479 2395 Jubilaeis,
1501 2317 1536 2382 id
1552 2325 1602 2380 est

247 2405 290 2470 63
305 2407 560 2482 hebdomadibus,
582 2407 646 2470 441
664 2407 751 2470 annis
768 2425 925 2470 enumero
941 2407 1022 2483 481,
1044 2416 1165 2472 restant
1186 2409 1229 2471 40
1251 2429 1270 2470 0
1292 2407 1439 2490 principio
1456 2425 1601 2488 egressus

199 2557 205 2568 ,
247 2515 286 2558 ex
300 2497 455 2578 Aegypto.
500 2497 559 2560 Hic
573 2497 667 2579 igitur
681 2497 805 2559 ultimus
822 2497 935 2561 deserti
958 2497 1123 2560 haberetur
1144 2498 1244 2560 instar
1257 2497 1389 2560 Jubilaei
1412 2505 1445 2560 et
1466 2515 1536 2559 cum
1550 2497 1600 2559 in-

208 2666 212 2678 ·
246 2603 355 2667 gressu
369 2587 401 2649 in
415 2593 530 2649 terram
545 2587 694 2668 inciperet
714 2605 794 2649 nova
815 2587 981 2650 hebdomas
1003 2605 1123 2668 magna
1158 2586 1297 2650 Alterius
1319 2588 1434 2650 numeri
1450 2585 1516 2650 592
1545 2604 1601 2648 ex-

248 2693 352 2738 cessus
369 2693 462 2756 supra
476 2673 558 2750 480,
579 2693 620 2738 sc.
639 2676 701 2737 112
724 2675 862 2739 continet
882 2676 1090 2740 hebdomadas
1115 2674 1155 2739 16
1171 2676 1325 2758 praecise3
1354 2684 1386 2739 et
1411 2674 1602 2739 10000001

246 2765 265 2826 i.
281 2783 307 2826 e.
324 2763 389 2826 588
404 2764 476 2826 0001
492 2765 511 2826 5
528 2772 648 2827 100100
664 2764 751 2827 anuis
766 2765 897 2828 minores
913 2773 985 2828 sunt
999 2785 1123 2830 numero
1140 2765 1214 2841 593,
1230 2785 1266 2829 sc
1282 2765 1307 2828 si
1320 2766 1447 2849 quintus
1461 2765 1504 2829 ab
1517 2765 1601 2828 exitu

123 2873 133 2882 ·
246 2859 280 2916 01
294 2853 429 2916 decimus
445 2861 571 2934 quartus
588 2854 626 2916 00
641 2854 781 2934 ingressu
797 2853 828 2916 in
844 2862 958 2918 terram
973 2855 1103 2918 fuissent
1117 2855 1257 2918 Jubilae'u
1286 2855 1353 2937 Ego
1369 2873 1442 2918 vero
1458 2872 1499 2916 ex
1514 2873 1601 2917 com-

246 2941 406 3022 paratione
416 2943 505 3004 Num
521 2941 574 3016 36,
589 2943 610 3004 4
626 2960 693 3004 000
702 2943 795 3005 Dent
810 2941 862 3018 31,
885 2945 926 3006 10
942 2945 1126 3020 demonstro,
1142 2963 1253 3008 annum
1268 2939 1297 3009 7.
1313 2946 1353 3009 ab
1367 2945 1510 3026 ingressu
1526 2937 1602 3026 (quo

246 3030 445 3183 lapgofizgiam
469 3030 634 3096 distributa
657 3039 741 3094 terra
771 3039 804 3095 01
827 3033 937 3114 singuli
961 3033 993 3096 in
1022 3035 1247 3116 possessionem
1263 3027 1365 3115 missi)
1390 3033 1486 3097 fnisse
1510 3033 1602 3097 3001-

189 3267 193 3276 ·
317 3294 376 3347 Jam
391 3295 518 3362 Keplerus
529 3304 678 3364 recuperato
696 3300 776 3363 priore
794 3301 896 3350 tramite
913 3302 997 3366 pergit
1014 3301 1040 3352 in
1052 3301 1227 3352 enumerandis
1239 3301 1348 3354 historiis
1368 3302 1433 3354 duce
1445 3299 1507 3352 Vnt
1522 3301 1602 3361 1000,

247 3381 334 3421 aeram
351 3368 499 3420 adscribens
519 3369 649 3433 ,1000011α
668 3383 748 3436 usque
767 3370 801 3421 sd
817 3385 910 3422 annum
928 3371 1016 3438 templi
1033 3370 1087 3424 246
1104 3370 1138 3436 (a
1154 3372 1211 3426 chr.
1225 3365 1302 3437 'er
1328 3373 1386 3426 hinc
1397 3374 1476 3426 duces
1490 3375 1603 3440 00001100

247 3442 379 3506 scriptores
390 3439 525 3493 Romanos.
549 3440 591 3492 Ad
602 3455 626 3492 a
639 3457 663 3493 a
678 3441 723 3496 00.
736 3433 989 3508 creponensem
1001 3444 1138 3495 conditam:

336 3583 527 3667 Olympiadis
541 3584 613 3648 VH.
628 3585 716 3657 00000
730 3607 851 3668 spurco
866 3585 1026 3659 00000000
1041 3587 1167 3670 Charipi
1181 3587 1350 3651 Archontis
1364 3587 1602 3651 Atheniensium

248 3694 326 3738 anno
343 3673 482 3737 decennii
496 3674 601 3755 primo,
617 3694 696 3737 anno
713 3697 732 3738 a
747 3684 839 3758 capta
854 3675 947 3758 Troja
962 3677 1036 3751 432,
1050 3675 1180 3740 Romam
1195 3677 1349 3740 conditam
1364 3677 1409 3740 ait
1422 3678 1602 3760 Dionysius,

248 3763 437 3828 Graecorum
452 3763 484 3825 in
499 3764 557 3826 000
572 3764 702 3828 materia
718 3765 981 3846 diligentissimus,
1004 3773 1127 3830 secutus
1147 3765 1284 3830 Portium
1300 3764 1458 3845 0010000,
1481 3767 1600 3830 Roma-

247 3871 353 3916 norum
375 3852 653 3933 diligentissimum,
683 3862 715 3917 et
737 3854 883 3919 adhibitis
904 3854 1122 3920 Eratosthenis
1151 3855 1332 3932 canonibus,
1355 3857 1388 3920 10
1411 3855 1600 3920 connexione

242 3937 477 4006 intervallorum
492 3941 730 4007 Catonianomm
747 3945 786 4006 ad
802 3953 940 4027 ternpore
957 3944 1159 4021 Graecorum,
1179 3965 1255 4029 quos
1271 3965 1404 4010 canones
1421 3965 1515 4010 sanos
1530 3964 1600 4008 esse

248 4031 293 4093 eit
317 4050 350 4092 se
371 4032 602 4096 demonstrasse
625 4033 657 4095 in
679 4041 817 4097 tractatu
839 4034 969 4116 quodam
989 4035 1058 4098 alio.
1096 4033 1237 4100 Clemens
1258 4033 1487 4099 Alexandrinus
1509 4035 1601 4100 libl.

248 4119 439 4184 Stromatum
462 4139 501 4182 ex
521 4122 637 4186 veteris
660 4123 835 4205 chronologi
859 4125 1014 4187 sententia
1036 4126 1074 4188 00
1097 4124 1216 4208 Olymp.
1232 4125 1255 4188 Ι.
1279 4125 1319 4188 00
1338 4121 1375 4188 U.
1391 4123 1425 4189 C.
1442 4144 1540 4188 annos
1557 4124 1600 4186 24

247 4209 372 4272 fluxisse
395 4209 448 4272 ait.
494 4205 574 4280 Quis
596 4231 668 4294 ergo
690 4213 763 4276 urbs
788 4212 913 4277 condita
933 4213 1080 4278 Palilibus
1105 4223 1177 4278 ante
1199 4215 1362 4291 ludicmm,
1384 4213 1454 4276 ideo
1479 4214 1600 4296 quidem

248 4296 439 4363 Clementem
454 4298 491 4361 de
502 4319 581 4364 0000
592 4303 746 4382 superiore
756 4303 939 4384 intelligunt,
954 4311 1100 4386 putentes
1109 4305 1237 4386 primum
1248 4323 1357 4368 aunum
1367 4303 1489 4386 Olymp.
1505 4322 1599 4385 prae-

248 4387 310 4452 cise
329 4387 533 4469 incipiendum
555 4389 682 4473 abipso
703 4411 805 4468 mense
825 4393 977 4470 ludorum;
1002 4401 1035 4458 at
1051 4393 1143 4456 debet
1162 4393 1292 4474 intelligi
1313 4394 1350 4456 de
1366 4392 1424 4456 hoc
1446 4412 1543 4470 anno,
1564 4399 1600 4455 ut

248 4477 341 4544 etiam
355 4477 535 4562 Dionysius,
558 4479 628 4561 quie
647 4481 761 4562 primus
782 4502 878 4570 annus
901 4491 1043 4548 censetur
1065 4491 1137 4545 ante
1160 4482 1313 4546 ludicrum.
1351 4481 1385 4546 O.
1400 4481 1528 4545 Tacitus
1549 4481 1600 4544 hic

246 4569 334 4648 ponit
348 4567 386 4631 U.
403 4565 581 4632 0000010
598 4568 632 4634 C.
651 4570 727 4648 113,
750 4571 914 4653 Eutropius
936 4591 974 4636 ex
995 4595 1021 4636 0.
1039 4572 1073 4637 O.
1089 4571 1168 4648 509,
1191 4571 1247 4636 sed
1268 4573 1359 4635 aliter
1374 4591 1413 4635 ex
1429 4593 1456 4634 a
1473 4569 1509 4636 G.
1525 4569 1599 4635 388.

246 4655 392 4739 Polybius
408 4658 513 4721 forsan
529 4659 642 4740 etipse
657 4661 716 4723 huc
731 4662 970 4744 reponendnsex
980 4682 1058 4727 anno
1076 4661 1223 4745 sequenti,
1239 4659 1463 4727 8000001001.
1474 4659 1600 4726 ccvn.

249 4747 367 4810 confert
381 4765 493 4811 annum
507 4767 535 4811 u.
551 4765 577 4812 c.
592 4747 666 4812 801.
682 4749 737 4814 On
751 4751 897 4832 Pompejo
913 4752 1014 4830 Gallo,
1031 4749 1068 4824 Q,
1083 4751 1236 4816 Verranio
1252 4751 1339 4818 (1000
1354 4767 1359 4776 ’

334 4835 403 4900 Hoc
423 4857 503 4902 anno
528 4839 556 4903 1.
573 4837 622 4905 Ol.
637 4838 709 4904 vm
730 4840 836 4924 Apion
857 4847 939 4906 10010
960 4843 1097 4926 Josepho
1120 4841 1262 4919 tradidit,
1286 4840 1481 4906 aedificatam
1501 4839 1598 4906 luisse
