3390 5542
465 267 580 320 Secunda
597 265 667 318 Pers.
703 265 882 320 Starecmeuia
899 263 966 318 Delii
984 267 1118 318 Austriec'u
1388 271 1451 336 603

226 439 317 520 Quae
346 440 443 525 igitur
469 441 509 508 de
530 439 680 524 cylindris
704 439 799 506 etde
821 461 971 508 concrum
994 442 1115 506 truncis
1137 461 1212 508 vera
1233 447 1319 524 sunt,
1341 447 1452 512 cadem

134 528 236 597 etiam
259 532 302 596 ad
323 530 458 614 figuram
481 531 556 596 dclii
577 535 713 613 possunt
734 528 900 613 applicari,
924 531 1045 613 quippe
1065 551 1149 614 quae
1170 551 1285 614 parum
1307 535 1448 618 a'eylin·

134 620 195 686 dro
218 620 385 702 minusque
406 640 427 683 a
452 626 565 684 trunco
592 619 699 684 conice
722 613 802 699 abit,
823 617 897 684 dnm
923 639 1067 696 esserum
1088 620 1294 701 conniventia,
1318 623 1369 687 hic
1391 643 1450 707 per

133 715 259 774 rectem
289 708 369 774 CRF
399 705 575 785 intellecta,
607 713 786 773 extrorsum
818 727 927 772 versus
949 709 983 772 in
1012 708 1243 774 bucccsitetem
1264 712 1450 777 nonnullam

134 795 287 863 flectitur.
363 807 367 818 ·
1307 837 1309 844 -

224 884 469 950 Accumtissbne
498 885 597 951 omnis
623 883 700 950 dclii
728 883 832 968 figura
861 891 910 950 est
937 883 1059 949 medius
1080 891 1212 950 uuncus
1233 885 1285 952 vel
1307 889 1388 954 citrii
1411 909 1451 954 ex

134 974 247 1038 circuli
269 981 443 1056 segmento,
466 974 515 1038 vel
537 973 633 1056 pruni
654 993 694 1036 ex
716 970 859 1038 verticuli
881 979 973 1056 parte
996 973 1128 1056 ellipsis,
1157 973 1208 1038 rel
1228 974 1288 1040 fusi
1310 977 1448 1059 parebo·

136 1061 198 1140 lici,
222 1062 412 1146 plerumque
434 1083 507 1128 vero
529 1057 737 1145 hyperbolici,
765 1063 938 1144 praesectis
964 1062 1117 1146 utrinque
1138 1063 1309 1130 verticibus
1331 1085 1449 1148 aequa-

134 1151 246 1216 libus.¹
276 1150 378 1231 Retio,
402 1151 585 1216 curiosum
608 1147 841 1233 hyperbolicum
863 1150 976 1230 dicam,
1000 1156 1049 1214 est
1064 1151 1151 1230 haec,
1176 1152 1251 1233 quia
1273 1153 1358 1218 dolia
1373 1154 1449 1219 buc·

133 1237 302 1305 casitatem
324 1240 510 1323 plerumque
531 1239 688 1321 recipiunt
709 1239 743 1302 in
769 1245 912 1303 ventrem
934 1238 1087 1318 medinm,
1115 1259 1226 1304 versus
1253 1250 1396 1308 extrema
1417 1250 1450 1309 et

134 1327 227 1393 orbes
257 1328 409 1412 utrinque
428 1329 558 1412 'ligneos
588 1327 688 1410 magis
721 1327 763 1391 ad
789 1327 1013 1392 rectitudinem
1043 1327 1186 1393 cenicam
1213 1331 1382 1412 accedunt,
1413 1337 1452 1397 ut

134 1416 244 1482 circui
272 1417 367 1498 lignei
395 1417 518 1482 facilius
548 1415 633 1482 trudi
662 1416 879 1499 adstringique
908 1415 1062 1498 adigendo
1093 1417 1228 1498 possint.
1282 1419 1352 1485 Hoc
1374 1441 1451 1486 vero

132 1505 211 1570 facit
233 1511 266 1572 et
288 1504 464 1588 hyperbole
491 1511 524 1570 et
547 1512 625 1570 nete
653 1506 693 1570 ab
719 1504 776 1569 illa
803 1504 951 1571 conoides
974 1511 1007 1568 et
1027 1505 1142 1584 fusum,
1167 1506 1359 1573 ut'brachia
1382 1513 1451 1594 ejus

134 1613 154 1658 a
181 1594 284 1658 medio
308 1593 392 1658 flexu
418 1595 534 1660 sensim
567 1594 758 1676 degenerent
789 1592 824 1658 in
853 1591 1078 1658 rectitudinem
1101 1601 1314 1678 asymptoton.
1359 1595 1451 1664 Facit

133 1683 221 1747 idem
243 1703 284 1746 ex
304 1687 398 1764 parte
419 1689 451 1748 et
472 1683 578 1749 fusum
595 1681 815 1767 parabolicum
836 1688 868 1746 et
882 1701 1023 1766 prunum
1045 1681 1229 1766 elliptioum,
1252 1683 1309 1752 sed
1324 1685 1450 1751 eviden-

132 1772 254 1836 tissime
275 1769 512 1853 hyperbolicnm
533 1772 653 1850 fusum,
681 1791 823 1855 prunum
845 1791 921 1836 vero
948 1769 1122 1853 elliptioum
1143 1771 1248 1837 minus
1274 1769 1450 1858 minusque,

64 1854 71 1862 ’
132 1880 195 1924 nec
215 1879 318 1938 omne,
341 1860 407 1924 sed·
419 1861 536 1943 gracile
550 1867 676 1926 tantum
697 1865 731 1924 et
752 1859 840 1942 qued
861 1879 882 1922 a
902 1865 1064 1942 segmento
1086 1859 1230 1926 verticuli
1252 1860 1373 1945 ellipsis
1391 1871 1449 1946 est,

132 1953 224 2034 enjus
255 1949 325 2012 axis
353 1957 428 2031 post
456 1950 686 2015 truncationem
716 1947 758 2012 ad
787 1947 893 2014 iocum
928 1967 1031 2029 usque
1064 1966 1128 2013 non
1158 1949 1334 2032 pertinget,
1367 1972 1452 2034 quae

131 2037 240 2102 cautio
262 2036 359 2100 etiam
384 2038 418 2102 in
443 2038 628 2121 parabolice
655 2037 726 2103 fuso
753 2035 860 2102 locum
885 2035 991 2102 habet.
1043 2034 1133 2102 Oliva
1160 2058 1244 2118 sero,
1269 2059 1310 2104 ex
1332 2039 1451 2124 ellipsis
1472 2061 1477 2080 ·

131 2131 295 2208 segmento
324 2125 408 2191 inter
436 2129 569 2193 uertices
599 2126 702 2192 medic
732 2131 859 2204 creata,
896 2125 1091 2190 contrarium
1120 2124 1206 2206 facit,
1237 2147 1312 2192 narn
1340 2149 1471 2194 versus*
1557 2141 1561 2152 ‘

69 2214 76 2230 ‘
131 2221 279 2278 extrema
301 2214 403 2298 magis
424 2214 562 2282 flectitur
591 2234 691 2298 quarn
717 2215 750 2280 in
770 2213 888 2293 medio,
911 2213 999 2294 quod
1021 2212 1175 2278 abhorret
1197 2236 1218 2280 a
1240 2216 1315 2282 dolii
1336 2216 1450 2300 figura.

131 2303 203 2368 Etsi
220 2323 283 2368 non
300 2305 490 2386 negaverim,
508 2311 640 2388 propter
661 2301 874 2370 insensibilem
893 2299 1101 2367 differentiam
1118 2301 1253 2368 istarum
1273 2303 1452 2387 figurarum

129 2411 202 2458 esse
231 2390 317 2456 dolio
344 2392 536 2476 quandoque
567 2394 663 2458 etiam
692 2411 732 2456 ex
754 2390 856 2456 olivae
881 2397 998 2455 trunco
1020 2389 1173 2472 figuram,
1203 2397 1238 2457 at
1260 2415 1324 2459 non
1346 2395 1451 2462 studio

128 2479 278 2558 artificis,
309 2481 366 2544 sed
396 2480 599 2548 aberratione
631 2499 746 2546 manus
776 2479 992 2544 constitutam.
1044 2479 1216 2561 Nunquam
1246 2501 1322 2548 vero
1350 2484 1452 2550 ullum

129 2569 486 2634 doliumconstiurtum
512 2565 594 2653 putc'
618 2591 658 2634 ex
684 2574 793 2634 ventre
822 2567 1018 2650 sphaeroidis
1040 2567 1256 2648 Archimedei,
1286 2591 1390 2654 quam,
1413 2577 1451 2637 nt

128 2677 225 2722 verae
251 2658 428 2740 prom'mam
451 2658 606 2739 (nondum
635 2658 719 2724 notis
748 2656 835 2734 aliis,
879 2675 1017 2738 querum
1049 2658 1180 2738 genesin
1212 2677 1313 2741 supra
1343 2659 1476 2742 doen).

43 2767 53 2782 ‘
130 2746 286 2812 Clarius
326 2745 447 2828 (Geom.
490 2748 614 2814 Pract.'
637 2748 676 2813 V.
706 2743 760 2826 10)
797 2744 945 2830 subjecit:
993 2750 1130 2825 paratus
1169 2752 1272 2812 iancea
1311 2749 1448 2830 iuterim,

41 2876 45 2885 -
129 2833 230 2900 verba
252 2835 360 2912 Clarii,
375 2836 406 2900 ei
428 2838 500 2918 quis
521 2837 745 2902 accuratiorem
766 2834 928 2910 invenerit,
953 2853 1022 2898 com
1044 2832 1155 2898 libenti
1175 2839 1280 2900 auimo
1304 2843 1334 2901 ct
1354 2843 1448 2920 prato

129 2927 304 3004 acceptare.
335 2923 420 2989 vNam
441 2923 639 3008 sphaeroidis
654 2923 749 3006 longi,
773 2921 861 3006 quod
873 2922 908 2986 in
930 2921 1032 2988 medio
1046 2924 1167 3006 justam
1182 2930 1214 2988 et
1228 2923 1319 2991 doliis
1335 2932 1449 3010 aptam

130 3011 250 3102 habeut
276 3010 519 3092 bucccsitetem,
543 3013 665 3078 flexura
691 3031 802 3078 versus
829 3016 997 3076 umectus
1022 3011 1155 3078 vertices
1183 3013 1279 3078 nimia
1305 3020 1367 3096 est,
1391 3035 1450 3082 neo

129 3099 201 3166 ulle
220 3101 347 3166 uincula
367 3103 400 3166 in
423 3121 462 3166 es
484 3108 616 3187 possent
637 3102 692 3167 diu
713 3101 856 3174 haerere.
902 3097 958 3164 Sin
987 3105 1094 3163 autem
1121 3102 1289 3166 sumsersis
1311 3104 1451 3168 medium

131 3195 275 3255 uentrem
305 3189 504 3275 sphaeroidis
533 3191 625 3256 valde
654 3189 794 3274 gracilis,
825 3189 944 3271 minues
975 3188 1104 3270 quidem
1130 3188 1192 3256 hoc
1213 3191 1450 3258 incommodum

130 3279 273 3344 flexurae
295 3279 410 3344 nimiae
431 3280 465 3344 in
487 3279 736 3346 extremitatibus
759 3277 845 3356 dolii,
870 3281 905 3340 et
919 3275 1056 3340 vicissim
1070 3284 1210 3343 ventrem
1226 3278 1310 3346 dolio
1325 3281 1450 3346 nullum

130 3367 297 3450 permittis,
322 3385 361 3432 ac
381 3367 409 3432 si
432 3387 470 3432 ex
492 3388 574 3451 puro
596 3375 674 3452 puto
697 3367 840 3450 cylindro
861 3364 943 3430 illud
965 3371 1176 3433 construeres.

218 3455 256 3520 ln
278 3454 340 3521 hac
360 3456 457 3538 igitur
477 3456 582 3539 figura
604 3457 666 3522 duo
688 3475 782 3520 erem
805 3453 905 3531 ΗΑΒ,
941 3453 1023 3518 Fue
1040 3453 1157 3532 cuculi,
1182 3457 1270 3538 eujus
1292 3455 1449 3524 diameter

130 3544 280 3626 aequalis
302 3543 363 3628 ipsi
385 3544 449 3624 BT,
472 3545 654 3610 describunt
675 3548 859 3610 truncatum
882 3542 1018 3618 citrium,
1043 3543 1135 3624 cujus
1154 3544 1287 3612 vertices
1308 3547 1449 3614 truncati

129 3631 424 3713 concursurum.
468 3633 568 3699 Linea
589 3653 671 3712 uero,
695 3631 822 3717 punctis
848 3635 962 3694 notate
988 3628 1071 3694 inter
1094 3636 1214 3696 rectam
1235 3631 1318 3700 FRG
1341 3641 1373 3700 et
1394 3655 1447 3700 er·

130 3743 204 3788 cnm
234 3719 323 3800 FSG,
353 3720 459 3794 insum
484 3722 617 3787 denotet
642 3719 895 3804 hyperbolicum,
932 3719 1022 3800 cnjus
1052 3716 1242 3800 hyperboles
1270 3729 1381 3790 vertex
1412 3723 1446 3803 0,

131 3821 277 3878 centrum
305 3809 347 3890 V,
378 3811 550 3895 asymptbti
578 3809 647 3888 VX,
676 3808 741 3887 VZ,
770 3825 909 3891 quarum
938 3805 1162 3872 rectitudinem
1188 3809 1365 3894 hyperbole
1396 3813 1447 3877 CF

130 3919 241 3964 versus
267 3897 293 3962 F
320 3900 420 3982 magis
447 3900 612 3982 magisque
641 3897 770 3963 affectat
796 3901 829 3962 et
849 3896 943 3960 hice.
969 3894 1172 3978 contingente
1199 3920 1260 3964 sua
1281 3898 1375 3982 Fer,
1398 3919 1447 3966 se·

130 3994 226 4054 cante
247 4007 358 4054 arcum
378 3986 454 4053 Fac
476 3988 509 4054 in
532 3989 569 4067 Q,
594 3986 763 4053 difficulter
785 3983 998 4066 distinguntur.

132 4131 205 4213 Qua
233 4131 356 4196 ratiotcc
385 4129 458 4213 quis
484 4130 606 4212 virgam
633 4128 820 4196 mensorium
847 4125 1006 4208 salsitatis
1032 4147 1164 4211 urguere
1193 4130 1294 4212 possit
1320 4133 1350 4194 et
1373 4147 1447 4212 quo-

550 4219 640 4284 modo
660 4217 741 4300 fides
763 4219 830 4300 ejus
854 4220 1024 4280 asseratur.

218 4341 329 4426 Igitur,
353 4348 392 4408 ut
413 4342 455 4408 ud
479 4341 643 4408 exordium
658 4341 885 4425 disquisitionis
900 4339 994 4425 hujus
1016 4345 1169 4420 revertar,
1186 4339 1334 4408 elenchus
1356 4361 1446 4407 meus

127 4433 237 4516 uirgae
259 4433 434 4497 mensoriae
456 4432 594 4516 primum
616 4437 686 4497 erat
708 4431 768 4510 hir,
793 4429 878 4515 quod
899 4430 1009 4495 eedem
1031 4433 1100 4514 ejus
1118 4429 1279 4511 longitudo
1303 4429 1355 4494 AF
1378 4429 1443 4495 dis·

128 4519 287 4624 similibus
310 4519 420 4605 figuris
443 4519 601 4588 doliorum
623 4520 826 4604 competeret,
843 4539 981 4603 querum
996 4523 1105 4584 temen
1126 4539 1190 4585 uon
1212 4523 1319 4584 essent
1340 4539 1446 4602 aequa

128 4618 265 4766 spanib
283 4698 367 4764 hanc
388 4717 457 4764 rem
477 4697 512 4764 in
534 4699 630 4782 pleno
652 4697 911 4782 demonstrarem,
935 4697 1037 4764 risum
1059 4701 1117 4774 est,
1135 4715 1195 4779 pro
1218 4695 1353 4778 cylindri
1371 4714 1441 4760 cor·

129 4809 208 4874 pore
243 4807 404 4854 assumere
441 4787 783 4872 parallelogrammum,
821 4793 885 4871 qno
919 4785 1061 4870 cylinder
1094 4805 1152 4869 per
1181 4803 1274 4850 axem
1302 4790 1442 4853 secatur.
