3390 5542
663 231 876 298 Supplementnnr.
1358 239 1420 302 597

106 406 280 492 sphaerico
301 405 416 474 FSOO.
462 405 543 472 Oum
566 412 673 472 autem
695 405 800 490 figura
822 409 929 491 plana,
954 411 1104 472 contenta
1125 407 1210 474 inter
1231 427 1340 476 arcum
1361 411 1423 475 cir·

107 499 172 564 culi
194 495 270 563 FSO
292 503 324 562 et
344 494 552 582 hyperbolem
573 495 662 576 FRO,
686 497 729 561 ad
750 504 858 579 partes
880 495 906 560 F
929 503 963 562 et
993 496 1017 560 0
1047 496 1089 560 sit
1110 497 1283 580 inaequalis
1313 499 1423 563 latitu-
1449 555 1453 564 ,

106 587 209 666 dinis,
241 587 326 652 circa
356 583 381 647 F
413 585 497 650 enim
526 584 623 649 letior
652 592 709 663 est,
742 585 797 650 ubi
826 585 930 650 lineae
959 605 994 650 se
1015 591 1126 650 mutuo
1147 593 1266 664 secant,
1290 588 1424 654 circaO

107 676 287 757 angustior,
310 673 366 738 nbi
379 694 414 738 se
434 679 543 738 mutuo
566 679 718 756 tangunt:
740 674 852 738 tunice
873 673 978 756 igitur,
1003 693 1100 756 quam
1122 683 1317 757 segmentum
1339 675 1424 759 globi

107 764 303 848 circumJecit
325 762 457 842 concidi,
482 763 618 827 crassior
641 769 689 826 est
709 783 819 826 versus
840 761 1021 840 basinFO,
1046 764 1173 827 tenuior
1194 783 1304 830 versus
1326 766 1422 829 verti·

107 873 178 916 cem
213 853 248 917 0.
293 851 412 917 Contra
444 852 570 928 tunice,
602 871 700 934 quam
730 851 856 916 citrium
887 849 1076 935 circumjecit
1104 851 1187 930 suso,
1218 853 1343 918 tenuior
1376 859 1425 918 est

107 962 219 1005 versus
241 939 332 1004 basin
354 940 397 1004 ad
420 938 445 1004 0
467 959 563 1021 quam
585 959 694 1012 versus
716 939 867 1004 verticem
890 939 925 1004 F.
970 939 1041 1004 Non
1056 939 1207 1004 amittunt
1228 941 1326 1023 igitur
1347 961 1422 1026 pro-

107 1028 304 1114 portionalia
337 1028 482 1094 conoides
506 1033 538 1092 et
558 1026 678 1106 fusum,
707 1028 763 1092 sed
789 1029 873 1112 plus.
886 1026 1043 1105 conoides,
1068 1027 1171 1094 minus
1192 1027 1309 1094 tusum.
1355 1029 1425 1094 Etsi

106 1119 193 1184 enim
215 1118 301 1183 circa
323 1117 470 1181 verticem
491 1116 625 1203 vicissim
647 1117 749 1180 minus
777 1116 895 1182 amittit
922 1116 1068 1180 conoides
1091 1137 1189 1199 quam
1210 1117 1318 1182 iusum
1341 1119 1425 1182 circa

107 1207 260 1270 verticem
286 1205 326 1268 F:
354 1223 419 1270 non
445 1204 482 1268 lit
507 1211 615 1270 tamen
642 1204 826 1270 omnimoda¹
854 1204 1081 1287 compensatio,
1111 1205 1188 1288 quie
1218 1207 1360 1290 partium
1382 1206 1425 1270 ad

106 1297 262 1360 verticem
283 1299 389 1358 motus
412 1292 500 1358 brevi
521 1294 625 1376 spatio
647 1293 764 1373 firritur,
786 1293 927 1378 partium
955 1293 1039 1358 circa
1061 1291 1153 1358 basin
1176 1300 1278 1362 motus
1300 1295 1334 1358 in
1357 1315 1424 1358 am·

108 1383 245 1466 pliorem
265 1381 450 1448 diffimditur
471 1380 637 1446 ambitum.
681 1380 801 1446 Fusum
826 1382 926 1464 igitur
953 1382 1081 1464 propius
1109 1389 1158 1448 cst
1180 1382 1304 1464 concidi
1327 1403 1425 1467 quam

109 1472 237 1536 citrium
258 1475 417 1554 segmento
440 1470 595 1554 sphaerae
617 1472 665 1536 vel
688 1470 739 1536 00
763 1471 835 1554 (per
849 1469 895 1535 th.
919 1469 1126 1554 praecedens)
1148 1471 1208 1553 ipsi
1225 1469 1292 1536 OF:
1317 1493 1423 1555 quem·
1499 1547 1502 1556 Ι

109 1559 285 1625 admodum
307 1557 403 1624 etiam
424 1559 477 1624 ΥΟ
499 1560 630 1643 propior
653 1566 701 1625 est
722 1562 783 1642 ipsi
804 1558 857 1623 Ol*
881 1579 976 1642 quam
999 1559 1051 1624 OO
1073 1559 1134 1642 ipsi
1157 1557 1220 1624 OF.

200 1649 258 1714 Hic
285 1665 394 1714 sumus
420 1649 469 1712 usi
494 1649 689 1714 theoremate
717 1649 931 1725 antecedenti,
959 1646 1046 1730 quod
1075 1647 1218 1712 nondum
1247 1646 1346 1713 habet
1367 1648 1422 1729 de·

106 1737 371 1803 monstrationem
397 1735 581 1818 legitimum.
631 1736 694 1802 Se'd
719 1737 806 1801 valet
831 1735 943 1801 eadem
969 1734 1138 1801 methodus
1161 1737 1371 1818 etiamtunc,
1398 1737 1440 1802 si·

107 1847 170 1910 pro
193 1832 356 1908 segmento
379 1822 483 1892 FSOG
506 1831 539 1890 et
560 1827 651 1902 citrio
673 1847 770 1891 conos
791 1823 873 1890 FOG
895 1823 1132 1889 substituamus.
1179 1825 1284 1890 Ocnus
1300 1827 1426 1892 enims
1465 1879 1472 1888 .

106 1915 196 1982 linea
219 1916 270 1980 OF
292 1915 377 1979 circa
397 1913 451 1978 FO
473 1914 578 1980 factus
604 1915 648 1980 ad
675 1933 787 1980 conum
815 1935 835 1978 a
857 1914 942 1978 linea
967 1912 1080 1977 eadem
1102 1911 1152 1978 FO
1175 1915 1260 1978 circa
1283 1914 1336 1980 00
1358 1914 1424 1978 fao«

106 2011 180 2069 tum
210 2004 447 2088 proportionem
475 2001 571 2068 habet
598 2025 685 2083 earn,
717 2023 813 2086 quam
843 2001 896 2068 00
926 2001 969 2066 ad
998 2000 1063 2066 OF.
1114 1999 1187 2067 lam
1216 2023 1291 2068 vero
1320 2001 1426 2086 figura

107 2091 223 2176 plena,
253 2111 334 2174 quae
361 2092 539 2158 continetur
566 2091 738 2176 hyperbole
765 2091 847 2156 Fac
874 2097 907 2155 et
934 2096 1024 2155 recta
1044 2089 1106 2170 FO,
1131 2111 1239 2156 creans
1261 2111 1426 2156 excessum

108 2180 252 2247 concidis
275 2185 308 2244 et
328 2180 509 2264 iusi'supra
534 2180 663 2246 illorum
690 2200 800 2256 conos,
823 2180 920 2244 latior
942 2185 990 2243 est
1011 2179 1122 2244 versus
1146 2179 1180 2259 0,
1204 2180 1281 2262 quia
1301 2179 1345 2245 ibi
1360 2179 1423 2266 'hy-

107 2269 244 2354 perbola
265 2275 312 2334 est
333 2269 474 2348 curvior,
498 2270 661 2351 angustior
686 2289 798 2334 versus
820 2267 856 2346 F,
880 2267 935 2333 ubi
958 2265 1131 2352 hyperbole
1152 2269 1310 2351 paulatim
1332 2268 1425 2351 dege·

107 2364 205 2422 neret
227 2359 259 2422 in
281 2363 410 2424 rectem
455 2359 594 2422 Rursum
616 2358 714 2440 igitur
736 2359 824 2422 conis
845 2357 930 2422 hisce
952 2377 1015 2422 non
1036 2356 1230 2442 adjiciuntur
1245 2359 1425 2441 proportio·

107 2447 211 2525 nahe,
234 2445 305 2528 plus
328 2447 412 2512 enim
434 2447 557 2512 accedit
580 2467 660 2512 cono
682 2446 758 2522 fusi,
787 2453 824 2510 nt
850 2445 909 2509 fiet
934 2443 1039 2508 fusum
1065 2447 1097 2509 in
1125 2465 1185 2510 sua
1207 2447 1424 2529 proportione,

106 2556 208 2619 quam
238 2555 317 2600 cono
347 2531 496 2616 concidis,
526 2541 562 2600 ut
591 2534 648 2600 fiat
679 2535 843 2600 conoides:
875 2537 978 2618 majus
1007 2531 1104 2613 igitur
1135 2539 1184 2598 est
1213 2554 1330 2617 corpus
1351 2534 1423 2614 susi,

106 2630 260 2707 respectu
282 2623 432 2702 concidis,
456 2645 554 2706 quam
577 2623 630 2689 OO
652 2630 801 2706 respectu
830 2621 898 2700 OF,
928 2622 962 2686 id
985 2627 1033 2686 est
1054 2621 1158 2687 minor
1180 2629 1214 2714 et
1235 2622 1425 2705 aequalitati

106 2714 241 2797 propior
264 2717 313 2776 est
334 2713 462 2778 minoris
484 2711 572 2792 (iusi)
596 2712 638 2776 ad
659 2715 763 2795 majus
787 2709 961 2794 (conoides)
984 2711 1159 2793 proportio.
1515 2755 1516 2760 η

196 2800 390 2866 demetiam
419 2800 458 2864 de
488 2799 543 2865 VO
574 2801 616 2864 ad
639 2800 696 2864 ΟΧ
725 2799 1017 2878 demonstrandum,
1042 2799 1128 2881 quod
1156 2798 1237 2864 haec
1257 2799 1425 2883 proportio

106 2892 212 2956 minor
234 2893 276 2954 sit
298 2889 502 2973 proportione
523 2887 586 2954 iusi
608 2889 729 2954 dimidii
751 2889 794 2954 ed
816 2887 972 2954 conoides.
1018 2887 1077 2952 Est
1098 2892 1204 2952 autem
1226 2888 1422 2952 demonstre-

105 2981 153 3044 tio
175 2977 308 3063 propria
329 2976 527 3060 hyperbolae,
551 2999 621 3043 cum
637 2977 793 3062 parabola
815 2983 924 3041 careat
940 2977 1136 3059 asymptotis.
1174 2976 1314 3040 Rursum
1327 2977 1424 3059 igitur

107 3074 147 3133 ut
169 3067 259 3150 prius
280 3065 384 3146 figura
405 3071 557 3132 contenta
577 3066 679 3132 tribus
701 3067 797 3132 rectis
824 3065 889 3144 FX,
913 3063 979 3146 XV,
1004 3063 1056 3128 VO
1080 3070 1113 3127 et
1133 3063 1308 3148 hyperbole
1331 3063 1422 3145 ORF,

104 3155 204 3222 latior
225 3161 273 3220 est
299 3175 408 3220 versus
431 3155 472 3235 V,
496 3177 594 3238 quam
619 3178 730 3222 remus
758 3153 801 3235 Χ,
825 3175 940 3238 corpus
961 3153 1058 3235 igitur
1080 3172 1138 3216 seu
1160 3153 1285 3234 matrix,
1308 3153 1425 3237 inqua

105 3245 187 3310 latet
217 3243 373 3322 conoides,
397 3244 533 3309 crassior
556 3251 606 3310 cst
634 3245 668 3309 in
698 3243 814 3308 vertice
845 3243 872 3308 V
900 3263 995 3324 quam
1019 3239 1061 3304 ad
1083 3239 1175 3304 basin
1196 3241 1264 3321 XZ'3
1287 3241 1424 3307 vicissim

105 3332 234 3410 matrix,
250 3333 285 3398 in
307 3353 371 3414 qua
387 3331 468 3396 latet
488 3332 603 3410 lusum,
620 3340 668 3398 est
690 3334 813 3398 tenuior
836 3331 879 3396 ad
893 3331 1043 3396 uerticem
1064 3327 1090 3391 F
1092 3329 1129 3408 X,
1154 3350 1252 3412 quam
1268 3330 1310 3396 ad
1331 3329 1424 3396 basin

105 3424 193 3488 circa
215 3421 281 3486 VO:
305 3420 379 3504 plus
400 3421 496 3503 igitur
517 3421 641 3486 accedit
662 3442 755 3501 conc,
780 3424 868 3504 cujus
891 3420 959 3486 axis
983 3417 1048 3495 XV,
1071 3418 1105 3483 in
1126 3439 1186 3483 sua
1208 3419 1424 3502 proportione,

105 3531 207 3594 quam
229 3529 321 3588 cono,
343 3511 433 3594 cujus
455 3509 524 3574 axis
540 3508 607 3588 VO,
629 3509 662 3574 in
681 3529 750 3574 sua.
788 3508 891 3593 Major
905 3508 1003 3588 igitur
1017 3505 1072 3569 ille
1095 3527 1196 3570 conus
1212 3512 1259 3571 est
1273 3515 1424 3591 respectu

104 3600 210 3685 huJus,
233 3617 328 3680 qnam
350 3597 457 3662 fusum
478 3603 627 3682 respectu
650 3597 722 3676 OX;
745 3597 848 3662 minor
869 3595 966 3676 igitur
990 3595 1154 3677 proportio
1175 3593 1231 3658 VO
1254 3593 1296 3660 ad
1319 3595 1376 3660 ΟΧ
1390 3604 1424 3661 et

106 3687 298 3770 aequalitati
319 3686 459 3769 propior,
483 3706 582 3768 quam
605 3686 725 3751 dimidii
746 3685 809 3749 lusi
835 3683 878 3749 ad
901 3683 1057 3748 conoides.
1216 3735 1222 3744 .

135 3843 138 3853 ,
199 3777 280 3841 Cum
301 3779 413 3840 autem
431 3776 514 3840 inter
535 3775 756 3858 proportiones
784 3772 836 3838 00
866 3772 909 3836 ad
931 3770 983 3834 OF
1007 3775 1040 3834 et
1062 3769 1116 3835 VO
1139 3770 1182 3836 ad
1206 3770 1262 3836 ΟΧ
1283 3770 1424 3838 infinitae
1452 3789 1459 3808 i

106 3863 193 3930 aliae
216 3865 278 3928 sint
299 3863 522 3947 proportiones
543 3863 763 3939 intermediae,
788 3883 853 3928 non
875 3881 939 3926 una
961 3860 1037 3939 sola,
1063 3865 1210 3943 quaeest
1226 3861 1279 3927 ΥΟ
1295 3861 1337 3925 ad
1353 3859 1421 3924 OF:

107 3973 175 4018 nou
196 3954 292 4035 igitur
313 3952 504 4032 necessaria,
529 3952 586 4017 scd
601 3952 777 4016 verisimilis
793 3951 908 4016 saltem
931 3955 980 4012 est
1003 3948 1150 4014 collectio
1164 3949 1198 4014 in
1212 3952 1308 4015 tertia
1321 3948 1425 4031 figura
1479 4027 1484 4034 ⁵

106 4042 401 4124 argumentationis,
425 4041 635 4106 affirmatcria
657 4061 697 4104 er
718 4041 805 4124 puris
828 4037 1085 4122 particularibus.

197 4131 414 4212 Analogia.
449 4129 569 4210 Cogita
592 4150 667 4194 num
689 4130 723 4193 in
742 4129 826 4211 globi
841 4126 971 4210 quidem
993 4127 1162 4208 segmentis
1178 4147 1301 4210 semper
1315 4123 1423 4189 valeat

108 4219 274 4302 proportio
298 4239 450 4284 concrum
471 4217 706 4300 inscriptorum,
729 4218 762 4282 in
789 4215 987 4300 sphaeroidis
1013 4235 1089 4281 vero
1107 4218 1176 4301 jam
1198 4216 1268 4279 coni
1288 4213 1343 4292 illi,
1365 4215 1423 4295 qui

107 4309 278 4390 genuinam
300 4306 420 4371 habent
442 4307 681 4390 proportionem
703 4306 876 4371 solidorum
894 4303 989 4388 (puta
1009 4303 1061 4368 hic
1082 4304 1177 4388 pruni
1198 4301 1239 4366 ed
1260 4302 1420 4385 sphaeroi-

108 4397 157 4462 dis
179 4397 253 4478 lati,
281 4401 338 4462 aut
359 4395 461 4460 olivae
488 4396 531 4460 ed
557 4396 643 4478 longi
671 4391 881 4478 segmentum)
913 4393 994 4458 alter
1020 4393 1182 4470 verticem,
1207 4389 1288 4454 alter
1310 4388 1422 4454 baseos

108 4489 288 4552 extremum
310 4505 409 4566 supra
430 4485 577 4550 verticem
610 4485 728 4568 ellipsis
749 4483 925 4567 proferant,
947 4483 1031 4546 intra
1051 4481 1282 4559 contingentem
1298 4484 1420 4558 temen3

107 4575 140 4640 in
169 4574 355 4659 parabolice
386 4573 517 4638 conoide
545 4573 625 4640 haec
652 4575 724 4658 ipse
754 4573 937 4653 contingens
967 4577 1054 4636 creet
1083 4588 1178 4634 conos
1207 4567 1421 4650 proportionis

108 4666 284 4746 quaesitae,
307 4663 352 4726 sic
374 4669 411 4726 ut
433 4661 571 4728 altitudo
594 4663 663 4728 coni
685 4662 778 4727 nnius
800 4662 853 4726 sit·
868 4659 1008 4744 praecise
1030 4657 1131 4742 dupla
1150 4655 1328 4721 altitudinis
1349 4675 1418 4736 seg·

107 4756 206 4822 menti
227 4751 385 4831 concidis5
407 4749 441 4816 in
463 4753 594 4819 conoide
608 4752 745 4836 denique
766 4749 1087 4834 hyperbolicovertex
1110 4750 1143 4810 et
1164 4744 1250 4812 basis
1271 4764 1420 4812 cenorum
