3412 5538
661 309 1050 377 Gmcuclopledrascorumetc.
1467 288 1527 360 141

162 445 366 528 Artaxerxe,
384 471 468 534 quae
482 452 533 516 hic
547 459 630 516 recte
646 453 765 536 quidem
781 461 967 534 exteruntur,
982 463 1016 520 at
1031 473 1123 538 supra
1137 473 1198 518 non
1213 462 1298 518 recte
1312 455 1344 519 in
1358 456 1458 519 locum
1472 475 1532 520 uon

165 557 252 602 suum
268 539 313 603 ab
329 541 406 622 ipso
423 550 514 606 erent
527 543 672 624 reposita,
686 551 848 627 postquam
863 544 957 608 etiam
970 565 999 608 v.
1009 545 1051 609 24
1067 543 1234 626 subjunxit:
1252 543 1318 626 jem
1332 545 1434 627 pergit
1448 546 1530 609 ulto·

168 628 231 694 rius
247 629 465 694 describendo
482 632 574 694 etiam
589 632 612 694 I.
629 631 659 694 b.
675 633 877 697 destructura
892 635 1012 716 templi,
1027 654 1088 698 non
1102 635 1306 717 perpendens,
1322 653 1355 698 se
1373 636 1409 698 de
1426 636 1532 698 eodem

171 738 248 782 anuo
263 719 362 783 Darii
372 720 441 801 jam
457 727 549 785 antec
564 722 732 803 scripsisse,
749 731 803 786 eut
824 743 883 787 non
904 724 1106 806 perspiciens,
1129 725 1277 807 quomodo
1299 731 1389 806 geste
1402 724 1530 799 Jcscim,

172 831 192 872 a
211 809 329 890 sejam
345 818 599 888 commemorata,
621 830 697 894 quse
711 812 736 875 I.
750 811 824 876 Esd.
839 813 999 889 omiserat,
1022 833 1089 877 cum
1103 815 1162 878 hec
1178 821 1332 878 structure
1352 813 1457 896 templi
1473 814 1529 878 sub

172 899 269 964 Dario
287 900 510 965 coincidsrent

260 989 326 1052 Est
342 989 438 1054 etiam
452 989 534 1054 mals
547 988 710 1056 translatio
719 991 891 1056 Hebraismi
905 991 936 1055 iu
946 991 1098 1058 Grsecsm
1111 992 1255 1074 linguam,
1270 994 1412 1075 quasole
1427 998 1532 1056 exstat

177 1079 232 1144 IlL
246 1077 382 1143 Esdrae.
427 1081 509 1144 Nem
523 1099 578 1163 pro
595 1099 647 1156 eo,
669 1082 748 1162 quod
769 1081 839 1158 it,
854 1102 882 1144 v.
898 1083 949 1145 24.
970 1083 1014 1146 sic
1035 1083 1260 1164 scriptumest:
1287 1081 1394 1164 „Opus
1408 1081 1533 1146 Domini

177 1189 239 1233 non
255 1171 355 1232 liebat
369 1189 465 1252 usque
482 1169 522 1234 ad
537 1189 648 1234 annum
664 1171 828 1236 secuudum
841 1171 930 1235 Darii
944 1171 1064 1254 regis“,
1085 1173 1258 1254 rhapsodus
1270 1172 1326 1236 m
1341 1171 1371 1234 5.
1386 1191 1414 1234 v.
1430 1171 1472 1235 86
1489 1173 1533 1235 sic

179 1259 320 1340 scripsit:
347 1267 587 1341 „protraxerunt
602 1267 787 1324 structuram
801 1279 857 1342 per
869 1261 1022 1324 biennium
1036 1279 1130 1345 usque
1146 1261 1282 1326 adDarii
1298 1260 1442 1342 regnum“
1459 1280 1532 1342 per-

178 1367 294 1431 peram
326 1347 405 1414 Cum
423 1349 517 1431 igitur
537 1350 708 1430 rhapsodus
730 1341 788 1413 hoc
809 1357 901 1432 pacto
924 1369 958 1414 se
980 1351 1078 1434 ipsum
1099 1349 1299 1433 implicuisset
1320 1359 1352 1413 et
1373 1352 1532 1414 occasione

177 1439 298 1503 reditus
314 1439 440 1502 secundi
456 1439 511 1502 sub
520 1439 658 1502 Joecimo
675 1440 818 1522 delapsus
834 1449 919 1504 esset
932 1441 965 1504 in
979 1441 1110 1504 reditum
1118 1442 1246 1524 primum
1262 1440 1317 1504 sub
1328 1439 1532 1504 Zorcbabele:

178 1537 291 1610 postea
307 1527 494 1610 subjungens
510 1529 603 1592 etiem
619 1536 804 1592 structuram
818 1530 924 1612 templi
940 1530 1026 1612 quasi
1040 1531 1144 1593 multis
1165 1531 1253 1594 cunis
1267 1536 1340 1613 post
1353 1530 1533 1605 Joecimum,

177 1618 243 1701 ipse
260 1617 399 1700 quidem,
422 1618 489 1700 quis
504 1619 579 1682 ordo
594 1626 767 1700 temporum
778 1627 871 1695 esset,
885 1620 1064 1702 perspicere
1073 1621 1206 1684 fortasse
1227 1638 1330 1683 secum
1343 1617 1410 1702 ipso
1425 1619 1533 1682 melius

177 1707 291 1790 potnit,
307 1715 343 1770 at
358 1707 486 1772 confusa
499 1708 558 1772 hec
572 1708 825 1789 transscriptione
841 1709 915 1772 iecit
923 1709 1107 1792 imprudens,
1121 1716 1157 1772 ut
1171 1711 1270 1774 lector
1284 1709 1460 1772 confusione
1474 1709 1533 1772 lrac
1657 1699 1662 1710 '

179 1796 379 1862 historiarum
394 1797 541 1880 deceptus
562 1817 618 1880 pro
633 1817 693 1862 uno
708 1799 804 1874 Dario
827 1798 902 1862 duos
925 1799 983 1863 sibi
997 1799 1158 1882 imaginari
1179 1799 1295 1882 possit,
1317 1800 1445 1862 credens
1460 1814 1533 1881 per-

179 1905 302 1969 peram,
325 1886 381 1950 sub
404 1887 499 1969 priori
518 1887 618 1970 aliquo
633 1888 730 1952 Dario
744 1888 921 1952 Joacimum·
934 1889 1078 1966 rediisse,
1101 1888 1156 1952 sub
1179 1890 1239 1952 alio
1261 1906 1334 1951 vero
1350 1889 1533 1952 succedente

179 1977 328 2059 templum
343 1977 536 2040 sedfimnm
547 1996 629 2040 esse.

266 2067 310 2130 A.
326 2065 384 2131 ch.
399 2061 480 2144 4⁷93
510 2066 641 2130 Reditus
656 2065 714 2132 ce:
743 2068 919 2132 Herodotus
935 2068 994 2145 ait,
1015 2067 1121 2132 Xerxe
1142 2065 1353 2148 proficiscente
1376 2063 1534 2141 Sardibus,

179 2153 286 2221 Solem
300 2157 333 2220 in
350 2157 435 2220 coelo
452 2156 524 2220 sede
539 2157 648 2220 relicte
663 2175 810 2239 apparere
827 2157 970 2234 desiisse,
993 2172 1060 2222 cum
1074 2157 1176 2222 nullas
1191 2156 1302 2233 nubes,
1321 2173 1427 2220 verum
1447 2175 1533 2218 sere-

179 2247 325 2310 nissimus
348 2253 403 2310 atr
426 2253 524 2322 esset,
547 2253 580 2309 et
594 2265 649 2329 pro
665 2247 713 2310 die
735 2255 856 2310 noctem
871 2247 1038 2310 exstitisse.
1074 2249 1205 2311 Frustra
1226 2265 1265 2308 ex
1286 2244 1434 2327 superiori
1455 2264 1533 2308 anno

180 2336 372 2417 depromitur
394 2335 516 2418 eclipsis
538 2336 591 2398 uix
609 2336 701 2400 trium
716 2335 879 2416 digitorum
893 2336 1046 2400 matutina
1067 2336 1242 2400 admodum:
1266 2334 1350 2399 nulle
1370 2334 1463 2397 etiam
1479 2353 1533 2397 oc-

178 2427 275 2490 currit
290 2426 351 2488 hoc
366 2445 464 2501 auno,
487 2433 521 2489 at
536 2427 627 2488 offert
641 2445 675 2488 se
690 2431 751 2501 una
765 2426 872 2488 totalis
889 2445 927 2488 ex
942 2445 1022 2488 enno
1038 2425 1186 2508 sequenti.
1229 2423 1297 2505 Ego
1313 2432 1417 2486 tamen
1431 2423 1534 2503 potius

179 2515 379 2590 crediderim,
400 2515 434 2577 in
455 2533 491 2577 eo
514 2533 634 2578 errasse
649 2515 854 2591 Herodotum,
876 2515 956 2597 quod
972 2515 1182 2578 accommodet
1195 2513 1254 2578 hoc
1268 2519 1446 2596 portentum
1459 2532 1533 2595 pro·

179 2604 307 2668 fectioni
323 2604 440 2668 Xerxis
457 2601 604 2667 Sardibus
625 2604 770 2687 Abydum
791 2623 925 2680 versum,
948 2621 1015 2668 cum
1039 2607 1188 2685 congruat
1212 2621 1249 2664 ea
1272 2603 1375 2684 potius
1400 2601 1534 2683 ejusdem

179 2693 292 2757 reditui
313 2693 429 2775 Abydo
453 2691 567 2756 Sardes
574 2712 583 2768 3
606 2689 724 2774 potius,
745 2693 883 2778 inquam,
902 2693 962 2756 hoc
985 2693 1178 2769 crediderim,
1200 2710 1289 2775 quem
1311 2699 1347 2754 ut
1362 2691 1535 2767 concedam,

179 2783 370 2846 Herodotum
390 2789 459 2846 toto
481 2781 611 2858 biennio,
634 2791 754 2846 ceteros
770 2803 829 2848 uno
845 2804 925 2847 enno
939 2783 1065 2846 luxasse
1080 2781 1239 2846 historiam
1255 2781 1405 2844 transitus
1418 2780 1534 2846 Xerxis

183 2873 498 2954 imnigeretissimam
523 2881 577 2936 snt
600 2873 751 2949 dicamus,
772 2874 941 2955 prodigium
963 2873 1113 2937 accidisse
1136 2871 1418 2936 extraordinarium
1454 2871 1535 2934 Nem

181 2972 260 3026 certe
276 2981 358 3027 euno
374 2961 518 3044 sequenti
532 2963 707 3026 Herodotus
722 2963 788 3045 ipse
803 2963 1011 3026 testimonium
1026 2963 1086 3026 fert
1101 2962 1190 3025 abcui
1206 2962 1321 3043 eclipsi,
1336 2979 1403 3024 cunr
1419 2967 1535 3023 certum

178 3053 218 3116 sit
231 3073 271 3118 ex
285 3051 495 3128 astronomia,
509 3071 569 3116 uon
583 3053 721 3135 potuisse
737 3053 925 3116 2oontinuos
941 3071 1038 3116 annos
1053 3053 1171 3118 duabus
1186 3051 1356 3132 insignibus
1372 3049 1535 3131 eclipsibus

173 3143 317 3230 insigniri.

505 3389 647 3475 Eclipsis
662 3389 750 3458 Solia
764 3413 848 3458 occo
863 3399 935 3456 onte
952 3387 1114 3456 Obnbbsm
1127 3383 1208 3454 478.

182 3567 305 3768 &pm
319 3637 422 3694 aueo.
438 3639 480 3692 ιι.
511 3638 536 3692 s.
567 3640 592 3694 s.
624 3640 705 3694 cco.
729 3632 923 3694 7.10.sc.4t.
995 3566 1123 3764 ἔξιᾜ.
1138 3640 1179 3691 14.
1210 3636 1235 3690 c.
1251 3637 1292 3688 ιι.
1316 3635 1416 3689 cecc
1430 3631 1512 3694 osb

988 3778 1068 3792 μ

186 3785 481 3928 {gratem
511 3799 704 3854 omlnes.
724 3801 754 3852 n
784 3801 921 3854 assu.
1016 3801 1059 3854 es.
1134 3795 1233 3851 eser.
1249 3797 1289 3850 19.
1333 3797 1358 3850 o.
1371 3797 1415 3849 es.
1428 3791 1473 3850 ar.

264 3946 305 4000 ιι

248 4008 1532 4098 mm

182 4107 311 4161 arnse
327 4107 369 4158 rs.
383 4105 484 4156 ss.44.
569 4103 594 4156 s.
610 4104 650 4156 12.
665 4104 707 4155 ss.
793 4105 931 4157 sense.
1008 4104 1067 4156 rso.
1082 4099 1124 4154 ιι.
1154 4104 1179 4155 c.

281 4193 481 4252 smum.
511 4193 537 4247 o.
567 4196 593 4246 s.
605 4195 649 4245 41.
662 4193 705 4246 ss
731 4195 756 4246 s.
787 4195 811 4247 1.
824 4191 866 4246 cr.
882 4189 922 4248 ιι.
1061 4187 1412 4248 roo.1s.2t.sc.so.s1.
1444 4189 1470 4243 o.

378 4279 704 4367 antsoss.
742 4280 775 4348 ri
822 4283 968 4359 etectp
1025 4277 1120 4336 scere.
1269 4277 1532 4345 (pereum

378 4372 483 4427 estc.
605 4373 648 4426 24.
662 4374 705 4425 so.
789 4374 812 4426 1.
826 4374 868 4427 so.
882 4373 971 4452 susp
1009 4367 1148 4454 Q
