3406 5542
445 375 451 382 .
580 331 718 402 cmm
740 333 942 390 ruscum
1369 319 1431 392 341

103 481 173 568 quod
185 479 391 564 conjecturam
404 485 541 546 nocuum
556 477 594 546 de
609 497 689 544 anno
704 475 822 546 Christi
835 478 980 567 natalitio
999 479 1071 546 inde
1092 479 1258 550 formatam
1279 485 1436 552 destruatr

102 590 185 657 quare
199 571 303 654 aequis
317 563 481 635 lectoribus
496 568 669 652 plenissime
685 569 880 654 satisfactum
893 576 976 652 puto.

181 659 324 742 Cognata
337 665 386 722 est
401 657 629 723 circumstantia
649 659 735 739 pacis
756 659 952 735 universalis,
978 659 1015 722 de
1039 678 1100 742 qna
1115 657 1183 724 'non
1206 661 1437 746 Evangeliatae,

102 749 149 816 sed
158 748 284 814 Orosius
300 747 415 830 aliquot
430 748 539 814 seculis
554 749 706 829 posterior
721 755 869 811 testatum
883 748 1006 830 reliquit
1021 749 1256 832 descriptionem
1271 753 1366 816 totius
1382 771 1436 817 or·

100 839 155 914 his,
170 838 224 902 sub
240 857 301 920 qua
317 835 457 902 Christus
472 843 572 912 natus,
588 838 702 900 factam
718 856 785 900 esse
801 845 882 912 tunc,
897 837 1016 920 quando
1031 838 1190 920 Augustus
1205 840 1277 904 Jani
1288 844 1438 923 templum

100 929 213 993 tertium
229 927 349 1003 clausit,
364 927 443 1008 quod
459 934 527 989 erat
540 927 681 990 indicium
697 927 884 991 sublatorum
898 926 1044 990 bellorum
1059 929 1203 992 emnium:
1221 937 1253 992 et
1268 930 1363 995 habet
1377 931 1437 996 hoc

98 1037 146 1100 per
160 1037 192 1082 se
205 1016 272 1082 veri
288 1017 427 1098 speciem,
442 1013 676 1097 descriptionem
690 1016 786 1080 totius
803 1015 885 1080 orbis
901 1015 991 1080 aliter
1005 1016 1070 1080 fieri
1085 1036 1145 1080 non
1160 1037 1261 1099 pesse,
1276 1020 1335 1084 nisi
1345 1021 1436 1084 altis-

98 1109 256 1187 simapaoe
271 1125 328 1188 per
343 1124 447 1168 omnes
460 1105 578 1186 imperii
592 1105 723 1168 Romani
736 1105 917 1186 provincias
1440 1165 1447 1178 ,

178 1193 313 1260 Constat
327 1193 471 1274 igiturex
486 1191 642 1269 Suetonio,
656 1194 767 1257 danum
783 1215 802 1256 a
817 1193 952 1258 Caesare
968 1199 1016 1257 ter
1032 1193 1183 1271 clausuru3
1200 1203 1340 1277 tempora
1355 1195 1437 1260 Dion

97 1285 212 1360 indicat,
226 1285 354 1366 primum
370 1303 449 1347 anno
467 1277 516 1346 17.
546 1284 678 1359 Juliano,
692 1283 785 1347 finitis
800 1283 889 1348 bellis
905 1283 1051 1358 civilibus,
1066 1285 1198 1348 secundo
1215 1305 1294 1348 anuo
1311 1286 1362 1348 21.
1377 1285 1436 1349 Ju-

95 1375 183 1448 liano,
205 1373 297 1437 victis
314 1370 491 1448 Cantabris,
514 1373 606 1436 tertio
622 1373 741 1454 quando
758 1373 871 1437 factum
893 1391 953 1436 non
969 1372 1026 1436 nisi
1048 1373 1230 1452 conjecturis
1253 1375 1436 1457 assequeris.

95 1465 252 1528 Decretum
268 1463 388 1544 quidem
403 1469 439 1524 ut
454 1462 661 1538 clauderetur,
677 1469 783 1526 narrat
797 1461 877 1526 Dion
894 1463 934 1524 ad
949 1481 1059 1524 annum
1073 1461 1130 1537 36,
1152 1482 1213 1527 ηοη
1230 1471 1333 1526 tamen
1350 1463 1436 1527 clau-

97 1571 154 1617 sum
169 1571 247 1614 esse.
293 1551 472 1626 Decretum,
488 1552 567 1634 qued
581 1550 633 1614 ille
650 1571 729 1614 anno
745 1552 806 1614 tria
821 1551 953 1614 maxima
967 1551 1049 1614 bella
1067 1559 1173 1616 essent
1187 1553 1335 1630 coniecta,
1350 1553 1435 1616 Pan-

96 1641 225 1704 nonicum
242 1647 279 1704 et
292 1640 498 1704 Dalmaticum
514 1660 654 1722 magnum
670 1649 818 1724 atroxque
842 1648 874 1703 et
888 1659 1033 1722 perquam
1054 1640 1184 1704 vicinum
1199 1641 1324 1717 Italiae,
1345 1663 1365 1704 a
1378 1643 1435 1706 Ti-

94 1731 170 1794 berie
186 1749 246 1792 non
263 1730 331 1794 sine
347 1730 542 1805 difficultate3
566 1728 779 1796 Germanicum
795 1751 814 1792 a
828 1729 946 1804 Druso,
961 1729 1074 1792 Tiberii
1088 1730 1199 1806 tratre,
1214 1731 1326 1795 bellum
1341 1750 1435 1813 grave

96 1819 257 1884 delectione
275 1817 460 1883 Germaniae
475 1818 641 1895 interioris,
666 1827 699 1882 et
721 1820 807 1883 clade
831 1842 850 1882 a
870 1819 913 1882 M.
927 1817 1027 1882 Lollio
1043 1825 1187 1900 accepta,
1212 1820 1293 1885 tanti
1315 1821 1436 1903 quidem

95 1909 239 1984 momenti,
253 1917 291 1972 nt
309 1905 472 1972 Caesarem
488 1925 526 1972 ox
540 1909 614 1971 urhe
630 1907 746 1972 exciret
760 1907 792 1972 in
808 1907 942 1972 Gallias:
958 1908 1138 1972 Thracicum
1154 1909 1281 1991 denique
1297 1907 1365 1974 aL.
1380 1910 1436 1973 Pi-

94 2017 174 2074 sone,
190 1996 317 2061 domitis
331 1997 472 2078 gentibus
488 1996 691 2074 ferocissimis,
706 2015 764 2079 quo
779 1997 978 2061 Macedoniae
993 2016 1071 2078 pax,
1085 1997 1181 2062 Asiae
1198 1999 1348 2063 securitas
1362 1999 1435 2062 red-

94 2088 159 2150 dita
204 2084 277 2159 Qua
292 2086 440 2150 felicitate
456 2085 555 2150 elatus
572 2085 689 2151 Caesar
705 2087 797 2150 etiam
812 2085 1025 2169 descriptionis
1045 2105 1137 2168 snpra
1158 2089 1316 2170 expositae
1332 2089 1435 2151 oonsi-

94 2177 159 2240 lium
172 2177 263 2258 oepit.
312 2176 381 2239 Non
398 2175 517 2240 clausus
532 2194 605 2239 vero
620 2176 732 2252 Janus,
753 2176 832 2259 quod
847 2176 944 2238 hieme
960 2175 1147 2240 adventante
1162 2177 1242 2240 Deci
1257 2177 1438 2240 transierint

93 2267 194 2330 lstmm
208 2265 311 2347 glacie
319 2263 509 2340 concretum,
524 2264 687 2328 Dalmatae
697 2285 751 2346 per
762 2266 938 2329 exactiones
948 2266 1123 2346 exasperati
1134 2266 1310 2340 defecerint,
1325 2263 1434 2330 Celtae

94 2362 121 2420 et
135 2354 239 2420 Chatti
253 2353 426 2418 Sicambris
441 2352 594 2434 conjuncti
608 2354 741 2418 Drusum
756 2373 868 2418 verare
885 2354 1048 2435 coeperint
1094 2352 1170 2418 Cum
1184 2355 1277 2436 igitur
1292 2354 1352 2417 hac
1366 2351 1434 2418 vice

92 2445 180 2508 lanus
194 2463 255 2508 non
272 2441 366 2508 fuerit
381 2443 517 2517 clausus,
538 2444 700 2508 verisimile
715 2451 807 2526 putat
821 2442 970 2526 Snelyga,
997 2449 1109 2524 postea
1137 2444 1217 2506 inter
1246 2463 1358 2506 annum
1379 2443 1432 2510 40..

93 2541 121 2598 et
138 2533 187 2598 44.
206 2527 365 2597 lulianum
387 2532 518 2596 clausum
544 2532 653 2608 fuisse,
674 2534 753 2614 quod
773 2531 1086 2615 tempustrausiliunt
1099 2533 1181 2596 Dion
1195 2540 1229 2596 et
1242 2532 1433 2607 Paterculue,

93 2623 154 2704 quia
173 2622 359 2686 intermedio
380 2629 529 2703 tempore,
553 2623 663 2703 quippe
687 2621 753 2684 alta
773 2641 866 2704 pace,
887 2621 961 2684 nihil
983 2629 1153 2686 memoratu
1175 2622 1297 2702 dignum
1317 2621 1434 2686 incidit.

90 2711 150 2775 Dtsi
163 2713 307 2776 lacunam
322 2711 353 2774 in
368 2711 466 2774 Dione
482 2711 572 2774 fateri
588 2711 676 2774 malo.
723 2709 937 2791 Coujecturam
953 2730 1038 2774 suam
1054 2709 1188 2792 Soslyga
1203 2711 1319 2786 firmat,
1339 2729 1433 2792 argu-

91 2810 182 2866 ncnto
199 2802 294 2864 ducto
312 2801 350 2864 ab
365 2800 560 2881 inscriptione
575 2801 714 2882 quadam,
730 2799 814 2882 cnjus
829 2800 945 2863 Plinius
961 2799 1011 2863 lib.
1027 2799 1056 2864 3.
1073 2796 1108 2862 C.
1124 2800 1339 2874 tumemus,
1355 2818 1433 2881 quae

87 2891 192 2972 jactat,
213 2896 324 2974 gentse
344 2909 447 2952 omues
467 2908 491 2951 η
510 2907 623 2972 euporo
637 2889 723 2953 mord
737 2891 782 2953 cd
796 2891 933 2972 inferrem
947 2889 1003 2952 eccl>
1016 2895 1198 2971 potestatem
1213 2889 1328 2972 populi
1340 2889 1434 2958 Rom

90 2981 236 3054 redootca,
253 2979 442 3044 memoras
453 2979 618 3060 potestatis
629 2978 779 3043 Cceecav'a
786 2977 928 3043 XVIII.
945 2987 978 3042 ut
993 2979 1069 3059 legit
1084 2977 1227 3062 Suslyga,
1244 2987 1277 3040 et
1291 2979 1336 3040 sic
1352 2995 1432 3040 anno

41 3099 51 3126 t
89 3069 200 3133 Juliarm
214 3069 269 3134 41.
303 3068 350 3131 At
363 3068 611 3150 genteaAlpiuae
628 3069 767 3132 devium
783 3075 855 3132 sunt
868 3067 929 3131 Jul.
944 3068 996 3131 30.
1012 3068 1064 3132 31.
1079 3068 1131 3144 32,
1146 3075 1181 3132 ut
1196 3087 1235 3130 ea
1242 3067 1342 3130 Dione
1356 3085 1432 3130 con-

91 3166 154 3222 stat
196 3158 240 3222 Et
254 3157 375 3221 Plinius
390 3175 451 3220 non
464 3165 603 3222 numerat
618 3176 714 3222 annos
730 3157 905 3221 tribunitiae
920 3157 1102 3238 potestatis,
1119 3156 1174 3219 sed
1187 3164 1340 3231 numerat,
1356 3175 1433 3238 quo-

90 3248 141 3310 ties
151 3247 268 3313 Caesar
278 3247 445 3328 imperator
460 3247 557 3310 dictus
573 3249 615 3311 sit
630 3248 669 3310 ab
685 3247 830 3322 exercitu,
845 3264 902 3309 nee
916 3246 1012 3311 hebet
1026 3245 1146 3310 XVIII.
1161 3246 1217 3309 sed
1230 3244 1319 3309 XIV.
1335 3244 1389 3308 Sic
1404 3264 1433 3308 m

89 3337 163 3420 lego:
181 3339 298 3420 torpor:
315 3334 417 3400 XIV.
434 3337 503 3399 tn'h
516 3343 583 3418 pot
602 3336 781 3419 (Jaccaavc
795 3337 952 3410 insuam
969 3334 1122 3412 aupaci,
1136 3355 1247 3398 nomeu
1260 3335 1432 3416 imperato-

88 3427 130 3490 rie
141 3427 234 3492 amuel
248 3434 345 3508 atquc
360 3423 453 3489 hides
463 3433 601 3508 portant
620 3425 723 3490 Tacit
738 3426 821 3490 Arsa
831 3419 878 3504 1.)
904 3424 1126 3504 Argumentum
1140 3423 1233 3504 igitur
1247 3423 1306 3486 hoo
1321 3423 1435 3487 nullum

90 3523 132 3580 est
146 3525 176 3580 et
191 3515 374 3598 conjectura
389 3513 539 3597 Suslygae
555 3535 587 3578 se
603 3515 671 3597 ipsa
686 3515 808 3578 nititur:
832 3533 888 3576 nec
909 3513 990 3579 enim
1005 3511 1109 3588 video,
1132 3531 1185 3575 cur
1199 3512 1310 3575 Janum
1331 3511 1431 3576 claudi

90 3605 250 3686 oportuerit
265 3603 349 3670 bello
364 3621 424 3668 uno
442 3605 554 3686 Alpino
571 3605 722 3668 confecto:
746 3597 992 3685 poterant'enim
1013 3609 1132 3666 restare
1149 3601 1211 3666 alia
1226 3600 1295 3664 aliis
1309 3601 1341 3665 in
1354 3619 1429 3682 pro-

89 3713 194 3760 uncus.

167 3785 287 3848 Restat
305 3779 448 3864 Orosius,
471 3781 520 3864 qui
542 3781 642 3844 tertio
656 3779 778 3844 clausas
792 3779 864 3844 Jani
879 3786 987 3862 portas
1003 3797 1082 3842 anno
1096 3778 1149 3843 42.
1164 3779 1282 3861 imperii
1297 3776 1432 3860 Augusti

89 3881 244 3951 memorat,
269 3891 350 3954 quae
372 3891 412 3934 ex
433 3890 469 3935 eo
490 3889 546 3952 per
568 3869 725 3934 duodecim
745 3871 919 3932 fercannus
936 3868 1435 3950 quietissimoeemperobseratas

90 3964 145 4026 otio
159 3965 229 4046 ipsa
244 3963 344 4027 etiam
358 3960 464 4042 rubigo
481 3957 719 4040 consignaverit,
741 3959 825 4040 cujus
842 3957 984 4022 affirmati
1000 3957 1062 4033 vis,
1083 3957 1158 4020 tides
1174 3965 1208 4020 et
1222 3956 1391 4021 auctoritas
1407 3955 1434 4020 si

89 4053 282 4134 expendatur,
299 4050 467 4132 apparebit,
482 4047 543 4112 non
557 4049 660 4130 magni
674 4048 818 4112 momenti
833 4039 1042 4128 argumentum
1057 4066 1114 4110 nec
1123 4047 1289 4110 hincnasci
1298 4047 1433 4128 adeoque

89 4143 179 4206 omitti
193 4159 301 4225 posse.
346 4139 478 4204 Primum
502 4145 627 4202 constat
649 4157 728 4201 anno
751 4133 1139 4208 honestamentum
1158 4137 1275 4200 Varum
1297 4154 1363 4198 cum
1385 4134 1433 4196 lc-

90 4231 220 4310 gicnibus
237 4231 375 4294 deletum
389 4229 421 4292 in
437 4227 617 4303 Germanio;
641 4247 735 4311 usque
755 4227 795 4290 ad
810 4226 889 4290 hunc
904 4226 996 4306 igitur
1011 4231 1154 4290 eventurn
1168 4224 1296 4292 Orosius
1312 4225 1434 4288 clausas

89 4319 152 4384 belli
165 4328 278 4403 portas
294 4337 351 4400 per
367 4319 540 4382 annectere
558 4317 599 4380 12
614 4325 647 4382 ct
661 4335 739 4380 nunc
755 4317 872 4380 demum
887 4322 1011 4398 apertas
1027 4315 1167 4378 affirmat.
1198 4314 1342 4398 Sequitur
1351 4331 1434 4394 ergo,

90 4409 111 4470 si
130 4409 278 4475 inclusive
298 4407 517 4484 numeraverit,
544 4407 663 4472 clausas
682 4405 835 4489 perhiberi
848 4404 970 4469 Juliano
990 4403 1052 4480 43,
1073 4405 1124 4487 qui
1139 4411 1207 4468 eret
1221 4403 1355 4485 Augusti
1371 4402 1433 4477 42,

90 4515 168 4581 qoem
190 4517 307 4564 annum
328 4498 422 4560 etiam
440 4497 523 4578 prius
543 4495 664 4560 dixerat
684 4503 717 4558 et
737 4494 830 4577 priori
844 4495 947 4570 initio,
967 4511 1024 4576 quo
1048 4512 1126 4558 anno
1151 4491 1306 4556 Christum
1328 4498 1434 4556 natum

91 4590 179 4652 sentit
193 4587 336 4654 Orosius.
380 4585 469 4650 Licet
484 4587 656 4662 credamus,
679 4583 821 4650 Oresium
836 4585 923 4666 plura
945 4582 982 4645 de
1003 4602 1082 4646 anno
1105 4582 1157 4645 43.
1178 4580 1300 4644 Juliano
1323 4599 1433 4645 monu-

90 4687 187 4742 menta
210 4677 347 4752 vidisse,
371 4695 447 4758 quae
471 4674 560 4738 hodie
585 4695 645 4740 non
669 4679 831 4757 supersunt
853 4673 990 4756 amplius.
1034 4671 1123 4734 Licet
1139 4669 1232 4732 etiarn
1248 4669 1434 4734 contrarium

91 4771 289 4850 suspicemur,
313 4773 450 4829 secutum
471 4783 538 4826 esse
556 4766 684 4829 Patrum
705 4763 888 4846 exemplum,
910 4761 1030 4826 Irenaei
1051 4760 1190 4824 nimirum
1209 4765 1242 4820 et
1255 4757 1381 4821 Eusebii
1401 4757 1432 4820 in

90 4855 303 4941 componendis
326 4863 358 4918 et
380 4855 595 4918 coacervandis
616 4852 888 4919 diversissimorum
908 4860 1078 4934 temporum
1100 4846 1253 4912 miraculis
1278 4845 1318 4914 ad
1340 4865 1432 4914 uuam
