3412 5538
264 289 307 360 96
664 309 784 372 ,uram
795 311 900 376 Koplari
912 310 1179 376 numquamne».

263 455 384 536 placet,
406 472 523 535 paucos
544 473 663 516 menses
685 453 826 534 politicos
849 454 1028 518 coincidisse
1050 473 1117 518 oum
1140 453 1330 516 coelestibus.
1374 454 1425 518 De
1447 474 1484 516 ea
1508 461 1600 516 tamen

263 544 344 606 infra
357 543 454 623 plura.
470 577 514 588 -
539 538 711 623 12)(11111
731 562 804 605 vero
820 547 1000 621 1111111111
1022 563 1060 606 ex
1079 543 1244 607 Plutarcho
1266 543 1359 616 citas,
1381 543 1601 606 Botdromionis

263 655 380 711 πεμπτῃ
404 637 574 712 perronae,
589 633 705 695 victore
722 627 857 696 Chabria
875 633 914 694 ad
923 633 1052 708 Naxum,
1069 633 1214 715 quemvis,
1230 632 1310 712 quod
1323 632 1394 695 inde
1409 632 1530 712 probas,
1544 632 1602 711 ipse

265 740 326 784 non
351 740 445 802 nego,
473 722 563 783 velim
585 729 688 784 tamen
710 722 742 784 in
767 723 927 785 emendato
951 722 1116 784 Plutarcho
1140 729 1322 801 contextum
1342 721 1488 802 requiras.
1532 722 1603 783 Nam

263 811 341 874 illud
356 811 387 874 11
403 813 589 896 neccoloco,
612 811 781 891 sejunctum
796 831 814 872 a
830 810 982 875 Chabriae
997 811 1141 886 victoria,
1163 829 1274 872 novum
1289 810 1465 891 auspicatur
1480 829 1602 883 comma;

264 901 448 980 videturque
471 900 549 961 diem
571 900 684 961 mensis
705 900 832 979 politica
854 901 1097 964 denominatione
1127 901 1263 980 signare,
1292 919 1352 962 non
1374 899 1453 962 diem
1469 899 1602 961 coelestis

264 989 419 1053 novilunii.
434 1021 479 1034 ·-
506 981 562 1069 13)
588 988 780 1070 Thucydides
796 1008 914 1052 rursum
936 989 969 1050 id
993 989 1083 1064 dicit,
1107 990 1187 1070 quod
1211 997 1337 1070 uterque
1363 989 1528 1070 sequimur:
1551 1007 1600 1050 non

264 1097 368 1141 omnes
384 1100 538 1156 νοομηιιας
554 1078 695 1157 politicas
710 1077 742 1140 in
757 1081 928 1156 oslquaaao
944 1079 1146 1158 competiisse.
1161 1112 1205 1122 —
1224 1073 1279 1159 14)
1295 1079 1429 1140 Metonis
1444 1077 1601 1158 principale

262 1167 444 1230 novilunium
460 1185 498 1229 ex
513 1167 641 1229 Diodori
656 1167 767 1230 indicio
784 1168 891 1230 eadem
905 1168 1024 1231 ratione
1040 1175 1136 1229 tueor.
1172 1167 1295 1230 Etenim
1314 1167 1401 1230 annis
1423 1165 1509 1230 OLH
1524 1167 1600 1228 nori-

261 1257 344 1318 lunia
359 1255 435 1319 coeli
449 1275 504 1337 per
520 1275 624 1318 omnes
640 1256 705 1318 dies
721 1258 833 1319 mensis
848 1256 965 1336 politici
981 1256 1137 1319 ambulant
1152 1257 1191 1318 ob
1208 1256 1359 1318 defectum
1374 1257 1508 1337 periodi:
1525 1256 1601 1318 aunis

261 1345 304 1411 38
320 1364 437 1408 rursum
453 1345 554 1426 aliqua
569 1345 722 1408 novilunia
736 1346 767 1409 in
784 1345 1077 1421 Calendisueniunt,
1093 1345 1163 1427 quia
1177 1365 1238 1408 una
1253 1345 1370 1426 quadra
1384 1344 1550 1408 intercidit
1564 1377 1601 1388 -

264 1429 319 1514 11)
335 1436 406 1497 Jam
420 1452 476 1514 per
491 1453 595 1496 omnes
611 1454 708 1498 annos
724 1435 921 1498 octatteridis
937 1436 1096 1498 confirmat
1117 1442 1149 1496 11
1167 1435 1344 1497 manuducit
1363 1453 1463 1497 meam
1484 1435 1601 1496 forman

261 1524 331 1586 anni
346 1524 446 1587 Attici
469 1525 638 1604 exemplum
653 1524 852 1588 ordinationis
867 1524 1025 1586 Romanae
1047 1543 1101 1606 per
1117 1525 1247 1586 Numam
1270 1523 1481 1598 introductae;
1505 1524 1602 1604 inqua

262 1613 352 1693 plane
367 1613 445 1676 haec
460 1613 571 1686 torma,
594 1613 652 1675 nisi
668 1613 747 1694 quod
769 1633 808 1675 ex
827 1613 1036 1693 dogmatibus,
1059 1631 1136 1694 quae
1158 1621 1268 1693 postea
1283 1613 1496 1694 Pythagorica
1518 1612 1600 1686 dicta,

259 1701 368 1782 impari
384 1721 506 1764 numero
522 1701 670 1764 tributum
685 1703 739 1764 ais.
776 1702 874 1782 Hujus
891 1702 1060 1782 argumenti
1076 1721 1187 1782 magna
1202 1703 1250 1764 vis
1266 1710 1323 1764 est
1360 1703 1461 1764 Numa
1477 1702 1600 1781 Magnae

261 1789 411 1854 Graeciae
427 1791 506 1854 hunc
527 1809 642 1853 morem
663 1791 756 1854 luisse
780 1791 857 1854 satis
881 1792 982 1872 arguit
1004 1799 1124 1854 centum
1146 1791 1234 1854 annis
1257 1798 1329 1853 ante
1344 1791 1555 1872 Pythagoram
1574 1797 1601 1850 et

261 1880 414 1943 Solonem.
445 1878 574 1942 Omnino
589 1880 682 1959 igitur
698 1888 948 1956 consentaneum,
965 1882 1105 1955 tonnam,
1125 1899 1203 1961 quae
1218 1880 1368 1942 Herodoti
1384 1887 1491 1942 aetate
1509 1880 1601 1942 iuitin

261 1967 394 2032 Graecia
416 1975 448 2031 et
468 1988 544 2050 quae
560 1970 677 2031 Numae
694 1976 798 2031 aetate
821 1969 975 2045 initalia,
998 1969 1135 2032 ducentis
1158 1970 1246 2032 annis
1269 1976 1357 2044 ants,
1380 1971 1517 2048 proxime
1541 1987 1599 2030 esse

261 2059 397 2120 eandem.
412 2089 457 2102 -—
475 2053 531 2139 16)
546 2057 763 2138 Gonjectnram
779 2057 869 2120 aliam
885 2058 940 2121 tibi
951 2060 1134 2121 censendam
1143 2077 1288 2138 propono.
1313 2058 1599 2122 SiHecatombaeon

259 2156 332 2229 post
353 2147 518 2210 solstitium
539 2147 661 2226 incipit,
684 2155 756 2210 tnnc
777 2147 1008 2210 Botdromionis
1029 2143 1048 2226 ἡ
1069 2148 1148 2217 alano
1171 2147 1254 2210 cadit
1276 2147 1410 2227 proxime
1434 2146 1599 2210 autumnale

261 2237 491 2318 aequinoctium.
535 2236 685 2318 Equidem
706 2255 774 2298 cum
794 2237 977 2300 Plutarchus
999 2255 1132 2316 pugnam
1154 2237 1194 2300 ad
1216 2235 1408 2316 Gaugamela
1432 2257 1515 2300 anno
1538 2245 1599 2298 ante

261 2325 416 2391 Christum
431 2327 506 2389 331.
528 2327 623 2389 refert
637 2325 669 2388 iu
684 2347 814 2404 neuram
836 2331 995 2406 odrocnoc
1011 2326 1256 2406 Boqdpouomroa,
1272 2333 1304 2388 et
1319 2333 1390 2388 ante
1406 2326 1489 2388 huno
1505 2326 1600 2389 diebus

259 2415 397 2478 undecim
413 2415 539 2497 eclipsin
554 2415 676 2490 Lunae,
699 2433 775 2496 quae
797 2415 829 2478 in
850 2409 949 2499 23⁰7,
970 2415 1151 2488 1111111111
1176 2415 1424 2495 deprehenditur:
1448 2423 1524 2496 post
1544 2415 1599 2477 dics

258 2505 353 2587 igitur
368 2513 486 2587 septem
501 2503 556 2568 Sol
572 2505 657 2567 venit
678 2504 710 2566 in
726 2501 763 2567 0⁰
787 2515 834 2571 ss
849 2504 937 2586 deasq
961 2509 1129 2585 otiamur,
1146 2522 1222 2586 quae
1238 2525 1271 2584 cy
1289 2505 1381 2566 alneto
1395 2505 1518 2568 omnino
1534 2523 1598 2586 pro·

258 2596 349 2659 xima.
379 2594 478 2676 Igitur
500 2593 723 2676 aequinoctium
745 2594 810 2657 dies
824 2593 1049 2675 Mysteriorum.
1086 2595 1181 2656 Utere
1203 2594 1301 2656 forma
1322 2613 1390 2656 mea
1406 2595 1479 2656 anni
1495 2593 1598 2657 Attici:

259 2692 369 2747 exacto
385 2685 478 2765 igitur
494 2702 573 2746 anno
590 2689 708 2764 quarto,
725 2701 779 2745 seu
793 2683 913 2747 modulo
930 2683 1117 2766 quadriennii
1130 2682 1246 2746 Juliani
1262 2683 1377 2746 dierum
1395 2682 1478 2746 1461
1498 2678 1600 2762 111111

259 2793 377 2837 rursum
393 2773 518 2838 exhibet
533 2771 660 2835 eundem
676 2771 767 2834 situm
782 2771 865 2834 Solis
880 2773 911 2834 in
926 2773 1060 2848 zodiaco,
1081 2771 1302 2853 aequinoctium
1318 2791 1433 2852 nempe.
1479 2774 1601 2836 Faciunt

258 2863 426 2946 id'quidcm
441 2868 474 2923 et
487 2860 610 2924 biennia
625 2862 697 2935 lere,
713 2879 780 2923 cnm
796 2861 967 2924 differentia
983 2869 1086 2924 tamen
1100 2862 1188 2924 unius
1204 2861 1277 2936 diei,
1298 2861 1349 2943 qni
1365 2867 1437 2942 post
1451 2862 1600 2942 periodum

260 2970 407 3016 annorum
429 2958 560 3032 quatuor
582 2957 803 3030 compensatur.
849 2949 884 3014 Si
913 2970 985 3031 ergo
1008 2952 1239 3032 Boqdpopauooo
1264 2952 1356 3013 111111
1379 2951 1601 3034 quadriennalis

219 3101 224 3112 ,
259 3042 343 3104 furere
359 3039 520 3122 mysteria,
544 3039 675 3119 suspicio
692 3047 741 3102 est
757 3039 794 3101 de
810 3039 1002 3115 intercalari,
1023 3048 1058 3103 ut
1072 3039 1162 3120 hujus
1182 3041 1327 3102 memoria
1345 3039 1504 3120 religionis
1519 3040 1601 3103 fuerit

261 3150 364 3193 causa
408 3130 522 3192 Annon
543 3129 602 3190 hoc
620 3128 695 3190 illud
718 3147 875 3203 arcanum,
898 3129 978 3210 quod
992 3138 1112 3211 mystae
1136 3129 1257 3192 silentio
1273 3130 1503 3209 religiosissimo
1520 3137 1598 3210 tege-

258 3219 354 3283 bant?
397 3218 488 3281 Facit
509 3216 583 3292 huc,
605 3217 685 3298 quod
710 3219 861 3293 ostendis,
882 3217 1071 3282 Elidensium
1091 3218 1264 3298 Elaphiona
1286 3219 1367 3282 circa
1395 3218 1443 3282 19.
1465 3219 1599 3282 habuisse

258 3327 384 3370 vernum
400 3306 631 3388 aequinoctium.
675 3305 719 3368 Et
734 3307 782 3370 hic
799 3306 923 3388 subjicio
940 3309 997 3371 tibi
1012 3307 1162 3371 rationem
1184 3307 1298 3370 ordinis
1314 3307 1428 3370 dierum
1443 3329 1463 3370 a
1479 3327 1527 3372 me
1542 3307 1600 3372 sola

260 3397 430 3479 suspicione
447 3402 684 3478 conceptamqut
700 3397 737 3457 de
760 3415 797 3458 sa
814 3396 948 3476 judices:
972 3395 1210 3476 1111111111,
1226 3397 1315 3470 ciacc,
1330 3419 1488 3478 poonypca,
1504 3403 1598 3474 tanaro

259 3491 427 3566 11111111.
465 3485 509 3548 111
525 3507 543 3548 a
559 3503 688 3565 vespera
702 3507 751 3564 της
767 3485 883 3557 claudos·
904 3485 1074 3568 inciperent
1092 3485 1255 3568 mysteria,
1277 3488 1444 3550 succedens
1460 3488 1532 3550 dies
1551 3485 1597 3549 sub

259 3577 377 3640 nomine
392 3576 606 3658 mysteriorum
621 3575 775 3649 transiret,
790 3575 821 3637 in
837 3576 1021 3638 numerando
1037 3595 1109 3638 vero
1131 3574 1388 3651 dissimularetur,
1411 3585 1444 3638 11
1459 3577 1507 3640 111
1521 3584 1596 3640 uter·

258 3686 315 3748 que
334 3667 447 3729 mensis
461 3663 623 3746 ἐμβολιμος
643 3671 727 3728 11111
747 3663 861 3727 diemm
878 3667 928 3726 22.
956 3665 1036 3728 Erat
1050 3665 1170 3745 quidem
1184 3665 1366 3728 Botdromio
1382 3685 1437 3746 per
1452 3686 1488 3730 se
1505 3685 1597 3739 11111,

260 3757 331 3837 quia
351 3777 432 3835 τριτη
455 3751 616 3830 {maranno
639 3753 731 3816 solita
753 3762 802 3816 est
824 3754 937 3816 omitti:
968 3773 1029 3816 nou
1050 3754 1151 3834 potuit
1171 3754 1265 3835 igitur
1285 3748 1423 3832 ἡὸοκατη
1446 3761 1598 3836 odorando

259 3845 358 3908 omitti
381 3843 468 3906 simul
490 3851 523 3904 11
544 3843 680 3906 accessio
702 3843 763 3904 diei
782 3843 998 3924 Mysteriorum
1018 3843 1099 3907 inter
1120 3843 1222 3906 strato
1246 3850 1279 3905 et
1300 3848 1421 3922 benarno
1443 3851 1597 3924 1111111111

264 3952 479 4016 compensasse
502 3933 623 3994 videtur
655 3932 738 3996 illam
766 3932 969 3994 exemtionem
992 3951 1047 4010 τηςΙ
1066 3953 1178 4012 apiano,
1211 3941 1247 3994 ut
1271 3931 1315 3995 sic
1346 3951 1385 3994 ex
1413 3953 1491 3996 cavo
1520 3936 1597 3996 lieret

258 4025 374 4104 plenus.
397 4055 442 4068 -
466 4015 523 4103 17)
547 4023 664 4100 Magna
684 4021 757 4084 mihi
779 4023 814 4084 lit
842 4021 978 4084 accessio
1009 4023 1047 4085 ab
1069 4022 1312 4102 Harpocratione
1342 4029 1404 4084 tuo.
1450 4021 1512 4096 Qui
1539 4039 1597 4084 cum

257 4111 437 4195 Prytaniam
459 4111 597 4174 deliniret
618 4111 786 4191 promiscue
808 4110 850 4173 31
866 4111 916 4174 vel
931 4110 973 4173 36
989 4111 1116 4174 dierum:
1141 4119 1175 4172 tu
1197 4130 1321 4174 causam
1344 4110 1470 4174 alterius
1492 4109 1596 4176 numeri

258 4203 364 4276 affers,
387 4201 467 4283 quod
489 4201 582 4262 semel
603 4201 686 4262 intra
702 4219 798 4262 annos
815 4209 884 4262 octo
901 4199 1107 4280 contingeret,
1129 4199 1308 4282 Prytaniam
1329 4219 1388 4263 uno
1411 4201 1469 4264 die'
1483 4200 1594 4264 curtari

255 4293 334 4356 Dico
350 4291 416 4366 tibi,
432 4290 458 4353 si
473 4290 532 4352 hae
548 4290 614 4352 sola
628 4289 694 4352 vice
711 4295 798 4352 turta
813 4289 1014 4352 exhibebatur
1028 4289 1185 4370 Prytanis,
1200 4289 1252 4350 vix
1267 4288 1416 4352 rationem
1433 4289 1499 4370 ejus
1514 4289 1594 4355 habi-

257 4391 357 4446 turum
372 4381 465 4444 luisse
478 4379 761 4460 Harpocrationem.
791 4379 871 4445 Nam
887 4378 913 4440 11
928 4378 1009 4442 inter
1025 4386 1146 4442 centum
1154 4379 1320 4459 Prytauias
1336 4379 1485 4442 tricenum
1500 4397 1595 4443 senum

258 4471 374 4534 dierum
388 4489 450 4533 una
463 4469 588 4532 incedat
603 4468 751 4530 tricenum
767 4468 903 4549 quinum:
928 4469 1066 4549 equidem
1081 4467 1139 4549 qui,
1155 4467 1227 4548 quid
1242 4467 1284 4530 111
1298 4469 1455 4549 Prytanis,
1470 4469 1594 4533 breuiter

258 4563 325 4624 vult
340 4559 508 4641 explicare,
530 4559 651 4622 unicam
670 4557 753 4620 illam
775 4558 899 4623 brevem
917 4557 1068 4639 praeterit
1089 4565 1121 4618 et
1137 4557 1177 4620 ad
1191 4556 1341 4636 potiorem
1355 4558 1483 4640 respicit
1497 4575 1592 4622 nume-

257 4669 331 4712 rum.
375 4649 476 4729 Magis
491 4648 593 4730 itaque
608 4647 778 4723 verisimile,
794 4647 838 4710 sic
852 4646 1048 4727 interpretari
1062 4646 1169 4720 locum,
1184 4645 1362 4727 Prytaniam
1376 4655 1441 4710 tam
1456 4648 1499 4714 36
1515 4665 1593 4729 quam

260 4737 302 4800 31
317 4738 431 4803 habere
448 4737 530 4814 dies,
552 4737 602 4820 qni
625 4745 673 4800 est
688 4737 795 4800 modus
811 4736 883 4798 anni
897 4736 997 4800 Attici
1021 4755 1059 4799 ex
1073 4753 1142 4796 mea
1157 4735 1327 4810 sententia,
1350 4737 1468 4801 scilicet
1483 4738 1552 4811 sta,
1565 4736 1592 4796 in

260 4843 318 4906 quo
343 4836 414 4892 sunt
436 4835 546 4910 quator
571 4825 614 4892 36
639 4834 672 4890 et
696 4826 796 4916 sexies
821 4825 872 4890 31.
894 4858 939 4872 -
965 4819 1022 4908 18)
1046 4823 1124 4888 Pars
1156 4823 1228 4887 anni
1250 4825 1350 4889 Attici
1382 4835 1456 4891 ate
1481 4823 1592 4891 conficti
