3412 5538
248 320 310 390 162
720 337 826 402 Kepleri
838 337 921 396 studia
933 335 1114 401 chronologica

244 481 401 567 populeris
417 488 450 544 et
466 479 595 546 omnium
609 478 763 548 hominum
778 479 917 548 sensibus
933 478 1048 548 obviae.
1083 477 1206 545 Euhan
1222 476 1437 546 observatione
1452 483 1601 556 tanquam

118 603 124 624 ·
246 575 332 641 tonte
349 571 474 640 taudem
495 570 582 634 fluxit
604 569 744 635 doctrina
766 569 934 650 sphaerica.
971 566 1237 648 Contemplatores
1260 567 1339 634 enim
1353 573 1484 632 naturae
1500 581 1601 634 rerum

247 661 422 742 diligentius
438 660 616 722 institerunt
638 677 779 721 sensuum
795 656 974 731 subtilitati,
996 656 1195 738 respicientes
1211 657 1251 719 ad
1271 657 1393 720 umbras
1412 673 1516 721 rerum
1532 659 1601 716 sta·

245 752 350 818 bilium
364 749 556 822 meridianas,
571 767 632 829 qua
647 766 686 814 ex
701 748 873 812 attentione
889 747 1014 815 tandem
1028 746 1061 809 in
1072 745 1432 827 cognitionemuenemnt
1448 751 1601 831 certorum

247 842 378 917 dierum,
399 839 480 905 circa
502 856 577 918 quos
594 835 649 900 Sol
670 837 851 903 altissimum
865 838 896 902 in
911 837 1011 901 locum
1026 843 1111 902 esset
1126 836 1248 912 enixus,
1271 843 1325 900 aut
1346 834 1532 900 humillimus
1546 849 1602 913 per

247 929 403 994 meridiem
424 927 588 990 incederet.
626 923 726 996 Quam
741 927 781 990 ad
797 927 1040 990 observationem
1055 925 1172 1006 adjuvit
1186 925 1359 1008 Aegyptius
1380 925 1441 988 loci
1462 923 1508 986 sui
1525 941 1601 984 con-

249 1020 334 1086 ditio.
366 1016 442 1082 Cum
463 1016 543 1080 enim
562 1015 725 1098 Aegyptus
750 1017 792 1080 sit
807 1017 899 1096 plana
914 1016 1117 1096 tendatnrqne
1133 1015 1172 1078 ab
1188 1015 1241 1080 alt
1256 1015 1319 1096 poli
1333 1009 1394 1078 31⁰
1409 1032 1519 1078 versus
1534 1029 1601 1077 me-

246 1109 355 1192 ridiem
369 1123 463 1188 usque
478 1105 510 1172 in
526 1105 674 1187 Syenem,
696 1105 781 1186 cujus
797 1105 850 1168 alt.
865 1105 929 1187 poli
944 1113 995 1168 est
1009 1099 1069 1168 24⁰
1085 1110 1118 1167 et
1132 1103 1242 1170 minus:
1266 1104 1441 1186 pyramides
1460 1121 1517 1183 per
1533 1119 1603 1166 eam

247 1204 337 1260 erant
359 1202 480 1260 erectae
504 1194 675 1272 altitudinis
697 1195 852 1272 immanis,
874 1213 967 1276 quae,
990 1213 1057 1256 curn
1078 1192 1133 1258 Sol
1155 1201 1223 1258 erat
1246 1194 1427 1267 altissimus,
1449 1193 1482 1257 in
1498 1190 1601 1273 Syene

245 1286 368 1352 umbras
384 1305 457 1350 suas
471 1284 637 1358 vorabant,
659 1284 744 1366 putei
760 1283 895 1365 vicissim
909 1291 978 1347 toto
994 1284 1085 1348 fundo
1101 1282 1363 1359 illuminabantur,
1386 1291 1479 1364 atque
1498 1281 1532 1346 id
1546 1297 1602 1361 per

249 1375 290 1439 14
307 1376 372 1440 dies
388 1373 484 1436 nebat
500 1373 578 1436 citra
593 1373 754 1438 discrimen
770 1374 969 1448 observabile,
985 1394 1005 1436 a
1020 1393 1080 1455 qua
1100 1374 1194 1440 etiam
1209 1372 1411 1440 consistentia
1425 1372 1602 1436 umbrarum

246 1465 312 1528 dies
327 1465 397 1528 illos
414 1463 607 1546 appellarunt
623 1463 837 1539 solstitium,
853 1464 942 1529 linem
957 1483 1029 1525 vero
1045 1461 1126 1526 illius
1142 1458 1322 1544 1111000000,
1338 1461 1457 1544 qnando
1473 1459 1603 1541 primum

205 1611 207 1616 .
246 1552 353 1624 sentiri
374 1552 476 1636 potuit
497 1551 621 1620 umbrae
649 1552 882 1627 incrementum,
911 1573 927 1616 e
950 1552 1074 1633 reipsa
1100 1553 1294 1634 appellarunt
1322 1549 1602 1622 conversiones,

244 1664 392 1726 aporos.
435 1642 503 1710 Hoc
525 1641 618 1724 igitur
639 1643 768 1723 primum
794 1641 1013 1708 incrementum
1035 1641 1179 1706 sensibile
1209 1661 1276 1709 cum
1301 1641 1465 1722 quotannis
1490 1639 1602 1706 obser-

246 1739 366 1806 varent,
381 1729 467 1794 bre'vi
482 1731 747 1812 deprebendemnt
762 1739 794 1794 et
809 1751 964 1798 numerum
987 1731 1102 1796 dierum
1117 1731 1188 1798 anui
1203 1738 1398 1800 constantem
1420 1737 1454 1794 et
1467 1729 1603 1811 partium

249 1823 321 1886 anni
336 1821 550 1902 longitudines.
1558 1873 1561 1876 .

335 1910 462 1976 Interim
477 1917 510 1972 et
523 1911 582 1974 hoc
597 1918 749 1992 promtum
765 1917 841 1985 erat,
856 1910 1007 1992 respicere
1022 1917 1095 1996 post
1110 1907 1192 1974 Solis
1209 1928 1351 1977 occasum
1365 1909 1415 1972 vel
1432 1913 1505 1974 ante
1518 1905 1603 1970 Solis

248 2008 349 2066 ortum
364 2000 404 2062 ad
420 1999 521 2066 sidere
536 1999 610 2064 lixa:
635 2019 759 2081 cumque
775 1999 924 2074 viderent,
947 1999 1078 2064 siderum
1094 2000 1176 2066 alind
1191 2007 1264 2080 post
1279 2000 1376 2075 alind,
1399 2004 1432 2067 et
1447 2015 1528 2062 anno
1546 2015 1603 2060 ex-

247 2097 318 2156 acto
334 2107 452 2154 rursum
467 2089 574 2152 eadem
588 2108 677 2157 mane
694 2095 765 2154 ante
774 2088 878 2154 Solem
894 2107 1042 2169 apparere
1057 2089 1309 2172 successioneque
1320 2089 1437 2156 dierum
1451 2086 1603 2168 paulatim

248 2199 287 2244 ex
302 2198 430 2244 aurorae
446 2178 587 2247 claritate
605 2197 768 2260 emergere,
785 2177 857 2244 Sole
869 2179 997 2262 jamjam
1009 2178 1132 2254 orituro,
1149 2199 1188 2242 ex
1202 2180 1259 2244 boo
1274 2180 1504 2252 11101101οω01,
1518 2175 1604 2241 Solis

148 2275 152 2288 '
245 2270 316 2332 illas
337 2267 516 2333 altitudines
531 2274 596 2330 tam
619 2266 754 2335 diversas
777 2268 808 2332 in
825 2287 943 2335 omnem
965 2269 1068 2350 spargi
1084 2269 1230 2335 ambitum
1246 2269 1323 2342 coeli
1339 2267 1457 2332 stellati
1480 2265 1603 2330 Solem-

247 2378 304 2441 que
321 2377 421 2423 aunuo
437 2358 622 2420 circumactu
638 2365 736 2420 totum
753 2357 870 2423 emetiri
887 2357 1038 2422 circulum.
1070 2356 1173 2432 Quare
1189 2359 1339 2422 sideribus
1354 2358 1432 2433 illis,
1454 2373 1510 2438 per
1526 2374 1604 2438 quae

247 2447 303 2512 Sol
324 2446 473 2513 transiret
495 2453 527 2510 01
541 2446 644 2522 Luna,
668 2453 833 2530 coeperunt
854 2447 958 2510 indere
982 2447 1103 2515 nomina
1125 2467 1165 2512 ex
1187 2448 1346 2529 speciebus
1370 2447 1546 2510 animalium
1572 2451 1605 2506 et

246 2556 347 2602 rerum
362 2536 457 2600 oeulis
472 2536 556 2616 vulgi
571 2535 806 2612 obversantium,
821 2545 913 2620 prout
928 2537 1070 2620 cujusque
1087 2536 1330 2602 constellationis
1345 2537 1423 2600 situs
1439 2535 1481 2599 ad
1494 2553 1604 2600 unam-

247 2645 395 2710 quamque
410 2644 476 2692 rem
489 2625 588 2705 magis
604 2626 762 2691 alluderet.
791 2627 834 2690 Et
849 2624 892 2690 12
908 2627 1029 2709 quidem
1045 2627 1133 2708 signa
1148 2645 1204 2709 per
1220 2645 1287 2692 eum
1302 2633 1436 2694 tractum
1453 2632 1605 2706 concepta

248 2718 379 2791 fuerunt,
394 2714 475 2796 quod
490 2713 559 2780 iude
575 2715 614 2778 ab
631 2723 699 2777 ortu
709 2716 832 2801 generis
847 2715 970 2778 hnmani
986 2715 1114 2782 totidem
1124 2734 1245 2782 menses
1261 2723 1460 2782 censerentur
1475 2715 1509 2778 in
1524 2733 1604 2780 anno

247 2805 335 2870 Luna
349 2811 485 2878 meante,
509 2804 619 2888 quippe
636 2824 713 2888 quae
730 2805 893 2868 duodecies
908 2805 1031 2871 interim
1050 2807 1091 2868 ad
1106 2804 1211 2872 Solem
1226 2813 1385 2871 revertens
1401 2825 1474 2870 suas
1491 2804 1606 2886 ligurus

246 2913 302 2977 per
325 2894 426 2961 omnia
446 2893 548 2958 sidera
570 2893 675 2958 ordine
698 2895 914 2958 circumferret
958 2895 1078 2961 Deinde
1101 2914 1169 2960 cum
1184 2897 1310 2972 stellae,
1332 2913 1409 2977 quae
1429 2903 1523 2976 typos
1537 2894 1605 2958 ani-

248 2983 372 3048 malium
387 3002 462 3065 prae
478 3003 511 3046 00
528 2983 676 3059 ferebant,
692 3003 753 3046 non
768 2985 910 3066 aequalia
924 2985 1001 3049 coeli
1017 2985 1120 3068 spatia
1135 2986 1420 3069 complecterentur,
1443 2985 1543 3048 visum
1559 2991 1607 3046 est

249 3093 265 3138 0
281 3093 324 3149 10,
340 3079 500 3156 segmenta
515 3072 619 3138 circuli
633 3073 714 3136 illius
737 3073 847 3138 occulti
862 3093 918 3155 per
934 3073 1021 3156 signa
1037 3075 1171 3141 traducti
1187 3075 1328 3158 aequalia
1340 3074 1519 3155 imaginari,
1542 3075 1606 3136 sin-

248 3163 327 3244 gulis
342 3162 516 3244 portionum
532 3161 701 3246 aequalium
716 3164 839 3228 nomina
854 3164 1076 3229 transscribere
1092 3165 1368 3240 constellationum,
1389 3183 1467 3247 quae
1481 3163 1607 3246 propius

249 3251 456 3320 coinciderent
479 3257 511 3314 et
533 3251 697 3316 distributo
720 3258 788 3321 toto
812 3253 924 3322 0110110
946 3253 979 3318 10
994 3261 1100 3336 partes
1116 3253 1195 3330 360,
1216 3255 1248 3318 10
1264 3275 1337 3318 suas
1353 3273 1489 3338 quaeque
1506 3253 1609 3318 sidera

248 3349 355 3426 partes
372 3339 554 3406 adscribere.
590 3341 643 3405 Ad
658 3341 737 3409 hauc
753 3361 825 3406 vero
842 3362 905 3406 rem
921 3361 997 3424 opus
1014 3351 1082 3409 erat
1098 3351 1182 3409 certo
1199 3343 1303 3413 circuli
1319 3343 1438 3408 Solaria
1453 3342 1556 3418 initio,
1576 3351 1609 3404 et

195 3501 199 3512 ,
248 3430 365 3513 placuit
389 3430 646 3521 posterisaliud,
673 3430 777 3514 primis
799 3451 872 3498 vero
898 3432 1044 3499 scientiae
1070 3433 1245 3502 unctoribus
1268 3433 1336 3498 visa
1358 3441 1411 3498 est
1434 3430 1609 3500 adnitenda

248 3521 318 3602 ipsa
333 3518 416 3584 Solis
432 3520 597 3594 conversio,
613 3527 656 3600 ut,¹
677 3521 729 3586 ubi
744 3522 821 3588 baec
837 3523 934 3597 fieret,
949 3522 990 3586 ibi
1007 3521 1110 3590 circuli
1126 3529 1211 3586 esset
1225 3523 1353 3600 initium,
1367 3530 1516 3605 tauquam
1531 3541 1608 3598 010,

251 3629 328 3692 quae
357 3629 390 3672 ee
415 3609 483 3690 ipsa
506 3609 629 3677 evidens
660 3616 692 3671 et
714 3609 859 3676 notabilis
883 3619 976 3674 esset.
1021 3612 1080 3678 Hic
1102 3619 1206 3676 tamen
1229 3613 1381 3678 uariatum
1410 3612 1609 3694 aliquidem

250 3698 384 3763 Veteres
407 3699 487 3764 enim
506 3698 606 3766 locum
622 3699 741 3777 circuli,
761 3700 795 3764 iu
820 3719 877 3782 quo
894 3699 977 3764 Solis
999 3701 1093 3766 flebat
1116 3703 1290 3783 conuersio,
1311 3701 1445 3768 medium
1462 3709 1609 3783 punctum

252 3787 490 3851 dodecatemorii
512 3795 701 3864 statuemnt,
725 3787 769 3852 010
790 3796 825 3851 11
846 3791 996 3871 tropicum
1018 3791 1168 3854 aestivum
1182 3802 1327 3879 punctum
1349 3798 1471 3856 teneret
1488 3798 1610 3873 partem

254 3876 440 3956 10000011,
463 3877 621 3948 hibernum
645 3877 893 3960 lli-Capricorni.
930 3881 1039 3962 Itaque
1062 3876 1253 3962 (differentia
1272 3883 1353 3950 inter
1374 3888 1523 3964 puuctum
1544 3882 1609 3944 sol-

252 3966 367 4030 stitiale
391 3973 423 4030 et
443 3974 587 4050 punctum
610 3967 817 4032 conversionis
833 3969 1013 4034 manifestae
1035 3969 1159 4053 insuper
1181 3971 1303 4048 habita,
1324 3979 1360 4037 ut
1374 3965 1514 4054 videtur)
1531 3970 1611 4034 diem

251 4055 412 4139 provenire
428 4055 636 4138 longissimam
652 4058 796 4122 1111101111
816 4057 848 4119 in
865 4057 1000 4134 Cancro,
1023 4079 1084 4123 non
1100 4060 1194 4124 etiam
1208 4061 1240 4124 in
1257 4059 1410 4127 Geminis:
1435 4068 1545 4128 auctor
1562 4067 1610 4122 est

252 4143 400 4212 Geminus
417 4151 617 4212 astronomus.
653 4148 701 4211 At
716 4147 767 4230 qni
789 4156 1003 4213 successerunt
1025 4149 1102 4214 artis
1125 4151 1313 4228 excultores,
1334 4150 1549 4226 remuneras,
1571 4149 1609 4212 ab

251 4234 313 4298 illis
327 4233 508 4302 manifestae
524 4235 731 4303 conversionis
747 4237 869 4320 punctis
885 4238 986 4318 spatio
1003 4232 1124 4304 71018
1140 4240 1286 4322 graduum
1308 4240 1559 4322 discrepuerunt,
1579 4245 1611 4302 et

253 4325 308 4388 illa
323 4324 443 4407 quidem
457 4325 634 4389 solstitialia
648 4333 765 4409 puncta
780 4325 942 4390 voluerunt
956 4327 1045 4392 initia
1060 4328 1206 4410 praebere
1224 4328 1486 4406 dodecatemoriis
1508 4336 1547 4394 ut
1562 4334 1610 4391 est

252 4413 353 4478 hodie.
389 4415 497 4498 Itaque
520 4415 607 4478 uobis
627 4415 661 4478 in
685 4415 733 4480 die
748 4415 943 4498 producenda
964 4417 1052 4498 paria
1066 4419 1184 4482 iaciunt
1199 4417 1321 4484 Gemini
1335 4427 1369 4482 et
1384 4418 1519 4493 Cancer,
1541 4417 1611 4501 quia

254 4503 483 4568 committuntur
497 4503 573 4568 baec
589 4505 648 4572 due
665 4505 755 4586 signa
771 4505 810 4568 ad
826 4525 981 4568 commune
998 4506 1161 4572 solstitiale
1177 4517 1336 4594 punctum,
1357 4509 1438 4594 quod
1452 4508 1529 4572 illud
1543 4515 1608 4570 ter-

253 4591 365 4667 minat,
387 4592 444 4655 hoc
459 4591 592 4656 inchoat
627 4594 678 4660 Ex
695 4615 731 4658 00
747 4601 883 4676 tempore
907 4595 1039 4677 spatium
1060 4596 1135 4660 illud
1150 4599 1293 4662 coelestis
1315 4598 1434 4676 circuli,
1458 4597 1538 4680 quod
1555 4595 1610 4660 Sol

255 4681 360 4748 diebus
376 4701 401 4744 0.
417 4681 460 4744 30
477 4700 544 4747 cum
558 4683 641 4750 horis
663 4676 725 4768 5¹b
752 4703 770 4745 a
784 4692 936 4748 momento
953 4683 1110 4750 solstitiali
1125 4691 1292 4752 numeratis
1306 4694 1467 4772 peragrat,
1490 4685 1610 4752 Cancer

255 4768 314 4832 dici
330 4771 446 4851 coepit,
466 4777 499 4832 et
514 4777 634 4853 tempus
655 4773 756 4854 ipsum
778 4791 832 4835 seu
852 4773 1262 4856 10101080101101001001,
1278 4775 1418 4843 0000110.
1448 4775 1609 4860 81011100-

254 4865 364 4938 parato
386 4856 497 4924 0110010
514 4857 581 4940 jam
603 4860 663 4925 luit
685 4861 723 4924 ab
738 4861 904 4946 Aegyptiis
925 4869 1121 4940 annotatum,
1143 4871 1215 4930 ante
1237 4873 1377 4950 tempora
1392 4861 1535 4950 Troiana,
1550 4878 1607 4946 quo
