3400 5538
461 216 653 304 stereomenras
673 250 858 306 Archimeden
878 250 1092 318 Supplemarrtum.
1373 257 1437 320 575

205 428 327 496 Harum
353 425 532 514 figuram
557 447 656 496 causa
683 427 896 512 simplicitatis
917 425 970 494 hic
996 433 1045 493 est
1072 425 1163 507 ordo,
1194 431 1231 494 ut
1252 427 1373 514 primus
1395 431 1439 496 sit

116 517 274 598 circulus,
310 522 465 600 sequatur
494 516 632 600 ellipsis,
662 514 736 618 ll¹d⁰
758 516 928 602 parabole,
960 515 1074 584 ultimo
1097 516 1167 584 loco
1189 517 1232 582 sit
1253 517 1437 603 hyperbole.

115 607 204 672 luter
226 607 286 677 haa
308 605 389 672 duae
411 606 541 690 primae
557 605 594 671 in
615 625 650 670 aa
671 625 758 688 rpsas
787 605 937 684 redeunt,
970 605 1107 670 circulus
1134 611 1168 670 et
1189 605 1325 690 ellipsim
1356 607 1438 674 duae
1547 609 1550 614 '

115 692 1198 866 {ttulitffllttttrl‘ltlrttltldllrtrtl
1216 701 1437 851 trudit

114 873 218 954 magia
238 878 338 956 atque
357 872 457 954 magia
482 830 680 950 ammonia,
703 832 870 956 uunqudm
888 891 964 938 vcro
985 891 1056 936 eam
1074 872 1201 955 penitus
1220 879 1436 956 assequentem

115 969 148 1026 ct
170 961 206 1026 id
228 961 289 1028 hoc
311 959 513 1040 discrimine„
531 958 620 1043 quod
641 959 775 1026 brachia
800 958 973 1044 parabolas
987 960 1057 1040 .0P‚
1081 958 1147 1040 OQ,
1176 959 1231 1025 uni
1252 967 1361 1027 rectae
1383 963 1434 1043 01,

113 1049 263 1134 adeoque
285 1049 369 1114 inter
387 1069 421 1114 ae
437 1049 509 1132 ipsa
527 1050 624 1118 etiam
639 1049 741 1132 magis
760 1055 860 1132 atque
880 1047 979 1132 magis
997 1046 1080 1112 liunt
1101 1047 1267 1133 parallelis,
1290 1052 1437 1133 quamvis

113 1139 243 1204 interim
264 1136 388 1204 infinito
408 1136 579 1204 intervallo
593 1135 635 1202 ab
649 1137 780 1202 invicem
803 1137 985 1208 discedent:
1009 1135 1143 1203 brachia
1156 1157 1231 1202 raro
1245 1136 1437 1221 hyperbblea

115 1226 186 1305 GM,
211 1226 266 1296 CN
287 1231 464 1310 sequantur
489 1225 624 1290 duetmn
651 1224 789 1298 duarum
813 1231 977 1292 metam
998 1225 1065 1306 ΒΥ,
1089 1224 1437 1313 summouentium

112 1315 148 1380 in
170 1317 201 1382 R
230 1335 331 1398 eoque
359 1335 470 1380 versus
497 1315 534 1394 Y,
560 1313 585 1378 Z
613 1314 655 1388 in,
669 1313 835 1380 infinitum.
854 1312 896 1383 ab
917 1313 1049 1380 invicem
1078 1314 1322 1396 discedentium
1353 1337 1437 1401 quaa

113 1403 252 1470 brachiis
282 1395 471 1488 hyperbolen
505 1422 631 1486 semper
663 1403 888 1487 approximant
920 1403 1023 1486 magia
1052 1403 1234 1486 magisque,
1270 1425 1436 1488 nunquam

114 1499 224 1564 lumen
246 1513 320 1558 cum
341 1492 380 1558 iia
403 1497 609 1572 concurrunt
633 1512 654 1559 a
676 1512 742 1576 qua
753 1493 964 1586 proprietate
988 1497 1095 1558 rectae
1117 1493 1184 1574 RY,
1208 1490 1262 1558 ΒΖ
1284 1491 1436 1560 dicmtur

114 1603 160 1648 aa
197 1603 229 1646 m
265 1581 361 1648 toti.
656 1643 661 1654 ,

168 1602 344 1745 yliddeum
366 1689 407 1734 ex
428 1674 568 1752 utraque
589 1665 664 1753 biga
686 1673 735 1736 est
756 1686 829 1748 una,
854 1669 939 1752 quae
954 1667 1025 1734 sola
1046 1688 1140 1733 auam
1159 1667 1273 1753 implet
1287 1670 1434 1753 speeiem,

115 1777 156 1822 cx
176 1757 277 1824 linitio
298 1757 426 1842 quidem
448 1757 596 1841 circulrm
620 1779 660 1824 ex
680 1755 814 1823 infinitis
835 1755 998 1840 parbbole.
1043 1757 1214 1842 Ellipeiurn
1243 1779 1318 1824 vero
1348 1758 1436 1826 illine

113 1853 166 1921 tot
200 1853 277 1912 eunt
305 1845 435 1926 formae,
467 1853 545 1930 quot
566 1850 701 1930 possunt
722 1865 792 1912 asse
824 1844 946 1911 formae
974 1844 1236 1930 raetangulorum
1264 1847 1435 1930 parallelo·
1492 1902 1503 1923 .

113 1956 332 2019 grammornm
354 1932 420 2015 LK,
457 1934 708 2020 hyperbolarum
728 1935 802 2000 hinc
815 1933 936 2002 formae
956 1939 1016 2016 tot,
1041 1935 1326 2018 qnotnngulorum
1339 1935 1431 2020 YRZ‚

114 2045 137 2090 a
166 2023 250 2090 binis
279 2024 375 2090 rectis
407 2023 474 2102 RY,
510 2022 564 2090 ΒΖ
596 2023 817 2091 formatorum.
874 2023 958 2102 Sane
987 2022 1075 2106 quie,
1105 2028 1144 2089 ut
1166 2019 1302 2090 cuculus
1325 2025 1378 2091 GE
1401 2047 1436 2092 se

113 2112 215 2179 habet
235 2111 288 2198 ad
300 2109 575 2197 circumscriptum
598 2112 795 2197 quadratum
816 2109 974 2178 uniforme
995 2111 1060 2191 DB,
1085 2116 1118 2178 et
1138 2116 1174 2177 ut
1187 2110 1340 2195 parabole
1355 2113 1437 2193 PGQ

114 2203 159 2268 ad
180 2221 275 2267 axem
297 2221 355 2267 seu
378 2208 499 2268 rectam
521 2201 562 2267 01
583 2201 719 2282 unicam,
742 2199 789 2266 sic
810 2200 936 2284 ellipaaa
963 2199 1005 2266 01
1038 2220 1073 2265 se
1094 2200 1216 2266 babent
1236 2200 1280 2267 ad
1309 2209 1438 2269 recten·

113 2291 261 2373 gulorurn
278 2287 348 2394 >LK
382 2289 577 2374 hyperbolae
598 2289 690 2378 MGN
715 2289 758 2354 ad
791 2288 1053 2356 concurrentium
1085 2295 1251 2356 recturum
1283 2290 1348 2369 ΥΒ,
1382 2292 1438 2359 ZR

113 2380 235 2464 speeies
256 2377 409 2462 infinitas,
433 2377 594 2462 quaelibet
615 2377 658 2444 ed
680 2397 781 2443 suarm

176 2498 178 2506 v
203 2467 246 2532 Et
266 2472 352 2546 nota
376 2471 509 2553 propter
531 2466 775 2552 descriptionem
803 2464 994 2550 ἧςιππιιιη,
1024 2464 1120 2552 quod¹
1139 2466 1238 2536 sieut.
1253 2467 1287 2533 in
1316 2467 1434 2542 onemo

112 2555 222 2626 omnia
251 2555 421 2622 intervalla
451 2553 521 2637 AC,
552 2554 620 2636 AF,
652 2553 707 2622 ΑΕ
740 2555 827 2621 inter
856 2575 890 2619 se
919 2560 997 2620 sunt
1023 2555 1185 2639 aequalia,
1208 2556 1253 2622 sic
1275 2557 1310 2622 in
1332 2556 1437 2642 ellipai

112 2643 191 2712 bina
217 2665 342 2729 semper
368 2643 538 2710 intervalla
564 2643 635 2724 AO,
668 2643 741 2724 OG,
763 2664 829 2708 non
851 2649 1004 2710 acentro
1026 2643 1062 2723 Ε,
1086 2643 1145 2709 scd
1167 2665 1187 2710 a
1211 2642 1335 2720 dnobus
1357 2644 1437 2712 incia

112 2737 151 2816 A,
181 2733 211 2800 G
238 2734 417 2814 aestimata
446 2732 530 2798 binis
559 2731 801 2816 quibuscunque
831 2731 900 2812 Ali,
924 2729 984 2796 GH
1005 2727 1055 2796 uel
1077 2732 1141 2815 AG,
1165 2733 1221 2800 OG
1243 2733 1292 2800 vel
1313 2733 1367 2815 AI,
1391 2733 1439 2800 IG

111 2827 194 2889 sunt·
218 2821 377 2906 aequalia
428 2822 466 2887 In
495 2819 658 2906 parabola,
690 2839 780 2972 cuius
808 2817 898 2886 iocus
927 2819 968 2900 A,
993 2818 1091 2886 ducta
1113 2839 1307 2908 quacunque
1329 2820 1376 2888 KI
1396 2824 1431 2890 in

112 2911 225 2978 eodem
254 2909 353 2996 plano
383 2916 474 2976 recta
503 2905 546 2976 ad
576 2930 669 2975 axem
700 2908 725 2974 G
782 2929 913 2974 rursum
941 2907 1036 2975 binae
1061 2908 1165 2975 flucae
1194 2909 1264 2991 AO,
1289 2911 1331 2977 01
1352 2912 1436 2978 binia

113 2993 357 3088 quibuscunque
388 2999 473 3079 aliis,
504 3003 541 3063 ut
572 2997 647 3080 AO,
677 2993 735 3063 ΟΚ
764 2998 920 3082 aequales
942 3003 1028 3064 sunt.
1072 2999 1117 3064 In·
1131 2997 1320 3084 hyperbole,
1344 3003 1436 3067 cu‘ua

114 3089 205 3156 iocus
227 3107 310 3153 unua
333 3089 361 3152 A
382 3087 476 3168 intua,
501 3087 583 3181 alter
604 3087 630 3153 T
653 3085 805 3168 exterius,
827 3091 860 3152 et
881 3087 1061 3155 cirenem
1082 3085 1105 3152 fi
1168 3109 1188 3154 a
1210 3089 1321 3155 similia
1342 3021 1436 3172 vdx,

112 3177 285 3244 mtervallo
317 3174 393 3242 bina
421 3179 577 3262 cujusque
596 3175 724 3261 puncti,
748 3180 787 3240 ut
809 3176 848 3256 N,
872 3179 905 3240 ct
919 3173 1063 3242 iocorum
1085 3175 1120 3254 A,
1173 3226 1180 3257 ,
1198 3197 1322 3262 semper
1337 3197 1437 3251 unam

112 3272 145 3332 et
167 3265 304 3332 eandem
325 3265 447 3332 habent
469 3260 683 3330 differentiam
712 3261 771 3345 OS,
801 3263 920 3329 bneam
945 3265 1032 3330 inter
1057 3265 1192 3331 vertices
1214 3266 1240 3332 C
1263 3271 1296 3332 et
1318 3264 1340 3333 S
1373 3273 1437 3335 etc.

111 3355 191 3422 Vide
212 3354 309 3441 plura
329 3353 426 3438 paulo
447 3353 530 3420 inira
552 3353 591 3419 de
612 3353 784 3437 liguramm
805 3351 980 3420 solidarum
1002 3373 1148 3420 numero.

598 3563 646 3618 ns
663 3537 767 3616 media
784 3575 948 3626 moseos.

200 3707 303 3778 Porro
326 3730 367 3775 ex
381 3705 603 3774 circumducto
617 3703 769 3772 circulmi
783 3709 926 3789 quatuor
941 3704 1058 3772 harum
1078 3706 1246 3790 planarum
1260 3709 1438 3796 figurarum

110 3801 164 3886 (de
187 3800 259 3866 aliis
281 3799 365 3884 enim
386 3796 497 3864 formis
520 3795 583 3860 hac
608 3794 767 3860 vice‘non
797 3793 975 3878 loquimur)
1007 3801 1159 3862 creantur
1187 3799 1331 3868 infinitae
1361 3803 1436 3870 soli.

111 3890 229 3956 dorum
250 3887 389 3970 formae,
414 3906 553 3968 quarum
574 3881 757 3966 superficies
786 3903 852 3948 non
869 3890 919 3954 ,ut
940 3883 1013 3950 coni
1035 3891 1067 3950 ct
1089 3885 1223 3970 cylindri
1244 3889 1437 3958 altrinsecus

110 3978 314 4134 ἒξοϋῌηοεια,
346 3975 402 4042 sed
424 3991 681 4058 quaquaversum
690 3971 891 4040 ‘cur-vilineae
912 3977 996 4054 sunt
1019 3974 1193 4041 secundum
1211 3981 1313 4064 magis
1327 3985 1437 4046 tamen

153 4087 282 4134 mmns.
1016 4097 1020 4104 -

202 4154 418 4221 Oircumaotus
444 4153 553 4218 autern
579 4147 701 4234 species
730 4167 866 4232 genera·
953 4155 955 4162 ’

111 4245 184 4312 liter
216 4249 292 4310 sunt
318 4242 477 4344 quinque,
511 4237 568 4304 sed
600 4257 685 4321 quac
712 4233 895 4304 minutina'

111 4329 559 4506 fflmbddddivtdaudddtrdm
567 4324 730 4481 idenditaidr
741 4325 868 4516 ddgj‘dsedd

113 4511 278 4576 schemate
321 4526 491 4592 expressae
527 4510 604 4570 sunt
645 4501 706 4604 hae
745 4523 866 4588 specres
971 4588 974 4597 ,
1050 4586 1051 4593 ἵ

112 4605 285 4683 utcunque.
330 4597 414 4661 Nam
434 4594 461 4662 1.
484 4594 553 4660 axis
577 4591 638 4673 CB,
663 4609 750 4656 crrca
771 4611 868 4674 quem
903 4597 920 4644 ¹
970 4600 976 4619 ²

111 4690 217 4775 ligura
239 4691 289 4754 eat
310 4680 569 4766 circumagenda,
588 4681 639 4747 vel
656 4678 781 4764 longina
801 4684 869 4746 stat
903 4723 908 4730 ·
1017 4743 1032 4768 κ

111 4799 133 4846 a
155 4779 270 4846 centro
291 4775 318 4842 F
345 4771 469 4858 figurae
489 4770 547 4838 ΕΙ)
574 4767 865 4853 circumducendae,
