3390 5542
556 267 622 318 Usus
640 268 716 316 181188
735 265 792 318 libri
811 269 878 318 circa
896 267 970 318 18118.
1365 271 1429 336 639

103 439 210 508 merus
235 437 371 508 81888188
393 436 482 506 'inter
508 443 681 523 utrumque
711 441 888 526 marginem
910 448 943 507 et
964 437 1166 524 infusorium,
1191 441 1240 510 vel
1261 441 1367 528 figura
1389 465 1430 512 ex

103 538 247 614 utroque
269 530 380 595 mixta.

192 618 256 684 1118
278 621 330 684 via
351 638 477 701 semper
500 615 599 700 paulo
622 618 727 682 minus
738 621 828 702 justo
852 618 990 702 colliges,
1014 619 1076 684 1818
1091 621 1271 702 promiscue
1291 621 1341 686 881
1356 621 1428 706 plus

97 711 205 793 justo,
231 707 281 771 vel
298 711 425 792 justum
449 707 637 790 attingitur3
667 705 728 772 188
755 727 882 792 semper
905 711 1026 793 justum
1058 709 1286 796 attingeretur,
1311 711 1338 774 si
1361 719 1429 776 tam

101 797 197 862 facile
220 795 385 880 perhanc
407 794 609 860 incederetur
631 815 727 879 quam
748 817 805 880 per
826 797 909 862 illas.

197 901 229 984 11)
257 903 365 968 Prima
391 903 442 968 via
469 900 624 966 dividitur
653 907 786 967 truncus
815 903 948 986 quilibet
975 904 1006 967 in
1034 902 1211 986 cylindrum
1237 904 1425 988 regularem,

102 991 199 1076 quasi
221 997 362 1056 stantem
377 1011 471 1074 super
485 989 564 1066 basi,
590 988 666 1056 orbe
684 991 803 1074 ligneo,
824 1000 856 1057 et
870 993 903 1056 in
918 993 1151 1078 circumjectum
1167 993 1214 1057 illi
1230 999 1427 1077 segmentum

101 1079 194 1146 limbi
218 1079 411 1163 cylindracei
433 1079 591 1160 conicum,
619 1080 707 1162 quod
728 1081 870 1145 tunicam
896 1081 1137 1164 appellavimus.
1182 1082 1269 1165 Ergo
1292 1083 1429 1170 cylindri

102 1190 223 1252 corpus
245 1189 304 1250 per
326 1167 371 1234 th.
395 1167 452 1234 ΠΙ.
480 1169 581 1252 partis
609 1167 731 1252 primae
759 1175 964 1252 computatur
987 1169 1084 1235 ducta
1111 1171 1279 1236 altitudine
1306 1171 1428 1238 dimidii

103 1257 184 1324 dolii
205 1256 239 1321 iu
262 1254 354 1322 basin
381 1256 466 1323 erbis
493 1256 594 1340 lignei
618 1278 718 1341 supra
743 1258 922 1323 inventam:
951 1279 1027 1324 nam
1055 1279 1202 1324 88888888
1224 1259 1297 1326 inde
1323 1261 1428 1326 iactus

101 1367 260 1414 summam
295 1345 468 1410 continebit
506 1344 715 1428 parvulorum
749 1347 962 1426 cubiscorum,
998 1348 1053 1430 qui
1087 1353 1162 1412 sunt
1195 1349 1229 1414 in
1263 1350 1428 1434 proposito

103 1433 266 1518 cylindro,-
290 1456 424 1518 quorum
455 1433 592 1517 quilibet
614 1455 713 1498 uuam
734 1437 841 1520 virgae
871 1436 1063 1519 particulam
1093 1436 1254 1502 divisionis
1283 1439 1429 1522 aequalis

101 1523 227 1607 longus,
252 1521 339 1588 latus
363 1529 394 1588 et
416 1522 595 1606 profundus
610 1523 661 1591 811.
701 1523 819 1588 Trunci
840 1546 915 1590 vero
939 1545 995 1590 888
1018 1524 1139 1590 dimidii
1161 1519 1237 1592 dolii
1259 1529 1426 1610 proportio

102 1613 146 1678 ad
178 1610 357 1696 cylindrum
390 1632 489 1694 super
517 1610 606 1692 basi,
640 1612 718 1676 orbe
750 1612 864 1695 ligneo,
899 1612 1037 1678 habetur
1067 1635 1124 1698 per
1154 1614 1358 1680 corollarium
1384 1615 1427 1682 ad

103 1701 154 1765 th.
178 1699 278 1766 XVII.
302 1701 404 1784 partis
435 1700 572 1782 primae,
605 1700 704 1766 ducta
733 1701 892 1768 diametro
924 1701 1010 1768 orbis
1039 1703 1135 1784 lignei
1161 1704 1250 1768 etin
1277 1724 1311 1768 88
1339 1711 1371 1768 81
1393 1705 1427 1768 18

102 1790 299 1854 diametrum
321 1809 378 1853 seu
400 1788 650 1874 profunditatem
679 1789 818 1873 ventris3
850 1790 949 1858 ducta
979 1791 1076 1872 etiam
1105 1789 1284 1856 differentia
1314 1790 1428 1857 harum

102 1877 334 1944 diametrorum
356 1877 390 1942 in
412 1876 461 1942 sui
482 1884 609 1960 partem
631 1880 770 1960 tertiam,
793 1883 824 1944 et
845 1899 982 1944 numero
1005 1879 1204 1945 cubiscorum
1226 1881 1260 1944 in
1283 1881 1427 1966 cylindro

101 1969 194 2052 prius
227 1967 355 2032 1888818
377 1963 591 2049 multiplicato
611 1966 645 2030 in
667 1987 825 2032 summam
846 1967 1005 2034 factorum
1027 1969 1248 2053 posteriorum
1277 1969 1426 2053 18818888
1505 1979 1511 1994 “

103 2056 205 2122 diviso
240 2075 299 2139 per
330 2054 528 2136 quadratum
564 2055 712 2121 diametri
746 2055 833 2122 88118
871 2056 985 2140 lignei,
1021 2057 1129 2140 prodit
1167 2079 1298 2123 summa
1326 2059 1427 2124 cubis·

102 2165 217 2209 corum
237 2144 271 2208 in
294 2143 389 2208 dolio.
436 2143 558 2209 Eodem
584 2163 658 2210 vero
689 2145 784 2210 modo
811 2145 970 2228 agendum
997 2147 1093 2211 etiam
1122 2167 1196 2210 cum
1222 2147 1325 2213 altera
1352 2147 1428 2214 dolii

100 2233 287 2312 medietate,
313 2230 458 2297 81188811
481 2231 640 2297 dissimilis
663 2240 720 2298 aut
742 2234 931 2316 inaequalis

193 2319 277 2397 Quot
298 2325 404 2384 autem
432 2319 614 2405 hujusmodi
643 2321 844 2388 cubiscorum
873 2323 993 2388 iaciant
1018 2345 1116 2388 unam
1142 2342 1340 2405 mensuram,
1364 2345 1428 2389 non

101 2410 201 2476 aliter
217 2409 326 2488 disces,
352 2410 491 2492 quamsi
507 2429 547 2474 ex
561 2408 682 2474 lamina
697 2410 803 2475 ferrea
819 2410 979 2490 pasculum
994 2410 1176 2495 oblongum,
1193 2413 1428 2496 cylindraceum

102 2503 217 2564 exacte
239 2503 271 2563 81
286 2497 653 2581 88888111888818881888
672 2500 839 2580 8188888818,
863 2519 933 2563 cum
947 2497 1047 2566 fundo
1070 2501 1188 2584 optime
1211 2502 1425 2585 complanato,

101 2587 219 2653 deinde
241 2585 343 2652 181888
365 2586 492 2670 liquore
513 2587 605 2651 unius
627 2607 795 2652 mensurae
817 2589 849 2653 18
871 2609 929 2653 vas
952 2589 1084 2668 siccum,
1113 2590 1202 2672 virga
1224 2593 1280 2654 tua
1301 2610 1428 2656 mensus
1483 2667 1486 2676 Α

101 2677 200 2742 188818
222 2675 433 2756 altitudinem,
458 2693 554 2759 quam
581 2677 764 2758 signaverat
785 2676 892 2758 liquor
914 2682 989 2742 8818
1016 2677 1242 2742 immissionem
1263 2679 1370 2762 virgae
1393 2679 1427 2744 in

102 2765 287 2845 vasculum3
311 2785 440 2828 mensus
464 2764 561 2828 etiam
582 2761 680 2828 188818
708 2765 950 2849 amplitudinem
980 2765 1091 2830 circuli
1112 2766 1145 2830 18
1168 2787 1306 2848 summo,
1330 2767 1427 2832 debet

102 2854 187 2920 enim
217 2853 362 2937 aequalis
394 2871 462 2918 esse
491 2853 563 2917 imo.
616 2853 698 2917 Nam
729 2874 768 2917 ex
797 2854 1006 2937 amplitudine
1040 2853 1140 2918 disces
1175 2875 1285 2920 aream
1319 2855 1428 2921 circuli

102 2942 199 3008 modo
223 2940 418 3026 supradicto,
443 2940 558 3006 88188
578 2947 610 3006 81
626 2941 796 3006 altitudine
819 2963 933 3026 corpus
956 2963 1011 3007 seu
1034 2963 1203 3007 numerum
1225 2941 1428 3009 cubiscorum

102 3031 136 3098 18
160 3051 224 3096 una
246 3051 408 3095 mensura:
438 3051 503 3113 888
530 3051 663 3095 numero
686 3031 714 3094 81
737 3030 879 3096 diviseris
901 3051 1073 3096 numerum
1100 3030 1301 3096 cubiscorum
1323 3036 1427 3118 cujus·

103 3140 231 3203 cunque
253 3119 356 3199 solidi,
380 3117 513 3184 habebis
532 3119 565 3184 in
583 3119 745 3204 quotiente
767 3135 936 3184 numerum
957 3120 1070 3185 talium
1092 3141 1321 3200 mensurarum,
1346 3131 1428 3205 quas

103 3210 192 3293 capit
213 3209 304 3273 locus
327 3207 456 3288 solidus,
481 3229 536 3272 seu
558 3207 642 3286 dolii,
667 3229 724 3272 seu
743 3229 852 3292 cupae.
887 3209 993 3292 Atque
1014 3209 1095 3274 haec
1117 3215 1165 3274 est
1180 3210 1285 3293 prima
1304 3211 1428 3276 metho-

106 3299 187 3381 dus,
219 3294 284 3380 888
313 3296 377 3361 dixi
407 3297 510 3378 colligi
539 3298 645 3363 nrinus
671 3299 771 3381 justo.
816 3297 1004 3381 Exemplum
1033 3295 1132 3362 babes
1162 3303 1237 3382 post
1257 3299 1304 3363 th.
1326 3297 1429 3365 XXII.

128 3385 211 3452 artis
256 3385 365 3450 rimae.
489 3413 490 3420 ¹

105 3409 127 3472 p
193 3407 255 3534 sed
277 3477 491 3532 continuabimus
517 3475 562 3530 118
592 3479 674 3533 etiam
703 3479 778 3548 priua
798 3479 942 3547 inceptum.
982 3481 1044 3532 Duc
1064 3478 1150 3550 igitur
1182 3477 1253 3541 13¹la
1274 3479 1302 3534 in
1323 3479 1427 3554 283¹s'r‚

93 3560 182 3616 18818
201 3544 339 3620 8818188888,
358 3557 430 3610 88118
451 3555 555 3610 88111881
574 3557 659 3630 lignei
669 3559 729 3621 XZ,
749 3559 796 3612 1181
817 3558 941 3628 cylinder
960 3556 1428 3627 36881818881><13888888
1536 3598 1542 3610 .

102 3644 219 3706 881283,
240 3637 564 3706 »6813182188
594 3639 625 3692 18
652 3639 705 3691 188
728 3653 792 3690 8888
819 3638 993 3706 proportione
1019 3637 1212 3692 diametrorum
1239 3645 1283 3694 881
1302 3640 1425 3710 cylinder

103 3723 140 3776 ad
165 3727 299 3782 18888888,
320 3717 424 3772 81361
451 3719 484 3770 ad
506 3719 572 3773 421.
613 3719 691 3788 Ergo
712 3717 734 3770 81
755 3717 810 3772 361
833 3715 1005 3786 1113685118,
1027 3717 1425 3789 88114211889811884298,

103 3807 147 3854 181
168 3799 291 3853 88118888
312 3800 388 3852 valet
408 3796 545 3852 dimidium
565 3797 678 3852 dolium:
703 3801 791 3850 totum
818 3814 886 3868 ergo
908 3797 985 3852 9596
1007 3797 1108 3865 (8596).
1150 3797 1251 3859 Quodsi
1273 3799 1311 3854 30
1332 3800 1425 3870 hujus-

104 3879 181 3934 modi
208 3879 378 3932 cubiscorum
404 3875 548 3946 implerent
572 3893 655 3954 unam
678 3893 845 3940 mensuram,
871 3875 957 3930 diviso
984 3877 1062 3932 9596
1087 3893 1137 3946 per
1158 3878 1206 3943 30,
1224 3879 1348 3950 prodiret
1368 3879 1425 3935 320

106 3961 181 4022 fere,
201 3965 245 4012 tot
264 3973 405 4012 mensuras
425 3962 538 4028 caperet
558 3957 658 4010 dolium
678 3963 772 4011 totum.

196 4059 231 4142 2)
255 4059 366 4124 Altera
388 4057 567 4138 methodus,
592 4077 656 4140 qua
678 4056 797 4122 dulim
820 4055 1043 4122 consideratur
1064 4063 1103 4122 ut
1124 4057 1250 4124 citrium
1275 4058 1426 4141 utrinque

106 4153 301 4228 truncatum,
324 4165 472 4230 quaeque
487 4145 673 4228 frequenter
690 4149 812 4230 justum
827 4146 1024 4229 pronunciat,
1049 4145 1104 4210 sed
1119 4167 1220 4230 aeque
1240 4147 1426 4228 frequenter

107 4238 181 4323 plus
199 4240 297 4323 justo,
318 4240 385 4321 jam
408 4255 508 4320 supra
529 4235 562 4300 in
584 4233 729 4316 exemplo
751 4233 794 4298 ad
815 4234 860 4300 th.
880 4233 980 4298 XXII.
1004 4240 1037 4299 81
1058 4233 1156 4300 XXV.
1178 4235 1280 4319 partis
1301 4235 1426 4318 primae

105 4327 232 4412 prolixe
261 4329 294 4390 et
320 4323 594 4408 scrupulosissime
620 4322 681 4387 luit
702 4322 836 4401 tradita,
866 4341 926 4387 nec
953 4322 1018 4388 alia
1043 4324 1230 4406 repetitione
1256 4328 1305 4387 eet
1331 4345 1422 4408 opus,

105 4417 167 4482 uisi
188 4422 225 4481 81
239 4434 395 4492 moneam,
419 4411 541 4478 dolium
562 4411 627 4477 illic
649 4409 804 4494 appellari
822 4411 948 4475 citrium
970 4417 1162 4490 tnmcatum,
1185 4410 1259 4476 dolii
1281 4417 1425 4478 18818888

105 4504 172 4570 illic
203 4523 273 4568 8888
304 4501 455 4566 81888188
485 4500 658 4566 maximum
689 4519 747 4582 per
776 4500 916 4565 medium
945 4521 1060 4583 corpus
1094 4499 1193 4580 citrii,
1228 4498 1321 4564 orbes
1346 4522 1423 4566 8888

105 4593 227 4678 ligneos
249 4590 315 4656 illic
331 4590 489 4674 appellari
511 4589 645 4656 circulos
667 4592 865 4654 1888888188.
898 4587 1020 4654 Deinde
1040 4587 1149 4654 81188
1164 4594 1212 4653 est
1234 4588 1423 4671 addendum,

105 4683 133 4748 81
156 4679 252 4750 88188
273 4678 371 4763 lignei
401 4699 465 4744 uon
493 4676 613 4744 fuerint
641 4676 809 4759 aequales,
840 4673 1127 4763 operandtmesse
1148 4674 1213 4756 bis,
1245 4677 1343 4742 semel
1365 4699 1423 4762 per

104 4772 262 4839 minorem
283 4767 402 4850 orbem,
424 4787 463 4836 ac
484 4768 512 4836 si
533 4772 670 4852 uterque
692 4771 801 4832 188188
824 4771 914 4849 esset,
937 4767 1054 4832 iterum
1073 4783 1129 4849 per
1147 4768 1311 4851 meJ'orem,
1334 4785 1374 4834 ac
1394 4767 1423 4834 si
