3390 5542
573 266 639 317 Usus
657 265 733 322 totilla
752 239 809 316 libri
827 267 894 316 cirea
912 265 987 316 dolia.
1189 223 1194 237 ·
1290 231 1296 242 1
1375 266 1439 330 643

114 441 372 546 sanationemque
395 438 568 506 soliditatis
590 461 698 506 eornm
724 444 893 522 quaerant.
870 439 1081 508 tPrimnm
1102 437 1210 522 itaque
1233 437 1439 520 considerari,

115 533 145 596 si
166 531 250 596 l'orte
271 531 337 596 tale
359 531 431 596 coni
453 537 661 630 segmentum,
686 530 774 612 quod
796 529 833 594 lit
857 529 953 612 plano
977 529 1020 594 ad
1041 549 1136 594 axem
1158 527 1315 611 parallelo
1338 549 1440 612 eoque

115 619 332 702 hyperbolico
356 620 593 702 proportionem
616 579 790 684 aleonum
811 625 861 684 tot
862 639 916 683 um
938 617 1055 684 habeat
1041 618 1286 720 tcoprpesitam
1308 638 1348 684 ex
1363 639 1438 701 pro·

114 709 263 793 portione
292 709 446 791 segmenti
475 728 552 774 snae
581 706 666 772 basis
697 707 741 772 ad
767 707 871 772 basim
901 707 973 774 coni
1003 712 1036 771 et
1061 727 1101 772 ex
1130 707 1334 789 proportione
1363 727 1441 772 suae

115 797 191 862 altit
192 796 295 862 udicis
318 796 360 860 ad
383 795 454 862 coni
476 795 523 861 alt
524 796 689 862 itudinem.
723 797 813 862 Haec
835 797 940 879 opinio
962 815 1038 861 vero
1062 795 1190 880 quidem
1213 801 1262 860 est
1283 795 1440 880 proxima,

115 885 175 950 scd
197 892 307 952 tamen
321 885 414 952 laisa
449 877 532 950 Nain
554 884 660 986 portio
684 884 764 950 haee
780 891 829 950 est
844 885 997 968 segmenti
1019 884 1091 950 coni
1113 883 1232 948 scaleni
1253 883 1439 965 humilioris,

115 974 238 1040 scilicet
224 979 316 1058 tper
341 974 490 1040 verticem
512 973 600 1054 secti,
609 962 667 1040 ad
682 994 799 1040 conum
821 973 1022 1058 propositum
1054 972 1215 1038 altiorem:
1250 973 1342 1055 atqui
1373 973 1441 1038 tale

115 1069 316 1144 segmentum
345 1064 417 1128 coni
446 1062 565 1128 scaleni
594 1083 654 1146 per
680 1083 736 1128 ιιι
738 1063 832 1128 tieem
861 1063 941 1128 secti
970 1068 1020 1128 est
1046 1063 1152 1134 minus
1182 1069 1347 1145 segmento
1369 1061 1441 1128 coni
1560 1115 1565 1123 .

116 1151 253 1232 altioris,
284 1173 378 1238 snper
401 1152 513 1216 eadem
539 1149 610 1216 basi
640 1151 853 1232 sterterent,
882 1153 966 1216 enim
992 1151 1026 1214 in
1048 1171 1252 1232 mucronem,
1284 1169 1358 1214 cum
1379 1150 1440 1216 hoc

116 1246 211 1306 exeat
232 1262 356 1305 sursum
378 1241 411 1304 in
433 1238 597 1322 quandam
624 1242 723 1305 aciem
749 1240 851 1305 latam
877 1239 1133 1324 hyperbolicam}
1160 1238 1239 1306 illud
1260 1240 1442 1304 continetur

115 1329 287 1414 superficie
318 1330 390 1394 coni
421 1329 558 1394 minoris
578 1334 611 1394 et
632 1329 728 1413 plano
757 1329 962 1412 triangulari,
994 1328 1056 1394 hcc
1085 1328 1232 1413 portione
1261 1326 1441 1413 superficiei

116 1419 188 1484 (reni
210 1420 340 1502 majoris
364 1422 397 1482 ιι
418 1416 515 1501 plano
542 1417 754 1502 hyperbolico.

207 1505 353 1570 Secundo
377 1505 583 1586 consideravi,
608 1527 685 1572 num
707 1511 906 1607 segmentum
928 1505 999 1573 coni
1020 1505 1222 1590 propositum
1243 1505 1285 1570 ιιι
1367 1505 1442 1570 nale

116 1601 282 1678 segmento
248 1595 460 1660 tconsimili
482 1557 646 1678 cylindrici
667 1594 988 1678 segmentr,t1thabeni
1010 1595 1144 1660 eandem
1167 1594 1262 1660 basin
1284 1600 1317 1660 et
1364 1595 1439 1660 titu-

116 1684 238 1762 dinem,
268 1682 446 1766 dequibus
474 1691 616 1765 segment
618 1685 643 1748 ιι
602 1683 810 1750 tsecundis
841 1684 961 1766 egimus
984 1683 1030 1749 ιιι.
1053 1681 1153 1756 XVII.
1183 1683 1284 1770 partis
1314 1683 1441 1766 prinde,

117 1793 274 1856 quorsum
297 1777 423 1875 spectat
388 1771 537 1836 atetiam
554 1773 600 1838 th
616 1772 716 1840 XXII.
740 1793 780 1837 ιιι
794 1765 905 1856 parte:
930 1776 963 1839 ιι
978 1791 1021 1837 an
1036 1793 1100 1837 non
1115 1777 1183 1838 tam
1206 1771 1442 1856 cylindraceum

117 1882 217 1945 (lnam
247 1861 392 1926 conicum
422 1869 636 1945 segmentum,
668 1863 789 1928 stantia
818 1882 913 1945 super
941 1862 1075 1926 eodem
1083 1867 1248 1944 segmento
1275 1861 1387 1928 ιιιιιιιι
1408 1867 1442 1926 ιι

118 1949 300 2020 terminata,
319 1951 489 2033 segmentis
517 1951 632 2033 planis,
661 1950 742 2016 illud
768 1949 925 2035 elliptieo,
948 1950 1010 2015 hoc
1032 1947 1255 2032 hyperbolico,
1279 1948 1441 2033 quodlibet

117 2044 235 2122 aequet
257 2044 382 2122 partem
404 2039 534 2104 tertiam
555 2042 707 2120 segmenti
719 2039 881 2122 cylindrici
896 2040 986 2118 recti,
1003 2040 1062 2124 per
1077 2036 1211 2120 planum
1234 2038 1286 2104 axi
1301 2038 1440 2122 paralle-

117 2127 187 2192 lum
208 2127 294 2206 iacti,
325 2148 420 2210 super
441 2127 512 2192 basi
542 2129 663 2194 eadem.
709 2128 773 2195 sed
794 2149 854 2193 nec
882 2128 943 2196 hoe
968 2127 1127 2211 ipsissima
1156 2128 1291 2194 veritate
1320 2129 1439 2208 nititur,

117 2223 283 2298 utcunque
304 2236 405 2300 prope
426 2213 566 2282 accedat.
610 2217 694 2282 Nam
716 2218 743 2284 si
768 2237 879 2282 verum
901 2216 961 2284 hoo
983 2221 1068 2282 esset
1089 2213 1130 2280 de
1148 2236 1222 2295 une,
1245 2234 1310 2280 non
1332 2223 1441 2298 posset

117 2325 188 2370 esse
208 2304 327 2370 laisum
348 2303 387 2368 de
404 2305 635 2388 semicylindro,
660 2327 755 2389 quem
771 2305 965 2371 determinat
979 2305 1113 2390 planum
1131 2325 1189 2387 per
1209 2325 1308 2386 axem,
1334 2313 1438 2370 traus-

117 2393 188 2459 iens
219 2395 316 2458 etiam
345 2414 404 2477 per
424 2395 567 2478 inscripti
589 2396 660 2460 coni
682 2416 775 2460 axem
798 2400 830 2460 ιι
845 2397 1005 2461 verticem.
1041 2393 1123 2458 Nam
1146 2393 1246 2458 diviso
1268 2393 1328 2458 hoc
1349 2395 1439 2460 semi·

117 2480 259 2564 cylindro
282 2483 314 2548 in
337 2489 445 2566 partes
468 2487 519 2562 33,
544 2483 732 2562 semiannus
754 2484 864 2549 eodem
890 2485 988 2569 plano
1011 2504 1068 2566 per
1089 2502 1182 2548 axem
1199 2481 1437 2562 determinatus,

116 2579 169 2635 est
191 2571 304 2636 talium
327 2573 468 2654 partium
493 2577 521 2652 1,
545 2593 601 2655 per
624 2573 668 2636 th.
692 2571 746 2638 IV.
773 2574 874 2656 partis
896 2573 1034 2656 primae:
1062 2578 1099 2637 ιι
1120 2576 1319 2653 segmentum
1341 2570 1438 2654 cylin-

89 2722 97 2736 ,
114 2659 200 2724 ιιιιιι
221 2661 374 2742 segmenti
389 2667 439 2726 est
452 2662 563 2727 talium
585 2661 728 2744 partium
747 2665 795 2738 14,
820 2682 878 2745 per
893 2661 938 2726 th.
951 2660 1050 2727 XVII.
1085 2660 1177 2740 Quod
1191 2659 1288 2742 igitur
1305 2660 1439 2726 interest

115 2751 343 2831 corpusculum
358 2751 563 2832 geminatum,
586 2750 794 2814 terminatum
812 2749 899 2814 intus
914 2750 1026 2815 conica
1047 2747 1223 2832 superficie,
1247 2747 1326 2814 ioris
1342 2749 1441 2832 plane

116 2844 152 2902 et
167 2837 376 2919 portiunculis
398 2838 625 2921 cylindraeeae,
650 2842 699 2902 est
714 2840 853 2921 partium
874 2844 1002 2904 tantum
1016 2841 1048 2905 8.
1082 2837 1248 2904 Eteiarero
1269 2837 1321 2902 hie
1342 2856 1440 2904 conus

115 2926 266 2991 dimidius
290 2931 339 2990 ιιι
360 2928 502 3011 praecise
523 2928 623 2992 ιιιιιιι
648 2926 874 3010 ιιιιιιιγιιιιιιιι,
902 2933 1010 2992 tamen
1031 2926 1092 2992 hoc
1113 2926 1147 2990 in
1169 2925 1241 2990 aliis
1268 2928 1440 3010 segmentis

115 3036 183 3080 non
205 3013 336 3096 obtinet,
359 3037 395 3082 ee
410 3017 489 3098 ipso,
513 3016 600 3099 quod
616 3023 692 3080 tnnc
704 3036 801 3080 conus
818 3037 882 3082 non
898 3016 1035 3100 amplius
1046 3036 1105 3099 per
1119 3016 1271 3080 verticem
1293 3021 1439 3097 secatnr;
1502 3043 1507 3054 ·

115 3109 316 3186 segmentum
338 3104 437 3186 igitur
452 3106 522 3170 coni
545 3105 743 3188 propesitum
765 3108 870 3190 majus
892 3110 941 3170 eet
962 3104 1078 3170 triente
1100 3105 1254 3187 segmenti
1276 3103 1441 3187 cylindrioi

115 3192 200 3258 recti
221 3191 398 3275 aequeolti,
422 3199 454 3258 et
469 3193 617 3258 videratur
631 3193 695 3258 ista
713 3195 888 3258 successive
907 3193 1008 3277 magis
1030 3193 1193 3276 magisque
1207 3189 1277 3256 lieri
1291 3193 1443 3275 aequalia

116 3280 321 3363 vicissimque
344 3283 534 3364 corpuscula
555 3283 743 3366 interposite
758 3284 859 3366 magis
881 3283 1043 3365 magisque
1065 3281 1237 3360 attenuari,
1260 3301 1325 3364 qno
1339 3282 1441 3348 minus

116 3370 163 3434 sit
184 3376 380 3452 segmentum
402 3371 504 3452 ipsum
527 3377 651 3436 rectum
674 3371 892 3453 cylindricum‚
917 3374 1008 3455 cujus
1029 3371 1102 3440 ista,
1116 3377 1192 3434 sunt
1213 3375 1333 3451 partes.

208 3457 314 3524 Tertio
336 3458 434 3540 igitur
454 3459 578 3524 ridetur
598 3459 790 3541 inquirende
812 3460 1014 3543 quadratura
1035 3455 1238 3542 hyperbolae,
1263 3479 1345 3541 quae
1367 3479 1458 3542 seg,

116 3551 263 3614 mentum
292 3548 364 3612 coni
393 3547 602 3627 determinat,
634 3567 697 3630 qua
725 3548 855 3612 inventa
882 3547 974 3612 tacite
998 3552 1062 3628 est,
1091 3545 1219 3612 cuilibet
1247 3546 1442 3630 hyperbolae

116 3635 315 3717 triangulum
337 3655 433 3718 snper
459 3635 571 3701 eadem
597 3635 668 3700 basi
695 3637 871 3716 assignare,
898 3639 989 3738 cujus
1011 3653 1089 3700 area
1110 3635 1153 3699 ιιι
1179 3637 1321 3719 aequalis
1347 3657 1442 3702 areae

116 3722 319 3808 hyperbolae.
357 3723 439 3789 Nam
461 3725 623 3878 proportio
646 3731 879 3806 segmentorum
901 3725 972 3789 coni
994 3722 1036 3788 ad
1051 3744 1165 3789 conum
1187 3729 1293 3790 totum
1315 3724 1402 3790 videt
1388 3731 1442 3789 tur

117 3833 190 3878 esse
211 3813 386 3896 composita
409 3834 447 3877 ex
468 3813 676 3902 proportione
703 3813 822 3878 baseon
850 3813 1021 3898 planarum
1043 3818 1076 3877 et
1097 3815 1304 3896 proportione
1331 3813 1441 3878 altitu·

118 3901 232 3968 (ιιιιιιιιι
264 3901 500 3984 triangulorum
529 3904 677 3982 istorum,
713 3900 904 3985 hyperbolae
933 3902 1152 3984 aequantium.
1203 3901 1336 3968 Interim
1366 3901 1441 3966 dum

117 3989 203 4056 hanc
226 3989 382 4073 praedam
403 3997 521 4056 venatu
543 3989 684 4056 reserant
704 3989 875 4074 Apollonii,
898 4011 955 4056 nos
969 3988 1067 4058 fidem
1088 3989 1240 4092 reliquit
1226 3991 1439 4070 theorematis,

118 4080 219 4144 etiam
240 4080 304 4144 n'on
326 4079 542 4160 demonstrati,
566 4079 675 4159 secuti,
698 4079 732 4144 id
747 4079 907 4162 eligemus,
930 4077 1016 4162 quod
1037 4079 1081 4144 ad
1095 4073 1263 4145 veritatatem
1285 4077 1439 4162 adspirat,

118 4174 152 4232 et
166 4176 330 4252 segmenta
352 4168 551 4249 circulorum,
576 4175 750 4251 quaesunt
765 4168 858 4234 bases
878 4169 1059 4234 canicorum
1073 4169 1319 4252 propositorum,
1343 4167 1440 4232 duce-

118 4277 188 4322 mus
211 4279 276 4324 non
297 4257 331 4322 in
345 4257 530 4324 altitudines
553 4277 672 4337 eorum,
695 4277 761 4340 qua
776 4258 900 4324 ratione
914 4257 1038 4323 minora
1055 4259 1143 4342 justo
1163 4256 1439 4334 constitueremus,

119 4345 177 4410 sed
199 4345 233 4411 in
255 4346 355 4412 lineas
376 4347 542 4430 longiores,
567 4345 689 4412 scilicet
709 4347 743 4412 in
766 4347 968 4414 continuatas
988 4345 1047 4412 has
1069 4345 1252 4411 altitudines
1275 4365 1377 4427 usque
1396 4343 1439 4410 ad

120 4455 233 4500 arcum
263 4435 381 4518 circuli,
411 4457 472 4520 per
500 4436 632 4501 vertices
660 4456 813 4500 concrum
843 4435 1102 4502 continuatorum
1130 4451 1251 4518 perque
1284 4433 1439 4507 orificium

120 4523 199 4589 dolii
222 4523 376 4605 traducti,
399 4530 436 4589 nt
458 4525 485 4590 si
507 4525 540 4589 in
563 4525 627 4588 sch.
655 4528 703 4590 16.
728 4524 864 4589 ιιιιιιιιιιι
887 4523 1042 4589 maximus
1066 4521 1285 4588 traduceretur
1308 4541 1366 4605 per
1385 4521 1439 4587 Bc

120 4613 303 4698 etopposit
303 4635 358 4678 um
385 4615 534 4678 uerticem
555 4613 708 4694 ultraD,
737 4619 775 4678 ut
800 4613 841 4678 sit
869 4613 920 4680 GL
949 4613 1018 4696 sagi
1019 4619 1068 4677 tta
1095 4618 1127 4675 et
1149 4609 1202 4673 LB
1229 4611 1317 4674 sinus
1344 4630 1439 4676 arens

121 4700 362 4766 determinantia
384 4706 510 4768 nostras
532 4703 649 4768 lineas:
672 4702 722 4767 cni
745 4701 863 4770 circulo
886 4702 1014 4787 expedit
1035 4697 1193 4784 peculiare
1216 4719 1333 4764 ιιοιιιιιι
1355 4719 1438 4778 esse,
1506 4738 1538 4772 ι.

122 4789 249 4856 dicatur
279 4811 333 4854 me
337 4797 452 4857 t.ator
504 4791 654 4858 Manifest
640 4797 709 4858 tum
740 4791 824 4856 enim
853 4800 919 4872 est,
889 4791 1047 4858 ttalem
1077 4807 1186 4852 arcum
1216 4807 1281 4852 non
1309 4794 1440 4871 tangere

1166 4895 1229 4945 41
