<?xml version="1.0" encoding="UTF-8"?>
<!DOCTYPE html PUBLIC "-//W3C//DTD XHTML 1.0 Transitional//EN"
    "http://www.w3.org/TR/xhtml1/DTD/xhtml1-transitional.dtd">
<html xmlns="http://www.w3.org/1999/xhtml" xml:lang="en" lang="en">
 <head>
  <title>
</title>
<meta http-equiv="Content-Type" content="text/html;charset=utf-8" />
  <meta name='ocr-system' content='tesseract 3.04.00' />
  <meta name='ocr-capabilities' content='ocr_page ocr_carea ocr_par ocr_line ocrx_word'/>
</head>
<body>
  <div class='ocr_page' id='page_1' title='image "./joanniskepleria00unkngoog/joanniskepleria00unkngoog_0331.png"; bbox 0 0 3406 5542; ppageno 0'>
   <div class='ocr_carea' id='block_1_1' title="bbox 16 4813 18 4864">
    <p class='ocr_par' dir='ltr' id='par_1_1' title="bbox 16 4791 18 4892">
     <span class='ocr_line' id='line_1_1' title="bbox 16 4813 18 4864; baseline 0 28"><span class='ocrx_word' id='word_1_1' title='bbox 16 4813 18 4864; x_wconf 66' lang='lat' dir='ltr'>l</span> 
     </span>
    </p>
   </div>
   <div class='ocr_carea' id='block_1_2' title="bbox 240 271 1079 358">
    <p class='ocr_par' dir='ltr' id='par_1_2' title="bbox 240 271 1079 358">
     <span class='ocr_line' id='line_1_2' title="bbox 240 271 1079 358; baseline 0.01 -16"><span class='ocrx_word' id='word_1_2' title='bbox 240 271 308 344; x_wconf 80' lang='lat'>³14</span> <span class='ocrx_word' id='word_1_3' title='bbox 742 291 1079 358; x_wconf 67' lang='grc' dir='ltr'>ιιιιιιιιιαιιι,</span> 
     </span>
    </p>
   </div>
   <div class='ocr_carea' id='block_1_3' title="bbox 241 435 1578 1055">
    <p class='ocr_par' dir='ltr' id='par_1_3' title="bbox 241 435 1578 1055">
     <span class='ocr_line' id='line_1_3' title="bbox 241 435 1574 521; baseline -0.002 -17"><span class='ocrx_word' id='word_1_4' title='bbox 241 439 468 521; x_wconf 66' lang='lat' dir='ltr'>interposuerit,</span> <span class='ocrx_word' id='word_1_5' title='bbox 483 439 578 502; x_wconf 89' lang='lat' dir='ltr'>donec</span> <span class='ocrx_word' id='word_1_6' title='bbox 592 435 764 502; x_wconf 70' lang='lat' dir='ltr'>rescribens</span> <span class='ocrx_word' id='word_1_7' title='bbox 772 437 897 513; x_wconf 80' lang='lat' dir='ltr'>Herodi.</span> <span class='ocrx_word' id='word_1_8' title='bbox 911 443 1101 520; x_wconf 83' lang='lat' dir='ltr'>potestatem</span> <span class='ocrx_word' id='word_1_9' title='bbox 1115 437 1144 502; x_wconf 89' lang='lat' dir='ltr'>ei</span> <span class='ocrx_word' id='word_1_10' title='bbox 1158 437 1243 502; x_wconf 85' lang='lat' dir='ltr'>necis</span> <span class='ocrx_word' id='word_1_11' title='bbox 1256 437 1386 502; x_wconf 81' lang='lat' dir='ltr'>ilioruin</span> <span class='ocrx_word' id='word_1_12' title='bbox 1398 437 1524 508; x_wconf 67' lang='lat' dir='ltr'>bousb</span> <span class='ocrx_word' id='word_1_13' title='bbox 1544 447 1574 502; x_wconf 87' lang='lat' dir='ltr'>et</span> 
     </span>
     <span class='ocr_line' id='line_1_4' title="bbox 242 526 1573 610; baseline 0 -18"><span class='ocrx_word' id='word_1_14' title='bbox 242 528 301 592; x_wconf 87' lang='lat' dir='ltr'>bae</span> <span class='ocrx_word' id='word_1_15' title='bbox 316 529 424 594; x_wconf 88' lang='lat' dir='ltr'>literae</span> <span class='ocrx_word' id='word_1_16' title='bbox 439 529 605 592; x_wconf 80' lang='lat' dir='ltr'>afferantur</span> <span class='ocrx_word' id='word_1_17' title='bbox 616 526 732 591; x_wconf 86' lang='lat' dir='ltr'>Herodi</span> <span class='ocrx_word' id='word_1_18' title='bbox 745 546 800 608; x_wconf 87' lang='lat' dir='ltr'>per</span> <span class='ocrx_word' id='word_1_19' title='bbox 815 526 989 592; x_wconf 78' lang='lat' dir='ltr'>Octobrem.</span> <span class='ocrx_word' id='word_1_20' title='bbox 1033 527 1149 592; x_wconf 86' lang='lat' dir='ltr'>Statim</span> <span class='ocrx_word' id='word_1_21' title='bbox 1162 534 1266 592; x_wconf 86' lang='lat' dir='ltr'>autern</span> <span class='ocrx_word' id='word_1_22' title='bbox 1278 527 1419 592; x_wconf 87' lang='lat' dir='ltr'>Herodes</span> <span class='ocrx_word' id='word_1_23' title='bbox 1438 545 1478 592; x_wconf 88' lang='lat' dir='ltr'>ex</span> <span class='ocrx_word' id='word_1_24' title='bbox 1489 545 1573 610; x_wconf 83' lang='lat' dir='ltr'>prae-</span> 
     </span>
     <span class='ocr_line' id='line_1_5' title="bbox 243 616 1575 698; baseline -0.002 -16"><span class='ocrx_word' id='word_1_25' title='bbox 243 618 359 698; x_wconf 84' lang='lat' dir='ltr'>scripto</span> <span class='ocrx_word' id='word_1_26' title='bbox 374 617 516 682; x_wconf 83' lang='lat' dir='ltr'>Caesaris</span> <span class='ocrx_word' id='word_1_27' title='bbox 531 617 645 680; x_wconf 89' lang='lat' dir='ltr'>amicos</span> <span class='ocrx_word' id='word_1_28' title='bbox 658 616 969 698; x_wconf 81' lang='lat' dir='ltr'>Romanosilerytum</span> <span class='ocrx_word' id='word_1_29' title='bbox 983 617 1172 693; x_wconf 82' lang='lat' dir='ltr'>convocarit,</span> <span class='ocrx_word' id='word_1_30' title='bbox 1186 617 1309 682; x_wconf 83' lang='lat' dir='ltr'>tiliosiu</span> <span class='ocrx_word' id='word_1_31' title='bbox 1325 635 1428 680; x_wconf 91' lang='lat' dir='ltr'>eornm</span> <span class='ocrx_word' id='word_1_32' title='bbox 1441 635 1575 680; x_wconf 71' lang='lat' dir='ltr'>oensem</span> 
     </span>
     <span class='ocr_line' id='line_1_6' title="bbox 243 705 1576 788; baseline 0 -18"><span class='ocrx_word' id='word_1_33' title='bbox 243 707 401 770; x_wconf 68' lang='lat' dir='ltr'>meuserit</span> <span class='ocrx_word' id='word_1_34' title='bbox 415 707 634 787; x_wconf 87' lang='lat' dir='ltr'>damnatosque</span> <span class='ocrx_word' id='word_1_35' title='bbox 649 705 681 768; x_wconf 90' lang='lat' dir='ltr'>in</span> <span class='ocrx_word' id='word_1_36' title='bbox 691 705 823 770; x_wconf 89' lang='lat' dir='ltr'>Sebaste</span> <span class='ocrx_word' id='word_1_37' title='bbox 833 707 1052 788; x_wconf 79' lang='lat' dir='ltr'>strangulavit3</span> <span class='ocrx_word' id='word_1_38' title='bbox 1068 707 1205 772; x_wconf 86' lang='lat' dir='ltr'>dabimus</span> <span class='ocrx_word' id='word_1_39' title='bbox 1220 706 1400 772; x_wconf 73' lang='lat' dir='ltr'>tamenbuic</span> <span class='ocrx_word' id='word_1_40' title='bbox 1414 706 1459 768; x_wconf 90' lang='lat' dir='ltr'>rei</span> <span class='ocrx_word' id='word_1_41' title='bbox 1469 707 1576 786; x_wconf 86' lang='lat' dir='ltr'>justum</span> 
     </span>
     <span class='ocr_line' id='line_1_7' title="bbox 244 794 1576 878; baseline 0.001 -19"><span class='ocrx_word' id='word_1_42' title='bbox 244 796 375 877; x_wconf 82' lang='lat' dir='ltr'>spatium</span> <span class='ocrx_word' id='word_1_43' title='bbox 389 794 593 859; x_wconf 81' lang='lat' dir='ltr'>Novembrem</span> <span class='ocrx_word' id='word_1_44' title='bbox 607 802 641 858; x_wconf 87' lang='lat' dir='ltr'>et</span> <span class='ocrx_word' id='word_1_45' title='bbox 653 795 861 858; x_wconf 74' lang='lat' dir='ltr'>Decembrem.</span> <span class='ocrx_word' id='word_1_46' title='bbox 904 796 1008 877; x_wconf 81' lang='lat' dir='ltr'>Atque</span> <span class='ocrx_word' id='word_1_47' title='bbox 1028 796 1106 860; x_wconf 85' lang='lat' dir='ltr'>baec</span> <span class='ocrx_word' id='word_1_48' title='bbox 1120 797 1188 860; x_wconf 83' lang='lat' dir='ltr'>sola</span> <span class='ocrx_word' id='word_1_49' title='bbox 1201 815 1274 878; x_wconf 78' lang='lat' dir='ltr'>pars</span> <span class='ocrx_word' id='word_1_50' title='bbox 1292 796 1440 866; x_wconf 81' lang='lat' dir='ltr'>historiae</span> <span class='ocrx_word' id='word_1_51' title='bbox 1453 795 1576 860; x_wconf 79' lang='lat' dir='ltr'>Herodis</span> 
     </span>
     <span class='ocr_line' id='line_1_8' title="bbox 242 883 1577 968; baseline 0 -20"><span class='ocrx_word' id='word_1_52' title='bbox 242 893 411 967; x_wconf 87' lang='lat' dir='ltr'>temporum</span> <span class='ocrx_word' id='word_1_53' title='bbox 432 902 580 965; x_wconf 84' lang='lat' dir='ltr'>expressa</span> <span class='ocrx_word' id='word_1_54' title='bbox 601 885 760 948; x_wconf 88' lang='lat' dir='ltr'>notatione</span> <span class='ocrx_word' id='word_1_55' title='bbox 781 891 882 960; x_wconf 86' lang='lat' dir='ltr'>caret,</span> <span class='ocrx_word' id='word_1_56' title='bbox 902 904 992 968; x_wconf 90' lang='lat' dir='ltr'>quam</span> <span class='ocrx_word' id='word_1_57' title='bbox 1013 885 1044 948; x_wconf 91' lang='lat' dir='ltr'>in</span> <span class='ocrx_word' id='word_1_58' title='bbox 1066 885 1142 948; x_wconf 87' lang='lat' dir='ltr'>duos</span> <span class='ocrx_word' id='word_1_59' title='bbox 1156 905 1253 948; x_wconf 85' lang='lat' dir='ltr'>annos</span> <span class='ocrx_word' id='word_1_60' title='bbox 1275 884 1327 949; x_wconf 80' lang='grc'>39.</span> <span class='ocrx_word' id='word_1_61' title='bbox 1350 893 1383 948; x_wconf 91' lang='lat' dir='ltr'>et</span> <span class='ocrx_word' id='word_1_62' title='bbox 1396 885 1448 948; x_wconf 86' lang='lat'>4⁰.</span> <span class='ocrx_word' id='word_1_63' title='bbox 1464 883 1577 964; x_wconf 75' lang='lat' dir='ltr'>digessi,</span> 
     </span>
     <span class='ocr_line' id='line_1_9' title="bbox 242 973 1578 1055; baseline -0.001 -17"><span class='ocrx_word' id='word_1_64' title='bbox 242 993 299 1038; x_wconf 90' lang='lat' dir='ltr'>nec</span> <span class='ocrx_word' id='word_1_65' title='bbox 320 973 382 1036; x_wconf 92' lang='lat' dir='ltr'>nlla</span> <span class='ocrx_word' id='word_1_66' title='bbox 396 973 582 1036; x_wconf 67' lang='lat' dir='ltr'>necessitate</span> <span class='ocrx_word' id='word_1_67' title='bbox 604 974 754 1054; x_wconf 85' lang='lat' dir='ltr'>cogimur,</span> <span class='ocrx_word' id='word_1_68' title='bbox 775 974 846 1055; x_wconf 87' lang='lat' dir='ltr'>quin</span> <span class='ocrx_word' id='word_1_69' title='bbox 867 974 971 1055; x_wconf 89' lang='lat' dir='ltr'>potius</span> <span class='ocrx_word' id='word_1_70' title='bbox 992 993 1052 1038; x_wconf 89' lang='grc' dir='ltr'>ιοι</span> <span class='ocrx_word' id='word_1_71' title='bbox 1073 975 1179 1055; x_wconf 88' lang='lat' dir='ltr'>paucis</span> <span class='ocrx_word' id='word_1_72' title='bbox 1194 973 1382 1038; x_wconf 74' lang='lat' dir='ltr'>documentis</span> <span class='ocrx_word' id='word_1_73' title='bbox 1401 973 1578 1036; x_wconf 86' lang='lat' dir='ltr'>vetamnrin</span> 
     </span>
    </p>
   </div>
   <div class='ocr_carea' id='block_1_4' title="bbox 176 1061 1578 1145">
    <p class='ocr_par' dir='ltr' id='par_1_4' title="bbox 176 1061 1578 1145">
     <span class='ocr_line' id='line_1_10' title="bbox 176 1061 1578 1145; baseline -0.001 -19"><span class='ocrx_word' id='word_1_74' title='bbox 176 1072 184 1082; x_wconf 87' lang='lat'><strong><em>‘</em></strong></span> <span class='ocrx_word' id='word_1_75' title='bbox 242 1063 344 1145; x_wconf 90' lang='lat' dir='ltr'>plures</span> <span class='ocrx_word' id='word_1_76' title='bbox 359 1081 456 1126; x_wconf 89' lang='lat' dir='ltr'>annos</span> <span class='ocrx_word' id='word_1_77' title='bbox 471 1062 651 1137; x_wconf 89' lang='lat' dir='ltr'>extendere;</span> <span class='ocrx_word' id='word_1_78' title='bbox 674 1062 713 1125; x_wconf 91' lang='lat' dir='ltr'>ab</span> <span class='ocrx_word' id='word_1_79' title='bbox 727 1062 787 1124; x_wconf 89' lang='lat' dir='ltr'>bac</span> <span class='ocrx_word' id='word_1_80' title='bbox 801 1082 873 1126; x_wconf 87' lang='lat' dir='ltr'>vero</span> <span class='ocrx_word' id='word_1_81' title='bbox 889 1082 963 1126; x_wconf 87' lang='lat' dir='ltr'>nece</span> <span class='ocrx_word' id='word_1_82' title='bbox 978 1063 1105 1128; x_wconf 87' lang='lat' dir='ltr'>liliorum</span> <span class='ocrx_word' id='word_1_83' title='bbox 1112 1063 1299 1126; x_wconf 77' lang='lat' dir='ltr'>Mariamnes</span> <span class='ocrx_word' id='word_1_84' title='bbox 1311 1063 1450 1126; x_wconf 81' lang='lat' dir='ltr'>invenies</span> <span class='ocrx_word' id='word_1_85' title='bbox 1465 1061 1578 1126; x_wconf 88' lang='lat' dir='ltr'>circiter</span> 
     </span>
    </p>
   </div>
   <div class='ocr_carea' id='block_1_5' title="bbox 240 1151 1592 3282">
    <p class='ocr_par' dir='ltr' id='par_1_5' title="bbox 240 1151 1585 2393">
     <span class='ocr_line' id='line_1_11' title="bbox 245 1151 1577 1232; baseline -0.001 -18"><span class='ocrx_word' id='word_1_86' title='bbox 245 1151 286 1214; x_wconf 87' lang='lat'>14</span> <span class='ocrx_word' id='word_1_87' title='bbox 301 1169 421 1214; x_wconf 88' lang='lat' dir='ltr'>menses</span> <span class='ocrx_word' id='word_1_88' title='bbox 443 1151 483 1214; x_wconf 89' lang='lat' dir='ltr'>ad</span> <span class='ocrx_word' id='word_1_89' title='bbox 497 1151 587 1214; x_wconf 88' lang='lat' dir='ltr'>tinem</span> <span class='ocrx_word' id='word_1_90' title='bbox 608 1151 691 1214; x_wconf 83' lang='lat' dir='ltr'>vitae</span> <span class='ocrx_word' id='word_1_91' title='bbox 705 1151 846 1214; x_wconf 83' lang='lat' dir='ltr'>Herodis.</span> <span class='ocrx_word' id='word_1_92' title='bbox 890 1152 948 1214; x_wconf 85' lang='lat' dir='ltr'>His</span> <span class='ocrx_word' id='word_1_93' title='bbox 970 1153 1050 1216; x_wconf 88' lang='lat' dir='ltr'>enim</span> <span class='ocrx_word' id='word_1_94' title='bbox 1064 1152 1169 1216; x_wconf 81' lang='lat' dir='ltr'>fraude</span> <span class='ocrx_word' id='word_1_95' title='bbox 1190 1153 1296 1216; x_wconf 75' lang='lat' dir='ltr'>nauis</span> <span class='ocrx_word' id='word_1_96' title='bbox 1309 1151 1471 1232; x_wconf 86' lang='lat' dir='ltr'>Antipatri</span> <span class='ocrx_word' id='word_1_97' title='bbox 1488 1153 1577 1214; x_wconf 84' lang='lat' dir='ltr'>inter·</span> 
     </span>
     <span class='ocr_line' id='line_1_12' title="bbox 243 1239 1578 1322; baseline -0.001 -18"><span class='ocrx_word' id='word_1_98' title='bbox 243 1240 341 1314; x_wconf 87' lang='lat' dir='ltr'>emtis,</span> <span class='ocrx_word' id='word_1_99' title='bbox 354 1240 523 1321; x_wconf 75' lang='lat' dir='ltr'>Antipater</span> <span class='ocrx_word' id='word_1_100' title='bbox 537 1241 685 1321; x_wconf 89' lang='lat' dir='ltr'>paulatim</span> <span class='ocrx_word' id='word_1_101' title='bbox 699 1239 829 1303; x_wconf 84' lang='lat' dir='ltr'>venitin</span> <span class='ocrx_word' id='word_1_102' title='bbox 845 1240 953 1316; x_wconf 82' lang='lat' dir='ltr'>odium,</span> <span class='ocrx_word' id='word_1_103' title='bbox 969 1242 1085 1304; x_wconf 79' lang='lat' dir='ltr'>recenti</span> <span class='ocrx_word' id='word_1_104' title='bbox 1098 1242 1202 1322; x_wconf 89' lang='lat' dir='ltr'>ntique</span> <span class='ocrx_word' id='word_1_105' title='bbox 1223 1241 1368 1304; x_wconf 88' lang='lat' dir='ltr'>memoria</span> <span class='ocrx_word' id='word_1_106' title='bbox 1381 1241 1471 1304; x_wconf 82' lang='lat' dir='ltr'>facti:</span> <span class='ocrx_word' id='word_1_107' title='bbox 1494 1257 1578 1322; x_wconf 84' lang='lat' dir='ltr'>quaro</span> 
     </span>
     <span class='ocr_line' id='line_1_13' title="bbox 243 1328 1578 1412; baseline -0.001 -18"><span class='ocrx_word' id='word_1_108' title='bbox 243 1337 277 1394; x_wconf 90' lang='lat' dir='ltr'>et</span> <span class='ocrx_word' id='word_1_109' title='bbox 289 1328 423 1410; x_wconf 86' lang='lat' dir='ltr'>periculo</span> <span class='ocrx_word' id='word_1_110' title='bbox 447 1337 480 1392; x_wconf 90' lang='lat' dir='ltr'>et</span> <span class='ocrx_word' id='word_1_111' title='bbox 494 1329 580 1410; x_wconf 88' lang='lat' dir='ltr'>regni</span> <span class='ocrx_word' id='word_1_112' title='bbox 594 1329 761 1411; x_wconf 87' lang='lat' dir='ltr'>cupiditate</span> <span class='ocrx_word' id='word_1_113' title='bbox 776 1329 942 1410; x_wconf 86' lang='lat' dir='ltr'>instigatus</span> <span class='ocrx_word' id='word_1_114' title='bbox 962 1330 1044 1412; x_wconf 83' lang='lat' dir='ltr'>patri</span> <span class='ocrx_word' id='word_1_115' title='bbox 1058 1349 1175 1412; x_wconf 85' lang='lat' dir='ltr'>qnoque</span> <span class='ocrx_word' id='word_1_116' title='bbox 1188 1331 1304 1394; x_wconf 89' lang='lat' dir='ltr'>Herodi</span> <span class='ocrx_word' id='word_1_117' title='bbox 1325 1339 1359 1392; x_wconf 91' lang='lat' dir='ltr'>et</span> <span class='ocrx_word' id='word_1_118' title='bbox 1372 1330 1516 1394; x_wconf 85' lang='lat' dir='ltr'>iratribus</span> <span class='ocrx_word' id='word_1_119' title='bbox 1530 1347 1578 1392; x_wconf 91' lang='lat' dir='ltr'>ce·</span> 
     </span>
     <span class='ocr_line' id='line_1_14' title="bbox 242 1418 1581 1500; baseline -0.002 -16"><span class='ocrx_word' id='word_1_120' title='bbox 242 1419 318 1484; x_wconf 83' lang='lat' dir='ltr'>teris</span> <span class='ocrx_word' id='word_1_121' title='bbox 329 1418 445 1482; x_wconf 82' lang='lat' dir='ltr'>Romae</span> <span class='ocrx_word' id='word_1_122' title='bbox 461 1437 516 1500; x_wconf 92' lang='lat' dir='ltr'>per</span> <span class='ocrx_word' id='word_1_123' title='bbox 525 1419 734 1482; x_wconf 88' lang='lat' dir='ltr'>clandestinas</span> <span class='ocrx_word' id='word_1_124' title='bbox 749 1418 857 1482; x_wconf 86' lang='lat' dir='ltr'>literas</span> <span class='ocrx_word' id='word_1_125' title='bbox 873 1419 986 1482; x_wconf 85' lang='lat' dir='ltr'>struxit</span> <span class='ocrx_word' id='word_1_126' title='bbox 999 1419 1135 1492; x_wconf 82' lang='lat' dir='ltr'>insidias.</span> <span class='ocrx_word' id='word_1_127' title='bbox 1164 1421 1264 1484; x_wconf 84' lang='lat' dir='ltr'>Facta</span> <span class='ocrx_word' id='word_1_128' title='bbox 1279 1421 1342 1482; x_wconf 87' lang='lat' dir='ltr'>sint</span> <span class='ocrx_word' id='word_1_129' title='bbox 1355 1421 1419 1482; x_wconf 87' lang='lat' dir='ltr'>ista</span> <span class='ocrx_word' id='word_1_130' title='bbox 1431 1418 1581 1492; x_wconf 82' lang='lat' dir='ltr'>Januario,</span> 
     </span>
     <span class='ocr_line' id='line_1_15' title="bbox 240 1507 1581 1588; baseline -0.001 -17"><span class='ocrx_word' id='word_1_131' title='bbox 240 1507 412 1572; x_wconf 82' lang='lat' dir='ltr'>Februario.</span> <span class='ocrx_word' id='word_1_132' title='bbox 431 1507 590 1588; x_wconf 88' lang='lat' dir='ltr'>scripserit</span> <span class='ocrx_word' id='word_1_133' title='bbox 603 1507 733 1572; x_wconf 88' lang='lat' dir='ltr'>Romam</span> <span class='ocrx_word' id='word_1_134' title='bbox 754 1508 875 1582; x_wconf 88' lang='lat' dir='ltr'>amicis,</span> <span class='ocrx_word' id='word_1_135' title='bbox 897 1516 1040 1572; x_wconf 70' lang='lat' dir='ltr'>cernerent</span> <span class='ocrx_word' id='word_1_136' title='bbox 1060 1527 1095 1572; x_wconf 88' lang='lat' dir='ltr'>ss</span> <span class='ocrx_word' id='word_1_137' title='bbox 1116 1509 1235 1584; x_wconf 85' lang='lat' dir='ltr'>vocari,</span> <span class='ocrx_word' id='word_1_138' title='bbox 1258 1515 1383 1572; x_wconf 86' lang='lat' dir='ltr'>vocetur</span> <span class='ocrx_word' id='word_1_139' title='bbox 1396 1508 1519 1582; x_wconf 78' lang='lat' dir='ltr'>Martio,</span> <span class='ocrx_word' id='word_1_140' title='bbox 1532 1515 1581 1569; x_wconf 85' lang='lat' dir='ltr'>eat</span> 
     </span>
     <span class='ocr_line' id='line_1_16' title="bbox 240 1595 1581 1680; baseline -0.003 -18"><span class='ocrx_word' id='word_1_141' title='bbox 240 1596 342 1680; x_wconf 85' lang='lat' dir='ltr'>Aprili</span> <span class='ocrx_word' id='word_1_142' title='bbox 355 1596 493 1661; x_wconf 79' lang='lat' dir='ltr'>Romarm</span> <span class='ocrx_word' id='word_1_143' title='bbox 537 1597 589 1661; x_wconf 93' lang='lat' dir='ltr'>Ab</span> <span class='ocrx_word' id='word_1_144' title='bbox 603 1597 662 1661; x_wconf 88' lang='lat' dir='ltr'>boc</span> <span class='ocrx_word' id='word_1_145' title='bbox 684 1597 830 1678; x_wconf 89' lang='lat' dir='ltr'>temporis</span> <span class='ocrx_word' id='word_1_146' title='bbox 846 1597 991 1673; x_wconf 86' lang='lat' dir='ltr'>articulo,</span> <span class='ocrx_word' id='word_1_147' title='bbox 1013 1597 1105 1659; x_wconf 91' lang='lat' dir='ltr'>dum&#39;</span> <span class='ocrx_word' id='word_1_148' title='bbox 1096 1617 1162 1678; x_wconf 81' lang='lat' dir='ltr'>lpse</span> <span class='ocrx_word' id='word_1_149' title='bbox 1178 1598 1290 1661; x_wconf 86' lang='lat' dir='ltr'>absens</span> <span class='ocrx_word' id='word_1_150' title='bbox 1305 1597 1496 1661; x_wconf 82' lang='lat' dir='ltr'>convincitur</span> <span class='ocrx_word' id='word_1_151' title='bbox 1509 1595 1581 1658; x_wconf 87' lang='lat' dir='ltr'>insi·</span> 
     </span>
     <span class='ocr_line' id='line_1_17' title="bbox 242 1684 1582 1768; baseline -0.001 -18"><span class='ocrx_word' id='word_1_152' title='bbox 242 1684 383 1750; x_wconf 87' lang='lat' dir='ltr'>diarum</span> <span class='ocrx_word' id='word_1_153' title='bbox 374 1706 405 1748; x_wconf 94' lang='grc' dir='ltr'>ιι</span> <span class='ocrx_word' id='word_1_154' title='bbox 420 1693 539 1768; x_wconf 81' lang='lat' dir='ltr'>petrem</span> <span class='ocrx_word' id='word_1_155' title='bbox 561 1693 593 1748; x_wconf 86' lang='lat' dir='ltr'>et</span> <span class='ocrx_word' id='word_1_156' title='bbox 607 1685 809 1767; x_wconf 76' lang='lat' dir='ltr'>parricidialis</span> <span class='ocrx_word' id='word_1_157' title='bbox 831 1685 1021 1750; x_wconf 87' lang='lat' dir='ltr'>calumniae&#39;</span> <span class='ocrx_word' id='word_1_158' title='bbox 1013 1706 1044 1749; x_wconf 92' lang='grc' dir='ltr'>ιι</span> <span class='ocrx_word' id='word_1_159' title='bbox 1059 1687 1153 1762; x_wconf 87' lang='lat' dir='ltr'>lilios,</span> <span class='ocrx_word' id='word_1_160' title='bbox 1174 1705 1269 1768; x_wconf 87' lang='lat' dir='ltr'>nsque</span> <span class='ocrx_word' id='word_1_161' title='bbox 1284 1687 1367 1750; x_wconf 90' lang='lat' dir='ltr'>ad</span> <span class='ocrx_word' id='word_1_162' title='bbox 1339 1705 1405 1767; x_wconf 87' lang='lat' dir='ltr'>eJus</span> <span class='ocrx_word' id='word_1_163' title='bbox 1420 1686 1582 1750; x_wconf 83' lang='lat' dir='ltr'>discessum</span> 
     </span>
     <span class='ocr_line' id='line_1_18' title="bbox 243 1773 1581 1857; baseline 0 -19"><span class='ocrx_word' id='word_1_164' title='bbox 243 1794 283 1838; x_wconf 87' lang='lat' dir='ltr'>ex</span> <span class='ocrx_word' id='word_1_165' title='bbox 297 1774 370 1838; x_wconf 90' lang='lat' dir='ltr'>urbe</span> <span class='ocrx_word' id='word_1_166' title='bbox 384 1773 500 1850; x_wconf 86' lang='lat' dir='ltr'>Roma,</span> <span class='ocrx_word' id='word_1_167' title='bbox 521 1775 591 1842; x_wconf 90' lang='lat' dir='ltr'>dum</span> <span class='ocrx_word' id='word_1_168' title='bbox 605 1776 687 1857; x_wconf 90' lang='lat' dir='ltr'>patri</span> <span class='ocrx_word' id='word_1_169' title='bbox 702 1776 859 1838; x_wconf 81' lang='lat' dir='ltr'>revocanti</span> <span class='ocrx_word' id='word_1_170' title='bbox 880 1782 988 1857; x_wconf 89' lang='lat' dir='ltr'>paret,</span> <span class='ocrx_word' id='word_1_171' title='bbox 1008 1775 1162 1857; x_wconf 85' lang='lat' dir='ltr'>Josephus</span> <span class='ocrx_word' id='word_1_172' title='bbox 1178 1774 1291 1838; x_wconf 73' lang='lat' dir='ltr'>dberte</span> <span class='ocrx_word' id='word_1_173' title='bbox 1313 1783 1456 1840; x_wconf 83' lang='lat' dir='ltr'>numerat</span> <span class='ocrx_word' id='word_1_174' title='bbox 1469 1793 1581 1838; x_wconf 87' lang='lat' dir='ltr'>menses</span> 
     </span>
     <span class='ocr_line' id='line_1_19' title="bbox 243 1863 1581 1946; baseline -0.001 -18"><span class='ocrx_word' id='word_1_175' title='bbox 243 1871 371 1945; x_wconf 85' lang='lat' dir='ltr'>septem,</span> <span class='ocrx_word' id='word_1_176' title='bbox 385 1863 577 1927; x_wconf 74' lang='lat' dir='ltr'>admiratus·</span> <span class='ocrx_word' id='word_1_177' title='bbox 568 1883 644 1946; x_wconf 83' lang='lat' dir='ltr'>rpse,</span> <span class='ocrx_word' id='word_1_178' title='bbox 659 1872 747 1928; x_wconf 87' lang='lat' dir='ltr'>tauto</span> <span class='ocrx_word' id='word_1_179' title='bbox 762 1865 908 1946; x_wconf 90' lang='lat' dir='ltr'>temporis</span> <span class='ocrx_word' id='word_1_180' title='bbox 923 1864 1024 1945; x_wconf 88' lang='lat' dir='ltr'>spatio</span> <span class='ocrx_word' id='word_1_181' title='bbox 1040 1884 1101 1930; x_wconf 94' lang='lat' dir='ltr'>nou</span> <span class='ocrx_word' id='word_1_182' title='bbox 1115 1864 1357 1930; x_wconf 82' lang='lat' dir='ltr'>animadversum</span> <span class='ocrx_word' id='word_1_183' title='bbox 1371 1864 1581 1946; x_wconf 87' lang='lat' dir='ltr'>abAntipatro</span> 
     </span>
     <span class='ocr_line' id='line_1_20' title="bbox 243 1952 1583 2035; baseline -0.001 -19"><span class='ocrx_word' id='word_1_184' title='bbox 243 1952 417 2034; x_wconf 87' lang='lat' dir='ltr'>periculum.</span> <span class='ocrx_word' id='word_1_185' title='bbox 447 1952 647 2018; x_wconf 87' lang='lat' dir='ltr'>Decembrem</span> <span class='ocrx_word' id='word_1_186' title='bbox 661 1953 755 2035; x_wconf 89' lang='lat' dir='ltr'>igitur</span> <span class='ocrx_word' id='word_1_187' title='bbox 768 1953 925 2034; x_wconf 89' lang='lat' dir='ltr'>impendat</span> <span class='ocrx_word' id='word_1_188' title='bbox 939 1953 1058 2017; x_wconf 83' lang='lat' dir='ltr'>reditui</span> <span class='ocrx_word' id='word_1_189' title='bbox 1102 1954 1217 2017; x_wconf 87' lang='lat' dir='ltr'>Verum</span> <span class='ocrx_word' id='word_1_190' title='bbox 1240 1954 1353 2035; x_wconf 89' lang='lat' dir='ltr'>inipso</span> <span class='ocrx_word' id='word_1_191' title='bbox 1369 1953 1456 2017; x_wconf 87' lang='lat' dir='ltr'>aditu</span> <span class='ocrx_word' id='word_1_192' title='bbox 1469 1952 1583 2034; x_wconf 79' lang='lat' dir='ltr'>patriae</span> 
     </span>
     <span class='ocr_line' id='line_1_21' title="bbox 243 2040 1584 2124; baseline -0.001 -18"><span class='ocrx_word' id='word_1_193' title='bbox 243 2041 398 2122; x_wconf 86' lang='lat' dir='ltr'>conjectus</span> <span class='ocrx_word' id='word_1_194' title='bbox 413 2049 464 2105; x_wconf 88' lang='lat' dir='ltr'>eat</span> <span class='ocrx_word' id='word_1_195' title='bbox 478 2042 508 2106; x_wconf 92' lang='lat' dir='ltr'>in</span> <span class='ocrx_word' id='word_1_196' title='bbox 523 2042 653 2119; x_wconf 78' lang='grc' dir='ltr'>ιίιιιΙι,</span> <span class='ocrx_word' id='word_1_197' title='bbox 667 2041 838 2124; x_wconf 86' lang='lat' dir='ltr'>missaeque</span> <span class='ocrx_word' id='word_1_198' title='bbox 854 2043 894 2107; x_wconf 92' lang='lat' dir='ltr'>ad</span> <span class='ocrx_word' id='word_1_199' title='bbox 901 2040 1068 2107; x_wconf 79' lang='lat' dir='ltr'>Gaesarem</span> <span class='ocrx_word' id='word_1_200' title='bbox 1081 2043 1190 2106; x_wconf 83' lang='lat' dir='ltr'>literae</span> <span class='ocrx_word' id='word_1_201' title='bbox 1205 2043 1353 2106; x_wconf 86' lang='lat' dir='ltr'>scelernm</span> <span class='ocrx_word' id='word_1_202' title='bbox 1367 2043 1434 2122; x_wconf 66' lang='grc' dir='ltr'>ιἰι</span> <span class='ocrx_word' id='word_1_203' title='bbox 1448 2041 1584 2115; x_wconf 84' lang='lat' dir='ltr'>nuncius,</span> 
     </span>
     <span class='ocr_line' id='line_1_22' title="bbox 243 2131 1584 2214; baseline -0.001 -20"><span class='ocrx_word' id='word_1_204' title='bbox 243 2131 351 2214; x_wconf 86' lang='lat' dir='ltr'>quibus</span> <span class='ocrx_word' id='word_1_205' title='bbox 362 2131 527 2206; x_wconf 69' lang='lat' dir='ltr'>‚Ianuarius</span> <span class='ocrx_word' id='word_1_206' title='bbox 543 2132 643 2208; x_wconf 81' lang='lat' dir='ltr'>cedat,</span> <span class='ocrx_word' id='word_1_207' title='bbox 656 2140 689 2196; x_wconf 89' lang='lat' dir='ltr'>et</span> <span class='ocrx_word' id='word_1_208' title='bbox 695 2131 861 2196; x_wconf 79' lang='lat' dir='ltr'>Februario</span> <span class='ocrx_word' id='word_1_209' title='bbox 877 2133 1027 2197; x_wconf 81' lang='lat' dir='ltr'>referatur</span> <span class='ocrx_word' id='word_1_210' title='bbox 1042 2131 1196 2196; x_wconf 87' lang='lat' dir='ltr'>sententia</span> <span class='ocrx_word' id='word_1_211' title='bbox 1209 2132 1317 2196; x_wconf 87' lang='lat' dir='ltr'>mortis</span> <span class='ocrx_word' id='word_1_212' title='bbox 1332 2153 1353 2194; x_wconf 91' lang='lat' dir='ltr'>a</span> <span class='ocrx_word' id='word_1_213' title='bbox 1368 2131 1517 2206; x_wconf 84' lang='lat' dir='ltr'>Caesare,</span> <span class='ocrx_word' id='word_1_214' title='bbox 1529 2149 1584 2212; x_wconf 89' lang='lat' dir='ltr'>qua</span> 
     </span>
     <span class='ocr_line' id='line_1_23' title="bbox 243 2219 1585 2304; baseline 0.001 -22"><span class='ocrx_word' id='word_1_215' title='bbox 243 2227 372 2302; x_wconf 89' lang='lat' dir='ltr'>accepta</span> <span class='ocrx_word' id='word_1_216' title='bbox 380 2221 530 2296; x_wconf 88' lang='lat' dir='ltr'>Herodes,</span> <span class='ocrx_word' id='word_1_217' title='bbox 540 2221 607 2302; x_wconf 88' lang='lat' dir='ltr'>jam</span> <span class='ocrx_word' id='word_1_218' title='bbox 620 2221 725 2284; x_wconf 89' lang='lat' dir='ltr'>morbo</span> <span class='ocrx_word' id='word_1_219' title='bbox 740 2220 913 2304; x_wconf 90' lang='lat' dir='ltr'>implicitus,</span> <span class='ocrx_word' id='word_1_220' title='bbox 928 2219 1053 2284; x_wconf 89' lang='lat' dir='ltr'>caedem</span> <span class='ocrx_word' id='word_1_221' title='bbox 1067 2221 1121 2284; x_wconf 81' lang='lat' dir='ltr'>dlii</span> <span class='ocrx_word' id='word_1_222' title='bbox 1135 2239 1314 2303; x_wconf 84' lang='lat' dir='ltr'>properasse</span> <span class='ocrx_word' id='word_1_223' title='bbox 1330 2221 1453 2302; x_wconf 87' lang='lat' dir='ltr'>legitur,</span> <span class='ocrx_word' id='word_1_224' title='bbox 1468 2220 1516 2284; x_wconf 86' lang='lat' dir='ltr'>cui</span> <span class='ocrx_word' id='word_1_225' title='bbox 1529 2238 1585 2284; x_wconf 90' lang='lat' dir='ltr'>nou</span> 
     </span>
     <span class='ocr_line' id='line_1_24' title="bbox 242 2309 788 2393; baseline -0.002 -19"><span class='ocrx_word' id='word_1_226' title='bbox 242 2309 371 2390; x_wconf 89' lang='lat' dir='ltr'>amplius</span> <span class='ocrx_word' id='word_1_227' title='bbox 386 2309 515 2392; x_wconf 88' lang='lat' dir='ltr'>quinque</span> <span class='ocrx_word' id='word_1_228' title='bbox 531 2310 596 2374; x_wconf 89' lang='lat' dir='ltr'>dies</span> <span class='ocrx_word' id='word_1_229' title='bbox 612 2310 788 2393; x_wconf 83' lang='lat' dir='ltr'>supervixit</span> 
     </span>
    </p>

    <p class='ocr_par' dir='ltr' id='par_1_6' title="bbox 242 2396 1592 3282">
     <span class='ocr_line' id='line_1_25' title="bbox 330 2396 1585 2480; baseline -0.002 -18"><span class='ocrx_word' id='word_1_230' title='bbox 330 2397 406 2462; x_wconf 83' lang='grc' dir='ltr'>Οιιι</span> <span class='ocrx_word' id='word_1_231' title='bbox 427 2399 505 2462; x_wconf 90' lang='lat' dir='ltr'>baec</span> <span class='ocrx_word' id='word_1_232' title='bbox 527 2399 627 2463; x_wconf 87' lang='lat' dir='ltr'>omnia</span> <span class='ocrx_word' id='word_1_233' title='bbox 641 2401 681 2464; x_wconf 87' lang='lat' dir='ltr'>ab</span> <span class='ocrx_word' id='word_1_234' title='bbox 703 2418 782 2462; x_wconf 88' lang='lat' dir='ltr'>anuo</span> <span class='ocrx_word' id='word_1_235' title='bbox 798 2398 857 2474; x_wconf 84' lang='lat'>38,</span> <span class='ocrx_word' id='word_1_236' title='bbox 879 2397 929 2480; x_wconf 85' lang='lat' dir='ltr'>qui</span> <span class='ocrx_word' id='word_1_237' title='bbox 944 2398 1058 2462; x_wconf 86' lang='lat' dir='ltr'>ludicro</span> <span class='ocrx_word' id='word_1_238' title='bbox 1073 2396 1232 2480; x_wconf 80' lang='lat' dir='ltr'>Olympico</span> <span class='ocrx_word' id='word_1_239' title='bbox 1258 2406 1308 2462; x_wconf 89' lang='lat' dir='ltr'>est</span> <span class='ocrx_word' id='word_1_240' title='bbox 1322 2398 1478 2480; x_wconf 57' lang='lat' dir='ltr'>agnatus,</span> <span class='ocrx_word' id='word_1_241' title='bbox 1505 2405 1537 2460; x_wconf 91' lang='lat' dir='ltr'>et</span> <span class='ocrx_word' id='word_1_242' title='bbox 1550 2396 1585 2460; x_wconf 90' lang='lat' dir='ltr'>ab</span> 
     </span>
     <span class='ocr_line' id='line_1_26' title="bbox 243 2487 1585 2570; baseline -0.001 -20"><span class='ocrx_word' id='word_1_243' title='bbox 243 2507 323 2551; x_wconf 87' lang='lat' dir='ltr'>auno</span> <span class='ocrx_word' id='word_1_244' title='bbox 338 2487 390 2556; x_wconf 84' lang='grc'>36.</span> <span class='ocrx_word' id='word_1_245' title='bbox 404 2487 543 2564; x_wconf 85' lang='lat' dir='ltr'>Juliano,</span> <span class='ocrx_word' id='word_1_246' title='bbox 565 2489 615 2570; x_wconf 93' lang='lat' dir='ltr'>qui</span> <span class='ocrx_word' id='word_1_247' title='bbox 630 2495 805 2552; x_wconf 88' lang='lat' dir='ltr'>numeratur</span> <span class='ocrx_word' id='word_1_248' title='bbox 820 2488 871 2550; x_wconf 88' lang='grc'>28.</span> <span class='ocrx_word' id='word_1_249' title='bbox 886 2487 1033 2562; x_wconf 87' lang='lat' dir='ltr'>Herodis,</span> <span class='ocrx_word' id='word_1_250' title='bbox 1054 2487 1253 2569; x_wconf 89' lang='lat' dir='ltr'>pulcherrimo</span> <span class='ocrx_word' id='word_1_251' title='bbox 1267 2507 1347 2550; x_wconf 88' lang='lat' dir='ltr'>nexu</span> <span class='ocrx_word' id='word_1_252' title='bbox 1367 2487 1451 2552; x_wconf 90' lang='lat' dir='ltr'>inter</span> <span class='ocrx_word' id='word_1_253' title='bbox 1467 2507 1502 2550; x_wconf 89' lang='lat' dir='ltr'>se</span> <span class='ocrx_word' id='word_1_254' title='bbox 1516 2506 1585 2552; x_wconf 92' lang='lat' dir='ltr'>con·</span> 
     </span>
     <span class='ocr_line' id='line_1_27' title="bbox 242 2577 1587 2660; baseline -0.003 -16"><span class='ocrx_word' id='word_1_255' title='bbox 242 2583 328 2644; x_wconf 81' lang='lat' dir='ltr'>serta</span> <span class='ocrx_word' id='word_1_256' title='bbox 350 2577 428 2652; x_wconf 87' lang='lat' dir='ltr'>sint,</span> <span class='ocrx_word' id='word_1_257' title='bbox 449 2585 485 2640; x_wconf 91' lang='lat' dir='ltr'>ut</span> <span class='ocrx_word' id='word_1_258' title='bbox 498 2577 605 2640; x_wconf 88' lang='lat' dir='ltr'>mirum</span> <span class='ocrx_word' id='word_1_259' title='bbox 628 2578 654 2640; x_wconf 93' lang='lat' dir='ltr'>si</span> <span class='ocrx_word' id='word_1_260' title='bbox 676 2579 743 2660; x_wconf 89' lang='lat' dir='ltr'>quis</span> <span class='ocrx_word' id='word_1_261' title='bbox 764 2577 813 2640; x_wconf 87' lang='lat' dir='ltr'>vel</span> <span class='ocrx_word' id='word_1_262' title='bbox 835 2577 945 2640; x_wconf 89' lang='lat' dir='ltr'>mutire</span> <span class='ocrx_word' id='word_1_263' title='bbox 968 2583 1076 2640; x_wconf 89' lang='lat' dir='ltr'>contra</span> <span class='ocrx_word' id='word_1_264' title='bbox 1097 2577 1224 2652; x_wconf 84' lang='lat' dir='ltr'>audeat,</span> <span class='ocrx_word' id='word_1_265' title='bbox 1246 2578 1355 2640; x_wconf 91' lang='lat' dir='ltr'>nedum</span> <span class='ocrx_word' id='word_1_266' title='bbox 1375 2585 1412 2640; x_wconf 89' lang='grc' dir='ltr'>ιι</span> <span class='ocrx_word' id='word_1_267' title='bbox 1432 2577 1587 2642; x_wconf 84' lang='lat' dir='ltr'>triennium</span> 
     </span>
     <span class='ocr_line' id='line_1_28' title="bbox 242 2665 1588 2749; baseline 0.001 -21"><span class='ocrx_word' id='word_1_268' title='bbox 242 2666 368 2747; x_wconf 86' lang='lat' dir='ltr'>insuper</span> <span class='ocrx_word' id='word_1_269' title='bbox 381 2665 475 2730; x_wconf 89' lang='lat' dir='ltr'>inseri</span> <span class='ocrx_word' id='word_1_270' title='bbox 489 2667 602 2749; x_wconf 82' lang='lat' dir='ltr'>possit:</span> <span class='ocrx_word' id='word_1_271' title='bbox 634 2687 711 2748; x_wconf 86' lang='lat' dir='ltr'>quac</span> <span class='ocrx_word' id='word_1_272' title='bbox 725 2666 819 2749; x_wconf 91' lang='lat' dir='ltr'>igitur</span> <span class='ocrx_word' id='word_1_273' title='bbox 834 2684 947 2749; x_wconf 87' lang='lat' dir='ltr'>quaeso</span> <span class='ocrx_word' id='word_1_274' title='bbox 963 2665 1082 2728; x_wconf 87' lang='lat' dir='ltr'>insania</span> <span class='ocrx_word' id='word_1_275' title='bbox 1097 2672 1160 2741; x_wconf 89' lang='lat' dir='ltr'>est,</span> <span class='ocrx_word' id='word_1_276' title='bbox 1180 2666 1260 2730; x_wconf 85' lang='lat' dir='ltr'>velle</span> <span class='ocrx_word' id='word_1_277' title='bbox 1272 2666 1410 2748; x_wconf 85' lang='lat' dir='ltr'>Josepho</span> <span class='ocrx_word' id='word_1_278' title='bbox 1432 2666 1588 2732; x_wconf 84' lang='lat' dir='ltr'>memoriae</span> 
     </span>
     <span class='ocr_line' id='line_1_29' title="bbox 245 2755 1589 2838; baseline 0.001 -20"><span class='ocrx_word' id='word_1_279' title='bbox 245 2755 399 2819; x_wconf 83' lang='lat' dir='ltr'>deiectum</span> <span class='ocrx_word' id='word_1_280' title='bbox 415 2755 574 2836; x_wconf 90' lang='lat' dir='ltr'>imputare,</span> <span class='ocrx_word' id='word_1_281' title='bbox 590 2757 670 2838; x_wconf 86' lang='lat' dir='ltr'>quod</span> <span class='ocrx_word' id='word_1_282' title='bbox 684 2757 809 2820; x_wconf 67' lang='lat' dir='ltr'>modam</span> <span class='ocrx_word' id='word_1_283' title='bbox 825 2773 976 2818; x_wconf 87' lang='lat' dir='ltr'>consensu</span> <span class='ocrx_word' id='word_1_284' title='bbox 985 2755 1107 2836; x_wconf 88' lang='lat' dir='ltr'>egregio</span> <span class='ocrx_word' id='word_1_285' title='bbox 1122 2773 1189 2818; x_wconf 89' lang='lat' dir='ltr'>cum</span> <span class='ocrx_word' id='word_1_286' title='bbox 1203 2756 1371 2820; x_wconf 87' lang='lat' dir='ltr'>bacrerom</span> <span class='ocrx_word' id='word_1_287' title='bbox 1386 2757 1467 2820; x_wconf 90' lang='lat' dir='ltr'>serie</span> <span class='ocrx_word' id='word_1_288' title='bbox 1477 2773 1589 2830; x_wconf 83' lang='lat' dir='ltr'>annum,</span> 
     </span>
     <span class='ocr_line' id='line_1_30' title="bbox 248 2843 1590 2929; baseline -0.001 -21"><span class='ocrx_word' id='word_1_289' title='bbox 248 2862 307 2925; x_wconf 88' lang='lat' dir='ltr'>quo</span> <span class='ocrx_word' id='word_1_290' title='bbox 329 2852 467 2908; x_wconf 85' lang='lat' dir='ltr'>mortuus</span> <span class='ocrx_word' id='word_1_291' title='bbox 483 2845 637 2920; x_wconf 88' lang='lat' dir='ltr'>Herodes,</span> <span class='ocrx_word' id='word_1_292' title='bbox 658 2853 798 2910; x_wconf 88' lang='lat' dir='ltr'>numerat</span> <span class='ocrx_word' id='word_1_293' title='bbox 819 2843 1003 2908; x_wconf 89' lang='lat' dir='ltr'>tricesimum</span> <span class='ocrx_word' id='word_1_294' title='bbox 1023 2851 1164 2926; x_wconf 86' lang='lat' dir='ltr'>quartum</span> <span class='ocrx_word' id='word_1_295' title='bbox 1185 2845 1319 2926; x_wconf 89' lang='lat' dir='ltr'>acaptis</span> <span class='ocrx_word' id='word_1_296' title='bbox 1332 2845 1542 2929; x_wconf 76' lang='lat' dir='ltr'>ierosolymis,</span> <span class='ocrx_word' id='word_1_297' title='bbox 1561 2851 1590 2906; x_wconf 85' lang='lat' dir='ltr'>st</span> 
     </span>
     <span class='ocr_line' id='line_1_31' title="bbox 247 2932 1589 3016; baseline 0.001 -20"><span class='ocrx_word' id='word_1_298' title='bbox 247 2932 334 2997; x_wconf 85' lang='lat' dir='ltr'>addit</span> <span class='ocrx_word' id='word_1_299' title='bbox 350 2933 542 2997; x_wconf 87' lang='lat' dir='ltr'>certitudinis</span> <span class='ocrx_word' id='word_1_300' title='bbox 564 2953 658 2998; x_wconf 89' lang='lat' dir='ltr'>cansa</span> <span class='ocrx_word' id='word_1_301' title='bbox 676 2934 863 3012; x_wconf 77' lang='lat' dir='ltr'>tricesimum</span> <span class='ocrx_word' id='word_1_302' title='bbox 886 2933 1061 3014; x_wconf 87' lang='lat' dir='ltr'>septimum,</span> <span class='ocrx_word' id='word_1_303' title='bbox 1083 2953 1122 2996; x_wconf 91' lang='lat' dir='ltr'>ex</span> <span class='ocrx_word' id='word_1_304' title='bbox 1137 2952 1195 3016; x_wconf 93' lang='lat' dir='ltr'>qno</span> <span class='ocrx_word' id='word_1_305' title='bbox 1216 2953 1272 2998; x_wconf 90' lang='lat' dir='ltr'>rex</span> <span class='ocrx_word' id='word_1_306' title='bbox 1286 2935 1379 2999; x_wconf 83' lang='lat' dir='ltr'>luerit</span> <span class='ocrx_word' id='word_1_307' title='bbox 1400 2933 1589 3008; x_wconf 79' lang='lat' dir='ltr'>declaratus?</span> 
     </span>
     <span class='ocr_line' id='line_1_32' title="bbox 246 3017 1590 3105; baseline 0 -20"><span class='ocrx_word' id='word_1_308' title='bbox 246 3021 348 3085; x_wconf 85' lang='lat' dir='ltr'>Scirit</span> <span class='ocrx_word' id='word_1_309' title='bbox 363 3023 527 3104; x_wconf 87' lang='lat' dir='ltr'>Josepbns,</span> <span class='ocrx_word' id='word_1_310' title='bbox 542 3024 641 3105; x_wconf 90' lang='lat' dir='ltr'>inquit</span> <span class='ocrx_word' id='word_1_311' title='bbox 657 3021 825 3098; x_wconf 86' lang='lat' dir='ltr'>Calvisius,</span> <span class='ocrx_word' id='word_1_312' title='bbox 847 3041 943 3085; x_wconf 88' lang='lat' dir='ltr'>annos</span> <span class='ocrx_word' id='word_1_313' title='bbox 958 3041 1044 3102; x_wconf 86' lang='lat' dir='ltr'>regnr</span> <span class='ocrx_word' id='word_1_314' title='bbox 1035 3019 1152 3086; x_wconf 82' lang='lat' dir='ltr'>fuisse</span> <span class='ocrx_word' id='word_1_315' title='bbox 1167 3017 1220 3100; x_wconf 91' lang='grc'>37,</span> <span class='ocrx_word' id='word_1_316' title='bbox 1235 3024 1326 3088; x_wconf 87' lang='lat' dir='ltr'>scivit</span> <span class='ocrx_word' id='word_1_317' title='bbox 1339 3025 1435 3088; x_wconf 89' lang='lat' dir='ltr'>bina&#39;</span> <span class='ocrx_word' id='word_1_318' title='bbox 1425 3025 1517 3088; x_wconf 88' lang='lat' dir='ltr'>mitia</span> <span class='ocrx_word' id='word_1_319' title='bbox 1532 3024 1590 3104; x_wconf 82' lang='lat' dir='ltr'>ejus</span> 
     </span>
     <span class='ocr_line' id='line_1_33' title="bbox 244 3111 1590 3196; baseline 0 -22"><span class='ocrx_word' id='word_1_320' title='bbox 244 3111 362 3174; x_wconf 88' lang='lat' dir='ltr'>distare</span> <span class='ocrx_word' id='word_1_321' title='bbox 378 3111 526 3187; x_wconf 86' lang='lat' dir='ltr'>triennio;</span> <span class='ocrx_word' id='word_1_322' title='bbox 556 3119 673 3176; x_wconf 85' lang='lat' dir='ltr'>etcum</span> <span class='ocrx_word' id='word_1_323' title='bbox 696 3112 808 3177; x_wconf 87' lang='lat' dir='ltr'>addere</span> <span class='ocrx_word' id='word_1_324' title='bbox 830 3111 992 3176; x_wconf 85' lang='lat' dir='ltr'>triennium</span> <span class='ocrx_word' id='word_1_325' title='bbox 1012 3111 1052 3175; x_wconf 91' lang='lat' dir='ltr'>ad</span> <span class='ocrx_word' id='word_1_326' title='bbox 1068 3131 1213 3176; x_wconf 88' lang='lat' dir='ltr'>summam</span> <span class='ocrx_word' id='word_1_327' title='bbox 1236 3112 1408 3189; x_wconf 80' lang='lat' dir='ltr'>debuisset,</span> <span class='ocrx_word' id='word_1_328' title='bbox 1429 3111 1590 3196; x_wconf 86' lang='lat' dir='ltr'>improvide</span> 
     </span>
     <span class='ocr_line' id='line_1_34' title="bbox 244 3159 1592 3282; baseline -0.001 -18"><span class='ocrx_word' id='word_1_329' title='bbox 244 3200 410 3276; x_wconf 77' lang='lat' dir='ltr'>subtraxit,</span> <span class='ocrx_word' id='word_1_330' title='bbox 424 3219 480 3282; x_wconf 89' lang='lat' dir='ltr'>pro</span> <span class='ocrx_word' id='word_1_331' title='bbox 497 3159 540 3265; x_wconf 84' lang='grc'><strong>37</strong></span> <span class='ocrx_word' id='word_1_332' title='bbox 556 3210 589 3266; x_wconf 93' lang='lat' dir='ltr'>et</span> <span class='ocrx_word' id='word_1_333' title='bbox 602 3202 645 3266; x_wconf 88' lang='grc'>40</span> <span class='ocrx_word' id='word_1_334' title='bbox 662 3202 740 3265; x_wconf 86' lang='lat' dir='ltr'>dixit</span> <span class='ocrx_word' id='word_1_335' title='bbox 754 3203 797 3265; x_wconf 86' lang='lat'>34</span> <span class='ocrx_word' id='word_1_336' title='bbox 813 3207 847 3264; x_wconf 87' lang='lat' dir='ltr'>ct</span> <span class='ocrx_word' id='word_1_337' title='bbox 860 3195 914 3264; x_wconf 89' lang='grc'>37.</span> <span class='ocrx_word' id='word_1_338' title='bbox 950 3199 978 3264; x_wconf 91' lang='lat'>0</span> <span class='ocrx_word' id='word_1_339' title='bbox 994 3219 1059 3264; x_wconf 87' lang='lat' dir='ltr'>rem</span> <span class='ocrx_word' id='word_1_340' title='bbox 1072 3199 1193 3278; x_wconf 79' lang='lat' dir='ltr'>miram3</span> <span class='ocrx_word' id='word_1_341' title='bbox 1217 3201 1243 3264; x_wconf 90' lang='lat' dir='ltr'>si</span> <span class='ocrx_word' id='word_1_342' title='bbox 1258 3210 1343 3266; x_wconf 89' lang='lat' dir='ltr'>recte</span> <span class='ocrx_word' id='word_1_343' title='bbox 1358 3203 1512 3268; x_wconf 86' lang='lat' dir='ltr'>numerati</span> <span class='ocrx_word' id='word_1_344' title='bbox 1526 3209 1592 3265; x_wconf 86' lang='lat' dir='ltr'>sunt</span> 
     </span>
    </p>
   </div>
   <div class='ocr_carea' id='block_1_6' title="bbox 198 3283 1591 3368">
    <p class='ocr_par' dir='ltr' id='par_1_7' title="bbox 198 3283 1591 3368">
     <span class='ocr_line' id='line_1_35' title="bbox 198 3283 1591 3368; baseline 0.001 -14"><span class='ocrx_word' id='word_1_345' title='bbox 198 3343 204 3358; x_wconf 71' lang='grc'><strong>,</strong></span> <span class='ocrx_word' id='word_1_346' title='bbox 245 3283 364 3365; x_wconf 84' lang='grc' dir='ltr'>ιιιί7,</span> <span class='ocrx_word' id='word_1_347' title='bbox 382 3290 431 3366; x_wconf 91' lang='grc'>13,</span> <span class='ocrx_word' id='word_1_348' title='bbox 450 3284 500 3365; x_wconf 87' lang='grc'>17,</span> <span class='ocrx_word' id='word_1_349' title='bbox 518 3290 568 3368; x_wconf 91' lang='grc'><strong>18,</strong></span> <span class='ocrx_word' id='word_1_350' title='bbox 583 3291 642 3368; x_wconf 91' lang='grc'><strong>28,</strong></span> <span class='ocrx_word' id='word_1_351' title='bbox 664 3311 717 3354; x_wconf 88' lang='lat' dir='ltr'>cur</span> <span class='ocrx_word' id='word_1_352' title='bbox 733 3291 845 3354; x_wconf 85' lang='lat' dir='ltr'>diffidis</span> <span class='ocrx_word' id='word_1_353' title='bbox 859 3290 1023 3354; x_wconf 88' lang='lat' dir='ltr'>memoriae</span> <span class='ocrx_word' id='word_1_354' title='bbox 1044 3290 1231 3354; x_wconf 88' lang='lat' dir='ltr'>numerantis</span> <span class='ocrx_word' id='word_1_355' title='bbox 1252 3299 1285 3356; x_wconf 86' lang='lat' dir='ltr'>et</span> <span class='ocrx_word' id='word_1_356' title='bbox 1300 3291 1343 3357; x_wconf 84' lang='lat'>34</span> <span class='ocrx_word' id='word_1_357' title='bbox 1359 3293 1469 3356; x_wconf 88' lang='lat' dir='ltr'>ecdem</span> <span class='ocrx_word' id='word_1_358' title='bbox 1484 3301 1591 3364; x_wconf 86' lang='lat' dir='ltr'>tenore,</span> 
     </span>
    </p>
   </div>
   <div class='ocr_carea' id='block_1_7' title="bbox 242 3336 1592 3908">
    <p class='ocr_par' dir='ltr' id='par_1_8' title="bbox 242 3336 1592 3908">
     <span class='ocr_line' id='line_1_36' title="bbox 243 3336 1591 3464; baseline 0 -22"><span class='ocrx_word' id='word_1_359' title='bbox 243 3399 300 3442; x_wconf 91' lang='lat' dir='ltr'>cur</span> <span class='ocrx_word' id='word_1_360' title='bbox 315 3336 431 3442; x_wconf 80' lang='lat' dir='ltr'>nulluui</span> <span class='ocrx_word' id='word_1_361' title='bbox 443 3380 593 3444; x_wconf 83' lang='lat' dir='ltr'>hactenus</span> <span class='ocrx_word' id='word_1_362' title='bbox 608 3380 742 3444; x_wconf 86' lang='lat' dir='ltr'>labantis</span> <span class='ocrx_word' id='word_1_363' title='bbox 763 3379 926 3444; x_wconf 87' lang='lat' dir='ltr'>memoriae</span> <span class='ocrx_word' id='word_1_364' title='bbox 947 3380 1174 3460; x_wconf 77' lang='lat' dir='ltr'>argumentum?</span> <span class='ocrx_word' id='word_1_365' title='bbox 1209 3379 1273 3446; x_wconf 87' lang='lat' dir='ltr'>Sed</span> <span class='ocrx_word' id='word_1_366' title='bbox 1287 3383 1377 3464; x_wconf 87' lang='lat' dir='ltr'>plura</span> <span class='ocrx_word' id='word_1_367' title='bbox 1391 3382 1430 3445; x_wconf 90' lang='lat' dir='ltr'>de</span> <span class='ocrx_word' id='word_1_368' title='bbox 1447 3399 1591 3446; x_wconf 86' lang='lat' dir='ltr'>consensu</span> 
     </span>
     <span class='ocr_line' id='line_1_37' title="bbox 242 3467 1590 3553; baseline -0.001 -21"><span class='ocrx_word' id='word_1_369' title='bbox 242 3467 388 3532; x_wconf 68' lang='lat' dir='ltr'>histor-im</span> <span class='ocrx_word' id='word_1_370' title='bbox 409 3469 516 3532; x_wconf 91' lang='lat' dir='ltr'>mortis</span> <span class='ocrx_word' id='word_1_371' title='bbox 533 3469 665 3535; x_wconf 85' lang='lat' dir='ltr'>Herodis</span> <span class='ocrx_word' id='word_1_372' title='bbox 681 3489 748 3534; x_wconf 90' lang='lat' dir='ltr'>cum</span> <span class='ocrx_word' id='word_1_373' title='bbox 764 3470 849 3534; x_wconf 92' lang='lat' dir='ltr'>coelo</span> <span class='ocrx_word' id='word_1_374' title='bbox 866 3477 899 3532; x_wconf 89' lang='lat' dir='ltr'>et</span> <span class='ocrx_word' id='word_1_375' title='bbox 914 3487 981 3532; x_wconf 92' lang='lat' dir='ltr'>cum</span> <span class='ocrx_word' id='word_1_376' title='bbox 995 3469 1085 3532; x_wconf 89' lang='lat' dir='ltr'>rebus</span> <span class='ocrx_word' id='word_1_377' title='bbox 1099 3468 1247 3534; x_wconf 84' lang='lat' dir='ltr'>Romanis</span> <span class='ocrx_word' id='word_1_378' title='bbox 1264 3479 1430 3553; x_wconf 76' lang='lat' dir='ltr'>sequentum</span> <span class='ocrx_word' id='word_1_379' title='bbox 1446 3469 1590 3553; x_wconf 86' lang='lat' dir='ltr'>capitibus</span> 
     </span>
     <span class='ocr_line' id='line_1_38' title="bbox 245 3557 1591 3640; baseline 0 -20"><span class='ocrx_word' id='word_1_380' title='bbox 245 3557 361 3620; x_wconf 85' lang='lat' dir='ltr'>duobus</span> <span class='ocrx_word' id='word_1_381' title='bbox 377 3558 532 3638; x_wconf 87' lang='lat' dir='ltr'>proximis.</span> <span class='ocrx_word' id='word_1_382' title='bbox 575 3560 665 3623; x_wconf 81' lang='lat' dir='ltr'>Nunc</span> <span class='ocrx_word' id='word_1_383' title='bbox 679 3560 754 3624; x_wconf 88' lang='lat' dir='ltr'>illud</span> <span class='ocrx_word' id='word_1_384' title='bbox 776 3558 971 3640; x_wconf 89' lang='lat' dir='ltr'>peculiariter</span> <span class='ocrx_word' id='word_1_385' title='bbox 991 3557 1193 3638; x_wconf 84' lang='lat' dir='ltr'>pensitamus:</span> <span class='ocrx_word' id='word_1_386' title='bbox 1217 3559 1243 3622; x_wconf 92' lang='lat' dir='ltr'>si</span> <span class='ocrx_word' id='word_1_387' title='bbox 1265 3559 1414 3624; x_wconf 89' lang='lat' dir='ltr'>distantia</span> <span class='ocrx_word' id='word_1_388' title='bbox 1437 3557 1591 3624; x_wconf 81' lang='lat' dir='ltr'>triennalis</span> 
     </span>
     <span class='ocr_line' id='line_1_39' title="bbox 242 3646 1590 3730; baseline 0.001 -21"><span class='ocrx_word' id='word_1_389' title='bbox 242 3646 396 3710; x_wconf 91' lang='lat' dir='ltr'>initiorum</span> <span class='ocrx_word' id='word_1_390' title='bbox 419 3648 608 3711; x_wconf 86' lang='lat' dir='ltr'>diversorum</span> <span class='ocrx_word' id='word_1_391' title='bbox 627 3648 713 3729; x_wconf 90' lang='lat' dir='ltr'>regni</span> <span class='ocrx_word' id='word_1_392' title='bbox 734 3648 902 3730; x_wconf 88' lang='lat' dir='ltr'>Josephurn</span> <span class='ocrx_word' id='word_1_393' title='bbox 923 3646 1042 3710; x_wconf 89' lang='lat' dir='ltr'>induxit</span> <span class='ocrx_word' id='word_1_394' title='bbox 1063 3646 1094 3710; x_wconf 91' lang='lat' dir='ltr'>in</span> <span class='ocrx_word' id='word_1_395' title='bbox 1118 3647 1198 3710; x_wconf 87' lang='lat' dir='ltr'>hanc</span> <span class='ocrx_word' id='word_1_396' title='bbox 1221 3649 1508 3724; x_wconf 75' lang='lat' dir='ltr'>hallucinationem,</span> <span class='ocrx_word' id='word_1_397' title='bbox 1531 3665 1590 3712; x_wconf 89' lang='lat' dir='ltr'>oum</span> 
     </span>
     <span class='ocr_line' id='line_1_40' title="bbox 245 3735 1590 3820; baseline 0 -22"><span class='ocrx_word' id='word_1_398' title='bbox 245 3735 348 3798; x_wconf 86' lang='lat' dir='ltr'>finiret</span> <span class='ocrx_word' id='word_1_399' title='bbox 369 3735 529 3800; x_wconf 87' lang='lat' dir='ltr'>historiam</span> <span class='ocrx_word' id='word_1_400' title='bbox 550 3737 639 3818; x_wconf 91' lang='lat' dir='ltr'>regni</span> <span class='ocrx_word' id='word_1_401' title='bbox 653 3737 801 3812; x_wconf 87' lang='lat' dir='ltr'>Herodis,</span> <span class='ocrx_word' id='word_1_402' title='bbox 825 3756 885 3800; x_wconf 90' lang='lat' dir='ltr'>nou</span> <span class='ocrx_word' id='word_1_403' title='bbox 906 3735 999 3818; x_wconf 90' lang='lat' dir='ltr'>igitur</span> <span class='ocrx_word' id='word_1_404' title='bbox 1018 3735 1099 3800; x_wconf 89' lang='lat' dir='ltr'>circa</span> <span class='ocrx_word' id='word_1_405' title='bbox 1113 3735 1202 3800; x_wconf 90' lang='lat' dir='ltr'>initia</span> <span class='ocrx_word' id='word_1_406' title='bbox 1215 3737 1305 3818; x_wconf 78' lang='lat' dir='ltr'>hujus</span> <span class='ocrx_word' id='word_1_407' title='bbox 1319 3739 1472 3804; x_wconf 88' lang='lat' dir='ltr'>historias</span> <span class='ocrx_word' id='word_1_408' title='bbox 1492 3739 1590 3820; x_wconf 85' lang='lat' dir='ltr'>lapsus</span> 
     </span>
     <span class='ocr_line' id='line_1_41' title="bbox 246 3823 1592 3908; baseline 0.001 -22"><span class='ocrx_word' id='word_1_409' title='bbox 246 3832 304 3888; x_wconf 92' lang='lat' dir='ltr'>est.</span> <span class='ocrx_word' id='word_1_410' title='bbox 353 3823 415 3889; x_wconf 84' lang='lat' dir='ltr'>Cur</span> <span class='ocrx_word' id='word_1_411' title='bbox 445 3825 540 3906; x_wconf 90' lang='lat' dir='ltr'>igitur</span> <span class='ocrx_word' id='word_1_412' title='bbox 564 3825 718 3890; x_wconf 79' lang='lat' dir='ltr'>Calvisius</span> <span class='ocrx_word' id='word_1_413' title='bbox 743 3845 836 3908; x_wconf 89' lang='lat' dir='ltr'>supra</span> <span class='ocrx_word' id='word_1_414' title='bbox 860 3832 1069 3907; x_wconf 83' lang='lat' dir='ltr'>argumentum</span> <span class='ocrx_word' id='word_1_415' title='bbox 1093 3825 1205 3907; x_wconf 72' lang='lat' dir='ltr'>petitit</span> <span class='ocrx_word' id='word_1_416' title='bbox 1233 3827 1271 3890; x_wconf 90' lang='lat' dir='ltr'>ab</span> <span class='ocrx_word' id='word_1_417' title='bbox 1296 3848 1376 3892; x_wconf 88' lang='lat' dir='ltr'>anno</span> <span class='ocrx_word' id='word_1_418' title='bbox 1407 3828 1450 3892; x_wconf 87' lang='lat'>15</span> <span class='ocrx_word' id='word_1_419' title='bbox 1475 3829 1524 3890; x_wconf 84' lang='lat' dir='ltr'>vel</span> <span class='ocrx_word' id='word_1_420' title='bbox 1547 3825 1592 3898; x_wconf 89' lang='grc'><strong>18,</strong></span> 
     </span>
    </p>
   </div>
   <div class='ocr_carea' id='block_1_8' title="bbox 166 3914 1588 3999">
    <p class='ocr_par' dir='ltr' id='par_1_9' title="bbox 166 3914 1588 3999">
     <span class='ocr_line' id='line_1_42' title="bbox 166 3914 1588 3999; baseline 0.003 -23"><span class='ocrx_word' id='word_1_421' title='bbox 166 3947 169 3960; x_wconf 89' lang='lat'><strong>·</strong></span> <span class='ocrx_word' id='word_1_422' title='bbox 244 3914 364 3996; x_wconf 88' lang='lat' dir='ltr'>quando</span> <span class='ocrx_word' id='word_1_423' title='bbox 379 3914 534 3996; x_wconf 88' lang='lat' dir='ltr'>Josephus</span> <span class='ocrx_word' id='word_1_424' title='bbox 550 3915 683 3984; x_wconf 90' lang='lat' dir='ltr'>nondum</span> <span class='ocrx_word' id='word_1_425' title='bbox 699 3916 833 3980; x_wconf 88' lang='lat' dir='ltr'>adhunc</span> <span class='ocrx_word' id='word_1_426' title='bbox 849 3915 1004 3997; x_wconf 88' lang='lat' dir='ltr'>scopulum</span> <span class='ocrx_word' id='word_1_427' title='bbox 1018 3915 1087 3978; x_wconf 86' lang='lat' dir='ltr'>finis</span> <span class='ocrx_word' id='word_1_428' title='bbox 1101 3915 1188 3996; x_wconf 88' lang='lat' dir='ltr'>regni</span> <span class='ocrx_word' id='word_1_429' title='bbox 1205 3917 1437 3999; x_wconf 86' lang='lat' dir='ltr'>subductaeque&#39;</span> <span class='ocrx_word' id='word_1_430' title='bbox 1448 3933 1588 3982; x_wconf 87' lang='lat' dir='ltr'>annorum</span> 
     </span>
    </p>
   </div>
   <div class='ocr_carea' id='block_1_9' title="bbox 241 4003 1592 4800">
    <p class='ocr_par' dir='ltr' id='par_1_10' title="bbox 241 4003 1592 4800">
     <span class='ocr_line' id='line_1_43' title="bbox 246 4003 1591 4088; baseline -0.001 -20"><span class='ocrx_word' id='word_1_431' title='bbox 246 4021 380 4068; x_wconf 87' lang='lat' dir='ltr'>summae</span> <span class='ocrx_word' id='word_1_432' title='bbox 395 4003 589 4086; x_wconf 81' lang='lat' dir='ltr'>impegerat?</span> <span class='ocrx_word' id='word_1_433' title='bbox 617 4005 670 4070; x_wconf 89' lang='lat' dir='ltr'>An</span> <span class='ocrx_word' id='word_1_434' title='bbox 685 4025 745 4068; x_wconf 92' lang='lat' dir='ltr'>non</span> <span class='ocrx_word' id='word_1_435' title='bbox 760 4004 811 4068; x_wconf 88' lang='lat' dir='ltr'>vel</span> <span class='ocrx_word' id='word_1_436' title='bbox 825 4005 896 4068; x_wconf 90' lang='lat' dir='ltr'>hinc</span> <span class='ocrx_word' id='word_1_437' title='bbox 910 4011 1014 4085; x_wconf 90' lang='lat' dir='ltr'>patet,</span> <span class='ocrx_word' id='word_1_438' title='bbox 1036 4023 1125 4086; x_wconf 89' lang='lat' dir='ltr'>quam</span> <span class='ocrx_word' id='word_1_439' title='bbox 1140 4005 1229 4068; x_wconf 88' lang='lat' dir='ltr'>anxie</span> <span class='ocrx_word' id='word_1_440' title='bbox 1246 4005 1400 4071; x_wconf 81' lang='lat' dir='ltr'>Calvisius</span> <span class='ocrx_word' id='word_1_441' title='bbox 1415 4011 1591 4088; x_wconf 88' lang='lat' dir='ltr'>argumenta</span> 
     </span>
     <span class='ocr_line' id='line_1_44' title="bbox 244 4092 1591 4177; baseline -0.001 -19"><span class='ocrx_word' id='word_1_442' title='bbox 244 4092 390 4158; x_wconf 87' lang='lat' dir='ltr'>corradat</span> <span class='ocrx_word' id='word_1_443' title='bbox 417 4112 491 4157; x_wconf 88' lang='lat' dir='ltr'>suae</span> <span class='ocrx_word' id='word_1_444' title='bbox 516 4093 689 4158; x_wconf 71' lang='lat' dir='ltr'>sentemiae</span> <span class='ocrx_word' id='word_1_445' title='bbox 712 4094 930 4169; x_wconf 85' lang='lat' dir='ltr'>stabiliendas,</span> <span class='ocrx_word' id='word_1_446' title='bbox 959 4111 1048 4174; x_wconf 88' lang='lat' dir='ltr'>quam</span> <span class='ocrx_word' id='word_1_447' title='bbox 1076 4094 1158 4156; x_wconf 89' lang='lat' dir='ltr'>nullo</span> <span class='ocrx_word' id='word_1_448' title='bbox 1176 4093 1313 4174; x_wconf 72' lang='lat' dir='ltr'>jndicio?</span> <span class='ocrx_word' id='word_1_449' title='bbox 1348 4097 1465 4158; x_wconf 90' lang='lat' dir='ltr'>Verum</span> <span class='ocrx_word' id='word_1_450' title='bbox 1487 4111 1591 4177; x_wconf 87' lang='lat' dir='ltr'>operae</span> 
     </span>
     <span class='ocr_line' id='line_1_45' title="bbox 243 4182 1590 4265; baseline -0.002 -19"><span class='ocrx_word' id='word_1_451' title='bbox 243 4182 375 4263; x_wconf 89' lang='lat' dir='ltr'>pretium</span> <span class='ocrx_word' id='word_1_452' title='bbox 392 4190 443 4245; x_wconf 89' lang='lat' dir='ltr'>est</span> <span class='ocrx_word' id='word_1_453' title='bbox 458 4190 600 4247; x_wconf 86' lang='lat' dir='ltr'>excutere</span> <span class='ocrx_word' id='word_1_454' title='bbox 617 4183 709 4247; x_wconf 91' lang='lat' dir='ltr'>etiam</span> <span class='ocrx_word' id='word_1_455' title='bbox 724 4182 898 4248; x_wconf 86' lang='lat' dir='ltr'>alterum</span> <span class='ocrx_word' id='word_1_456' title='bbox 871 4202 937 4263; x_wconf 72' lang='lat' dir='ltr'>epus</span> <span class='ocrx_word' id='word_1_457' title='bbox 952 4182 1180 4246; x_wconf 83' lang='lat' dir='ltr'>firmamentum.</span> <span class='ocrx_word' id='word_1_458' title='bbox 1210 4182 1291 4247; x_wconf 87' lang='lat' dir='ltr'>Ait</span> <span class='ocrx_word' id='word_1_459' title='bbox 1281 4184 1374 4265; x_wconf 89' lang='lat' dir='ltr'>rgitur</span> <span class='ocrx_word' id='word_1_460' title='bbox 1390 4184 1442 4248; x_wconf 83' lang='lat' dir='ltr'>fol.</span> <span class='ocrx_word' id='word_1_461' title='bbox 1456 4185 1505 4248; x_wconf 89' lang='lat'>14.</span> <span class='ocrx_word' id='word_1_462' title='bbox 1519 4182 1590 4264; x_wconf 83' lang='lat' dir='ltr'>Epi-</span> 
     </span>
     <span class='ocr_line' id='line_1_46' title="bbox 246 4271 1592 4358; baseline 0.003 -24"><span class='ocrx_word' id='word_1_463' title='bbox 246 4271 355 4346; x_wconf 86' lang='lat' dir='ltr'>stolae,</span> <span class='ocrx_word' id='word_1_464' title='bbox 369 4277 443 4336; x_wconf 77' lang='grc' dir='ltr'>ιιισ</span> <span class='ocrx_word' id='word_1_465' title='bbox 457 4271 631 4354; x_wconf 78' lang='lat' dir='ltr'>Joeepbam</span> <span class='ocrx_word' id='word_1_466' title='bbox 652 4275 765 4338; x_wconf 71' lang='lat' dir='ltr'>metues</span> <span class='ocrx_word' id='word_1_467' title='bbox 775 4273 882 4358; x_wconf 66' lang='lat' dir='ltr'>sitisse</span> <span class='ocrx_word' id='word_1_468' title='bbox 904 4279 1089 4354; x_wconf 77' lang='lat' dir='ltr'>compotem,</span> <span class='ocrx_word' id='word_1_469' title='bbox 1117 4291 1187 4336; x_wconf 74' lang='lat' dir='ltr'>mors</span> <span class='ocrx_word' id='word_1_470' title='bbox 1203 4271 1365 4338; x_wconf 82' lang='lat' dir='ltr'>Herodem</span> <span class='ocrx_word' id='word_1_471' title='bbox 1386 4281 1592 4356; x_wconf 50' lang='lat' dir='ltr'>aestumat</span> 
     </span>
     <span class='ocr_line' id='line_1_47' title="bbox 241 4355 1591 4446; baseline -0.001 -21"><span class='ocrx_word' id='word_1_472' title='bbox 241 4359 311 4442; x_wconf 75' lang='lat' dir='ltr'>iam</span> <span class='ocrx_word' id='word_1_473' title='bbox 318 4361 444 4444; x_wconf 73' lang='lat' dir='ltr'>jaceret</span> <span class='ocrx_word' id='word_1_474' title='bbox 457 4363 748 4444; x_wconf 67' lang='lat' dir='ltr'>septuagenariam:</span> <span class='ocrx_word' id='word_1_475' title='bbox 769 4383 845 4426; x_wconf 82' lang='lat' dir='ltr'>acm</span> <span class='ocrx_word' id='word_1_476' title='bbox 861 4362 1040 4426; x_wconf 74' lang='grc' dir='ltr'>ιὶιιοιιιιι</span> <span class='ocrx_word' id='word_1_477' title='bbox 1052 4361 1096 4424; x_wconf 83' lang='lat' dir='ltr'>sit</span> <span class='ocrx_word' id='word_1_478' title='bbox 1109 4381 1191 4426; x_wconf 75' lang='lat' dir='ltr'>craso</span> <span class='ocrx_word' id='word_1_479' title='bbox 1205 4357 1261 4428; x_wconf 84' lang='grc'>42.</span> <span class='ocrx_word' id='word_1_480' title='bbox 1270 4362 1414 4438; x_wconf 76' lang='lat' dir='ltr'>Iuliano,</span> <span class='ocrx_word' id='word_1_481' title='bbox 1428 4385 1520 4446; x_wconf 76' lang='lat' dir='ltr'>repra</span> <span class='ocrx_word' id='word_1_482' title='bbox 1513 4355 1591 4431; x_wconf 85' lang='grc'><strong>’34.,</strong></span> 
     </span>
     <span class='ocr_line' id='line_1_48' title="bbox 242 4445 1589 4534; baseline 0 -20"><span class='ocrx_word' id='word_1_483' title='bbox 242 4445 755 4534; x_wconf 60' lang='lat' dir='ltr'>montemfuseum</span> <span class='ocrx_word' id='word_1_484' title='bbox 773 4452 883 4528; x_wconf 74' lang='lat' dir='ltr'>fuisse.</span> <span class='ocrx_word' id='word_1_485' title='bbox 915 4450 1012 4532; x_wconf 85' lang='lat' dir='ltr'>Atqui</span> <span class='ocrx_word' id='word_1_486' title='bbox 1027 4452 1104 4517; x_wconf 90' lang='lat' dir='ltr'>baec</span> <span class='ocrx_word' id='word_1_487' title='bbox 1118 4450 1203 4516; x_wconf 90' lang='lat' dir='ltr'>nihili</span> <span class='ocrx_word' id='word_1_488' title='bbox 1217 4453 1296 4516; x_wconf 87' lang='lat' dir='ltr'>ratio</span> <span class='ocrx_word' id='word_1_489' title='bbox 1313 4460 1371 4516; x_wconf 85' lang='lat' dir='ltr'>est.</span> <span class='ocrx_word' id='word_1_490' title='bbox 1398 4453 1436 4516; x_wconf 94' lang='lat' dir='ltr'>In</span> <span class='ocrx_word' id='word_1_491' title='bbox 1450 4449 1589 4534; x_wconf 86' lang='lat' dir='ltr'>Antiqui·</span> 
     </span>
     <span class='ocr_line' id='line_1_49' title="bbox 246 4537 1591 4626; baseline -0.001 -22"><span class='ocrx_word' id='word_1_492' title='bbox 246 4538 363 4604; x_wconf 85' lang='lat' dir='ltr'>tatibus</span> <span class='ocrx_word' id='word_1_493' title='bbox 386 4539 466 4603; x_wconf 90' lang='lat' dir='ltr'>onim</span> <span class='ocrx_word' id='word_1_494' title='bbox 487 4539 615 4621; x_wconf 88' lang='lat' dir='ltr'>legimus</span> <span class='ocrx_word' id='word_1_495' title='bbox 637 4563 705 4621; x_wconf 71' lang='lat' dir='ltr'>nepe</span> <span class='ocrx_word' id='word_1_496' title='bbox 725 4539 793 4612; x_wconf 74' lang='grc' dir='ltr'>ἕως</span> <span class='ocrx_word' id='word_1_497' title='bbox 814 4537 1069 4619; x_wconf 70' lang='grc' dir='ltr'>ἑβδομηιοιιιι’</span> <span class='ocrx_word' id='word_1_498' title='bbox 1053 4561 1100 4620; x_wconf 76' lang='lat' dir='ltr'>ps:</span> <span class='ocrx_word' id='word_1_499' title='bbox 1124 4540 1204 4604; x_wconf 91' lang='lat' dir='ltr'>bello</span> <span class='ocrx_word' id='word_1_500' title='bbox 1225 4561 1311 4606; x_wconf 87' lang='lat' dir='ltr'>vero:</span> <span class='ocrx_word' id='word_1_501' title='bbox 1341 4539 1377 4622; x_wconf 73' lang='lat' dir='ltr'>ria</span> <span class='ocrx_word' id='word_1_502' title='bbox 1399 4539 1540 4626; x_wconf 65' lang='lat' dir='ltr'>apadno</span> <span class='ocrx_word' id='word_1_503' title='bbox 1524 4561 1591 4604; x_wconf 74' lang='lat' dir='ltr'>reos</span> 
     </span>
     <span class='ocr_line' id='line_1_50' title="bbox 246 4623 1591 4710; baseline 0 -20"><span class='ocrx_word' id='word_1_504' title='bbox 246 4623 456 4706; x_wconf 71' lang='grc' dir='ltr'><strong>ἕβδομηκοηα.</strong></span> <span class='ocrx_word' id='word_1_505' title='bbox 485 4629 556 4692; x_wconf 85' lang='lat' dir='ltr'>Jam</span> <span class='ocrx_word' id='word_1_506' title='bbox 579 4648 672 4710; x_wconf 89' lang='lat' dir='ltr'>supra</span> <span class='ocrx_word' id='word_1_507' title='bbox 694 4630 820 4706; x_wconf 88' lang='lat' dir='ltr'>dictum,</span> <span class='ocrx_word' id='word_1_508' title='bbox 843 4647 923 4694; x_wconf 88' lang='lat' dir='ltr'>anno</span> <span class='ocrx_word' id='word_1_509' title='bbox 945 4623 997 4692; x_wconf 93' lang='grc'>47.</span> <span class='ocrx_word' id='word_1_510' title='bbox 1020 4637 1092 4692; x_wconf 85' lang='lat' dir='ltr'>ante</span> <span class='ocrx_word' id='word_1_511' title='bbox 1115 4649 1216 4694; x_wconf 88' lang='lat' dir='ltr'>aeram</span> <span class='ocrx_word' id='word_1_512' title='bbox 1238 4639 1376 4696; x_wconf 87' lang='lat' dir='ltr'>nostram</span> <span class='ocrx_word' id='word_1_513' title='bbox 1398 4633 1493 4696; x_wconf 86' lang='lat' dir='ltr'>fuisse</span> <span class='ocrx_word' id='word_1_514' title='bbox 1514 4629 1591 4693; x_wconf 90' lang='lat' dir='ltr'>illum</span> 
     </span>
     <span class='ocr_line' id='line_1_51' title="bbox 248 4677 1591 4800; baseline 0 -22"><span class='ocrx_word' id='word_1_515' title='bbox 248 4734 345 4779; x_wconf 87' lang='lat' dir='ltr'>annos</span> <span class='ocrx_word' id='word_1_516' title='bbox 361 4717 403 4780; x_wconf 81' lang='lat'>25</span> <span class='ocrx_word' id='word_1_517' title='bbox 420 4725 539 4792; x_wconf 88' lang='lat' dir='ltr'>uatnm;</span> <span class='ocrx_word' id='word_1_518' title='bbox 564 4737 630 4780; x_wconf 89' lang='lat' dir='ltr'>cnm</span> <span class='ocrx_word' id='word_1_519' title='bbox 653 4726 756 4783; x_wconf 88' lang='lat' dir='ltr'>autem</span> <span class='ocrx_word' id='word_1_520' title='bbox 776 4677 1050 4783; x_wconf 67' lang='lat' dir='ltr'>sulimatum</span> <span class='ocrx_word' id='word_1_521' title='bbox 1071 4718 1102 4782; x_wconf 93' lang='lat'>4</span> <span class='ocrx_word' id='word_1_522' title='bbox 1123 4727 1195 4784; x_wconf 88' lang='lat' dir='ltr'>aute</span> <span class='ocrx_word' id='word_1_523' title='bbox 1218 4739 1322 4784; x_wconf 87' lang='lat' dir='ltr'>aeram</span> <span class='ocrx_word' id='word_1_524' title='bbox 1342 4742 1380 4797; x_wconf 95' lang='grc' dir='ltr'>ι</span> <span class='ocrx_word' id='word_1_525' title='bbox 1403 4741 1484 4786; x_wconf 87' lang='lat' dir='ltr'>anno</span> <span class='ocrx_word' id='word_1_526' title='bbox 1504 4719 1591 4800; x_wconf 86' lang='lat' dir='ltr'>igitur</span> 
     </span>
    </p>
   </div>
   <div class='ocr_carea' id='block_1_10' title="bbox 247 4803 1588 4893">
    <p class='ocr_par' dir='ltr' id='par_1_11' title="bbox 247 4803 1588 4893">
     <span class='ocr_line' id='line_1_52' title="bbox 247 4803 1588 4893; baseline 0.004 -25"><span class='ocrx_word' id='word_1_527' title='bbox 247 4803 370 4870; x_wconf 84' lang='lat' dir='ltr'>Juliano</span> <span class='ocrx_word' id='word_1_528' title='bbox 385 4805 438 4868; x_wconf 91' lang='grc'>42.</span> <span class='ocrx_word' id='word_1_529' title='bbox 453 4805 561 4871; x_wconf 86' lang='lat' dir='ltr'>babuit</span> <span class='ocrx_word' id='word_1_530' title='bbox 575 4827 673 4872; x_wconf 86' lang='lat' dir='ltr'>annos</span> <span class='ocrx_word' id='word_1_531' title='bbox 688 4806 740 4885; x_wconf 86' lang='grc'><strong>68,</strong></span> <span class='ocrx_word' id='word_1_532' title='bbox 756 4809 820 4892; x_wconf 92' lang='lat' dir='ltr'>egit</span> <span class='ocrx_word' id='word_1_533' title='bbox 834 4807 887 4874; x_wconf 86' lang='grc'>69.</span> <span class='ocrx_word' id='word_1_534' title='bbox 923 4804 960 4872; x_wconf 85' lang='lat' dir='ltr'>Si</span> <span class='ocrx_word' id='word_1_535' title='bbox 974 4815 1111 4872; x_wconf 85' lang='lat' dir='ltr'>mortuus</span> <span class='ocrx_word' id='word_1_536' title='bbox 1127 4818 1212 4876; x_wconf 85' lang='lat' dir='ltr'>esset</span> <span class='ocrx_word' id='word_1_537' title='bbox 1227 4809 1358 4876; x_wconf 87' lang='lat' dir='ltr'>triennio</span> <span class='ocrx_word' id='word_1_538' title='bbox 1372 4819 1455 4893; x_wconf 79' lang='lat' dir='ltr'>pust,</span> <span class='ocrx_word' id='word_1_539' title='bbox 1469 4806 1588 4874; x_wconf 74' lang='lat' dir='ltr'>habue-</span> 
     </span>
    </p>
   </div>
   <div class='ocr_carea' id='block_1_11' title="bbox 0 0 1721 5542">
    <p class='ocr_par' dir='ltr' id='par_1_12' title="bbox 0 0 1721 5542">
     <span class='ocr_line' id='line_1_53' title="bbox 0 0 1721 5542; baseline 0 0"><span class='ocrx_word' id='word_1_540' title='bbox 0 0 1721 5542; x_wconf 95' lang='lat' dir='ltr'> </span> 
     </span>
    </p>
   </div>
  </div>
 </body>
</html>
