3428 5542
629 325 888 392 Silvaatronologior.
1370 251 1445 376 195.

16 505 21 524 .
78 463 189 526 sonuit:
208 475 352 533 ceterum
366 477 467 533 ditione
480 477 610 534 motem
624 481 779 536 contributa
791 479 901 551 Syriae,
921 479 1018 536 missus
1033 487 1077 555 est
1088 481 1137 538 illo
1150 496 1169 534 a
1182 481 1301 538 Caesare
1314 481 1357 538 vir
1370 497 1433 536 ean-

77 554 168 612 rulsris
183 557 352 622 Quirinius,
374 559 420 630 qui
434 575 542 616 censum
563 565 663 632 ageret
681 577 731 632 per
744 560 850 632 Syriam
871 560 1148 632 51155155555155151
1168 564 1433 620 domumreudaret.
1499 560 1501 569 '

79 634 115 696 ut
128 635 217 703 initio
233 637 292 702 lib.
311 637 368 702 18:
392 650 503 705 Interes
514 648 651 714 Quirinius
670 656 781 706 senator
800 652 938 710 11555555
951 665 1001 719 per
1020 667 1113 708 omnes
1133 650 1265 706 bonerum
1278 653 1379 724 gradus
1397 653 1433 711 ad

80 727 247 782 eormlstum
260 745 354 800 usque
366 735 511 800 provectus
531 736 561 784 et
579 729 707 800 imprimis
727 731 831 796 clarus,
852 747 871 784 a
885 731 1003 785 Caesare
1016 729 1131 784 mittitur
1144 730 1172 784 in
1183 730 1305 804 Syriam,
1325 739 1359 786 ut
1366 731 1434 801 jura

80 815 182 886 populis
196 817 341 882 redderet,
359 817 562 889 murmurque
576 825 705 877 censeret
718 819 841 877 omnum
883 807 975 880 Quid*
985 809 1043 872 hio‘
1057 809 1181 884 dicitur,
1204 811 1285 889 qued
1304 811 1432 891 Josaphi

82 895 167 958 fidem
181 903 281 960 vocet
295 896 483 966 indubium?
505 897 665 980 Numquis
680 917 803 962 censum
817 905 973 982 peractum
988 897 1020 960 in
1030 895 1122 980 Syria
1138 897 1220 974 dicit,
1238 897 1434 980 Christojem

80 983 173 1046 nato?
203 985 255 1050 At
269 1005 377 1050 verum
393 985 474 1060 dicit,
490 986 516 1048 si
530 1006 605 1050 voce
621 1009 722 1068 πρωτη
736 1007 791 1070 pro
807 988 925 1052 nomine
941 985 1046 1061 utaris,
1062 987 1177 1050 fatetur
1191 987 1223 1048 id
1232 987 1433 1068 Evangelista

79 1081 193 1148 noster,
208 1083 379 1158 prepterea
394 1075 475 1152 dicit,
490 1072 581 1140 illam
596 1097 729 1152 5555555,
746 1077 802 1142 551)
818 1071 876 1160 qu'o
893 1075 1034 1142 Christus
1050 1082 1153 1152 natus,
1164 1077 1303 1158 primum
1318 1077 1436 1162 51251-1

78 1165 361 1246 555555555155,
385 1164 512 1228 innuens
528 1173 560 1228 et
576 1167 707 1238 alterum
722 1166 760 1234 ab
777 1185 812 1230 eo
827 1172 991 1248 peractum.
1027 1163 1097 1230 Etsi
1113 1183 1170 1246 ego
1185 1165 1266 1230 male
1284 1164 1432 1231 Graecis·

81 1271 158 1316 mum
174 1273 349 1336 agnoscere
363 1253 395 1318 in
410 1255 529 1320 nomine
545 1278 646 1336 orpora
662 1275 717 1337 pro
732 1255 876 1322 adverbio
892 1277 1018 1336 reposcos.

165 1361 221 1426 An
236 1361 313 1426 illud
327 1362 428 1435 male,
443 1363 522 1444 quod
538 1364 714 1428 consulatus
731 1360 860 1434 Quirinii
875 1361 1011 1426 meminit
1034 1361 1121 1442 quasi
1141 1379 1273 1442 nuperae
1294 1360 1358 1424 rei?
1387 1361 1435 1428 At
1534 1399 1540 1412 ι

81 1449 137 1512 hoc
151 1465 217 1512 uon
232 1450 309 1516 dicit
322 1451 344 1514 J
345 1451 484 1532 oseplrus,
499 1471 594 1534 nuper
609 1453 702 1516 trisse
719 1452 881 1528 consulem,
898 1451 953 1516 sed
968 1450 1075 1518 laudat
1089 1450 1146 1522 riri
1166 1449 1362 1526 industriam,
1383 1449 1435 1535 qui

81 1557 133 1618 per
147 1557 258 1602 omues
272 1541 419 1604 honorum
435 1541 546 1622 gradun
562 1542 602 1606 ad
618 1542 808 1607 consulatum
822 1559 916 1624 usque
931 1539 1024 1606 inerit
1037 1546 1172 1603 erectus.
1197 1537 1331 1606 Causam
1347 1557 1432 1604 eem-

79 1627 298 1703 mendationis,
319 1630 350 1692 ni
372 1630 476 1706 ullor,
508 1631 633 1702 Tacitus
655 1631 805 1707 insinuat,
827 1630 996 1695 novitatem
1018 1627 1147 1695 huminis
1168 1635 1201 1693 et
1221 1628 1434 1708 municipalem

81 1717 236 1797 originem
281 1717 333 1782 An
349 1719 427 1782 forte
443 1720 474 1784 in
490 1720 674 1789 eontrarium
688 1721 797 1802 aliquis
812 1719 969 1802 pugnabit,
992 1725 1166 1797 negaturus,
1181 1717 1353 1798 praesidem
1369 1716 1432 1799 Sy·

79 1807 141 1868 riae
156 1806 255 1870 inisse
271 1805 440 1878 Quirinium
455 1815 556 1884 antea,
572 1829 608 1872 ao
623 1810 704 1892 quod
717 1811 739 1874 J
740 1809 872 1891 osephna
886 1807 975 1888 hujus
991 1806 1153 1889 digmtatis
1168 1805 1309 1890 jamnon
1324 1807 1432 1876 memi-

82 1894 182 1960 nerit?
219 1896 268 1960 At
282 1915 380 1978 neque
394 1898 531 1968 meminit
546 1892 620 1979 ejus,
635 1898 715 1980 quod
730 1917 798 1964 cum
813 1897 848 1962 O.
865 1896 999 1963 (lassare
1015 1915 1094 1962 auno
1110 1894 1162 1960 49.
1177 1895 1299 1962 biennio
1316 1895 1434 1962 scilicet

82 1991 151 2046 ante
174 1984 208 2046 in
223 1984 317 2066 Syria
332 1987 438 2062 155511,
460 2007 602 2068 quaeres
622 1988 817 2070 praeeipuam
837 1987 883 2054 illi
903 1987 968 2052 viro
985 1985 1167 2066 dignitatem
1183 1984 1433 2055 cuoomdcdsrot.

80 2071 269 2136 Consulatus
292 2084 543 2143 commemoratur
563 2096 625 2147 555
640 2084 785 2159 tanquam
800 2083 957 2158 postrema
971 2075 1122 2155 dignitas,
1145 2074 1200 2150 sed
1215 2081 1362 2156 tanquam
1378 2093 1433 2140 su-

80 2181 193 2243 prema
216 2162 271 2226 Sic
288 2164 528 2248 enimJosephne
544 2173 577 2231 et
592 2167 629 2228 de
640 2165 805 2234 Saturnino
821 2165 967 2246 loquitur:
986 2165 1111 2246 primus
1124 2163 1223 2244 inquit
1238 2163 1433 2230 emesenae

80 2253 126 2314 eir
141 2250 321 2318 cumdum
334 2253 500 2336 mediisque
515 2255 680 2337 defunctos
694 2255 862 2321 toenitae
873 2253 1009 2336 proruit
1022 2253 1215 2319 emierstiom.
1250 2251 1331 2322 Ecce
1347 2258 1433 2314 tacet

79 2341 126 2404 hic
146 2341 230 2406 inter
252 2343 413 2424 dignitatis
436 2345 605 2419 mamete,
627 2345 707 2427 quod
728 2345 771 2410 sit
784 2343 902 2426 xSyriae
924 2361 1066 2426 praeses3
1101 2361 1140 2404 ue
1164 2341 1291 2426 eaedem
1312 2341 1433 2424 quidem

80 2431 240 2506 infantum,
261 2433 420 2498 Maerebio
442 2439 560 2509 notam,
582 2441 811 2508 commemorat,
840 2452 894 2500 seu
919 2433 989 2513 quia
1013 2433 1092 2499 clam
1113 2430 1251 2495 habitum
1274 2429 1433 2496 consilium

81 2521 151 2584 15511
175 2539 233 2584 nee
254 2521 287 2584 15
310 2529 382 2586 5515
396 2521 680 2589 Herodis'relatum
703 2540 758 2586 555
781 2521 943 2587 aNicolao
966 2520 1130 2596 historice,
1150 2518 1279 2600 Josephi
1295 2523 1430 2596 auctore,

81 2617 360 2686 commemoratum,
391 2605 445 2674 seu
477 2613 547 2694 quia
571 2612 711 2694 querelae
741 2610 918 2678 miserarum
947 2617 1095 2684 matrum,
1125 2627 1202 2690 quae
1234 2627 1339 2675 amnes
1364 2608 1431 2689 jam

80 2706 167 2762 mant
188 2706 342 2774 mortuae,
364 2700 405 2764 ad
418 2701 585 2784 Josephum
600 2721 661 2766 non
682 2707 902 2782 pervenerant,
924 2718 962 2764 na
978 2699 1019 2771 ad
1034 2693 1181 2765 Macrobii
1205 2697 1325 2779 quidem
1341 2704 1430 2763 aeta·

80 2795 140 2850 tem
168 2795 356 2868 perventura
383 2790 495 2855 notitia
522 2791 582 2867 rei,
610 2790 669 2854 nisi
696 2790 823 2854 dicterio
844 2788 980 2870 Augusti
1013 2786 1092 2854 seito
1122 2794 1155 2850 51
1183 2793 1293 2867 arguto
1322 2786 1432 2852 fuisset

79 2885 217 2958 excepta
263 2878 331 2942 Nee
356 2879 435 2944 eain
465 2880 560 2962 probo
591 2879 847 2947 insimulationem
871 2878 1039 2959 Suslygee,
1070 2876 1245 2958 praeirem
1276 2876 1431 2957 cognitam

78 2966 232 3047 losephus
254 2966 500 3035 dissimulaverit
535 2969 698 3042 Patientur
714 2987 826 3051 quaem
848 2967 1000 3042 homiues,
1024 2973 1056 3032 et
1070 2965 1239 3047 Josephnm
1263 2984 1340 3046 quas
1355 2983 1430 3046 pro-

79 3055 180 3118 fitetur
195 3054 285 3132 scire,
301 3063 335 3121 et
349 3059 496 3139 quaedam
510 3059 631 3126 interim
646 3078 723 3140 quae
739 3066 825 3128 tacet
838 3057 995 3140 ignorare
1025 3061 1154 3137 utraque
1170 3073 1243 3118 vere
1258 3053 1429 3124 55551515-

79 3145 132 3208 rim
153 3164 235 3210 ease.
281 3144 345 3209 Sed
368 3147 417 3214 hic
439 3148 517 3215 luite
539 3149 693 3228 Jessphus
716 3155 851 3223 tenetur,
874 3146 953 3227 quod
976 3142 1014 3222 Q.
1036 3143 1123 3210 voro
1147 3161 1354 3216 suscessorem
1376 3143 1432 3208 dat

80 3231 249 3304 Quiritium
265 3235 552 3312 cancellariam,
569 3256 636 3300 eum
645 3237 748 3300 Varus
764 3237 804 3298 ad
820 3254 932 3301 annum
946 3232 1144 3314 sequetem
1156 3231 1248 3314 Syrie
1262 3232 1429 3302 musone?

78 3323 210 3389 Primum
225 3341 349 3404 quaere,
365 3325 431 3406 qnia
446 3326 504 3394 hoc
519 3325 672 3399 affirmet?
696 3325 786 3402 Dion,
802 3325 897 3405 ajunt,
912 3343 992 3396 anuo
1009 3323 1128 3386 demum
1142 3322 1193 3386 ot.
1204 3321 1320 3392 Varum
1335 3321 1431 3386 habet

78 3413 106 3478 15
122 3411 302 3484 (immania.
336 3410 432 3486 Quasi
446 3433 519 3484 varo
535 3414 574 3482 51)
590 3435 669 3478 auno
685 3415 737 3478 51.
752 3433 813 3482 555
828 3413 945 3485 Romae
962 3411 1063 3477 55115
1077 3411 1146 3492 ipsa
1162 3410 1255 3478 etiam
1265 3409 1432 3477 Germania

77 3501 188 3582 degere
203 3502 349 3583 potuerit,
364 3503 520 3586 autquasi
536 3504 573 3568 de
588 3505 674 3568 Varo
690 3522 816 3569 neeesse
832 3503 882 3578 sit,
897 3520 953 3568 nos
967 3501 1043 3572 illud
1058 3518 1218 3580 usurpare:
1235 3499 1329 3574 venit,
1343 3499 1430 3577 vidit,

77 3592 177 3654 515155
193 3599 229 3653 51
244 3591 363 3655 5551555
379 3599 436 3656 est
458 3593 561 3659 Varus
576 3593 607 3656 in
622 3599 735 3674 pacata
745 3591 921 3667 Germania,
935 3597 971 3652 ut
978 3589 1117 3670 putabat,
1132 3589 1256 3668 degens,
1267 3588 1431 3680 ι5551551555

77 3680 169 3744 111551
184 3680 303 3744 unllam
323 3681 465 3760 praebuit
477 3682 536 3744 uisi
558 3681 645 3746 clade
668 3701 738 3757 sua,
759 3699 836 3763 quae
859 3679 887 3748 ei
908 3699 964 3760 per
984 3677 1110 3750 insidias
1133 3676 1257 3745 obvenit
1275 3696 1355 3743 eune
1376 3677 1430 3743 1115

77 3769 270 3836 ttJuumo.
304 3769 424 3835 Deinde
439 3771 510 3852 quid
524 3771 681 3852 prohibet,
701 3771 795 3835 etiam
814 3776 956 3842 manante
972 3768 1058 3838 Varo
1078 3767 1128 3828 vel
1144 3765 1237 3836 etiam
1252 3765 1352 3846 siquo
1369 3766 1428 3830 alio

78 3857 186 3940 Syriae
209 3858 354 3939 praeside
377 3856 545 3930 Quirinium
572 3860 653 3927 mitti
676 3859 716 3922 ad
744 3858 974 3924 constituendas
998 3855 1171 3936 provincias
1200 3873 1268 3918 eum
1292 3855 1430 3937 ampliori

77 3955 233 4028 potestate
250 3943 413 4030 (quodlib.
432 3947 480 4012 18.
494 3949 649 4030 ,Iosephus
665 3943 900 4028 dicit),ntolin1
914 3945 1086 4026 Agrippas,
1107 3951 1143 4008 ut
1159 3942 1194 4008 (1.
1210 3943 1327 4012 055551·
1341 3944 1431 4019 filius,

79 4045 111 4098 51
124 4039 290 4119 Angustus
304 4037 384 4118 ipse:
414 4038 520 4118 quibus
531 4039 574 4102 in
590 4037 681 4118 Syria
695 4035 924 4119 praesentibus,
946 4035 1061 4098 frustra
1081 4033 1240 4114 praesides
1255 4032 1429 4114 provinciae
1524 4047 1529 4060 ·

78 4133 291 4208 eoonapeetn,
312 4126 437 4190 honeris
458 4135 532 4207 puto
555 4147 664 4203 cansa,
687 4125 887 4192 amoventur?
913 4125 978 4188 Ino
1003 4122 1075 4202 quid
1089 4122 1244 4202 prohibet,
1261 4119 1430 4193 Quirinium

82 4216 169 4280 solius
190 4235 303 4280 census
326 4235 420 4282 55555
439 4210 541 4297 (enjus
555 4217 709 4297 Jesephus
731 4215 845 4278 diserte
867 4205 1021 4291 meminit)
1043 4211 1139 4285 mitti,
1160 4218 1196 4274 51
1216 4211 1377 4292 perficeret
1397 4209 1430 4274 iu

80 4304 193 4370 Judaea
208 4325 290 4370 anno
306 4305 358 4368 51.
381 4305 462 4388 qued
476 4305 674 4370 inchoaverat
689 4323 769 4368 auno
786 4301 838 4367 35.
860 4310 894 4366 51
909 4302 1042 4366 fortasse
1057 4301 1203 4381 pauculas
1219 4299 1337 4382 5115555
1353 4317 1428 4362 555-

82 4394 241 4460 uoversias
262 4395 346 4462 inter
360 4394 495 4458 locorum
508 4395 666 4476 praesides
681 4389 855 4458 dirimeret?
885 4389 1009 4456 Nulliue
1023 4407 1155 4470 uuquam
1170 4388 1265 4468 legati
1275 4387 1428 4459 Caesaris,

82 4483 148 4546 55111
168 4491 388 4565 procuratores
410 4477 507 4564 (qnod
529 4484 659 4548 officium
679 4481 833 4562 ,Iosephus
856 4478 994 4552 05151515
1016 4477 1067 4542 lit.
1092 4472 1142 4545 17.
1164 4470 1320 4557 assignat)
1343 4473 1429 4536 missi

83 4573 199 4636 suntad
220 4573 307 4655 ipsos
328 4570 509 4654 praesides?
538 4572 690 4655 Numquid
712 4569 894 4644 Pedanium,
917 4568 966 4650 qui
982 4566 1104 4646 legatus
1119 4571 1201 4640 erat,
1219 4564 1280 4646 ipsi
1294 4562 1429 4663 tolerant

84 4679 132 4740 pro
151 4663 308 4746 praeside,
332 4660 416 4744 qnod
439 4679 562 4726 neeesse
577 4680 638 4725 non
654 4669 717 4736 est;
740 4659 862 4742 legatus
878 4658 949 4731 fuit,
972 4651 1032 4721 etsi
1046 4653 1174 4736 ,losephi
1194 4653 1345 4751 interpres
1360 4668 1427 4729 ipse

85 4751 171 4818 oum
184 4755 263 4820 haee
279 4749 445 4817 confundit
459 4748 490 4814 15
505 4747 686 4826 Saturnino,
708 4746 894 4812 seutentiam
909 4745 1029 4815 dicente
1044 4741 1077 4806 in
1092 4740 1218 4814 ¹coneilio
1232 4741 1347 4819 Beryti
1384 4736 1428 4800 Et

85 4835 249 4910 Volumnius
266 4857 339 4905 uam
356 4836 524 4905 Saturnino
538 4856 681 4922 praeses,
703 4854 770 4902 eum
785 4833 915 4917 Olympo
931 4836 1120 4916 procurator,
1143 4827 1278 4982 55111555
1293 4812 1425 4888 551555-
