3412 5538
594 309 710 364 aenon·
723 309 909 380 suessones
1363 295 1426 365 10³

91 455 158 518 tiore
177 453 315 534 generali
333 453 560 536 conjiciendum
582 413 651 518 decl
676 447 850 519 lectou'bus.
890 455 999 540 Itaque
1020 475 1132 540 magna
1152 457 1264 522 fiducia
1286 460 1426 541 responsi

91 543 125 606 tui
140 541 211 606 haec
231 543 271 608 ad
286 551 322 606 te
340 543 452 608 scribo.
485 543 566 607 Nam
581 550 613 606 te
635 544 733 611 locum
747 544 845 625 ipsum
861 545 975 622 odisse,
998 565 1088 630 equo
1105 547 1273 612 auctoritas
1295 567 1424 612 accusa·

90 633 136 694 tori
150 639 198 694 tuo
213 631 349 698 obtenta
368 640 433 710 est,
455 633 536 696 haud
551 633 687 696 credam:
711 633 876 716 aequitatis
898 642 930 698 te
951 655 1040 716 spero
1057 637 1120 700 lore
1137 645 1312 702 amatorem.
1344 636 1427 710 Quid

89 722 152 786 suin
166 721 216 784 ills
230 723 400 804 tragoedia
416 724 456 786 ad
470 721 597 786 literas?
625 721 675 786 Ac
689 729 724 786 nt
738 723 857 800 videas,
877 725 947 806 quid
963 726 1000 788 de
1015 725 1069 788 illa
1089 745 1122 788 re
1138 725 1281 791 seutiam:
1305 745 1362 809 ego
1378 725 1423 791 sic

89 811 221 888 existimo,
244 813 358 894 cuique
374 831 461 875 sunm
475 817 605 875 stemma
620 831 710 894 quam
725 813 893 877 rectissime
909 815 1076 895 cognitum:
1100 835 1137 878 ac
1153 835 1219 880 cum
1233 817 1329 881 multe
1345 837 1422 900 quo·

88 900 147 963 tidie
160 919 246 964 casus
263 903 363 978 ierat,
386 902 494 984 quibus
515 901 664 983 contingit
684 902 863 965 intercidere
885 905 1066 966 documenta
1085 905 1271 983 necessaria,
1292 905 1421 990 iniquis-

88 991 148 1053 sima
161 991 230 1054 mihi
245 1011 298 1054 res
313 991 455 1067 videtur,
475 997 547 1074 post
561 991 831 1073 praescriptionem
852 1001 972 1056 centum
994 1013 1140 1057 annorum
1162 995 1295 1076 quietam
1316 1004 1349 1059 et
1362 997 1422 1059 im·
1459 1025 1461 1032 ·

87 1079 277 1162 perturbatam
305 1083 436 1144 tandem
462 1082 494 1144 iu
514 1079 610 1143 torum
632 1081 729 1143 denuo
751 1081 847 1156 trabi,
870 1082 996 1146 mortuis
1017 1083 1163 1159 testibus,
1185 1103 1309 1166 qnorum
1325 1085 1421 1148 tacito
1465 1077 1469 1084 ’

88 1189 216 1233 consensu
237 1167 312 1234 dum
332 1171 481 1233 vixeram
503 1169 544 1254 de
562 1189 595 1231 re
617 1169 685 1251 ipsa
707 1177 848 1242 constare
871 1172 979 1254 potnit.
1017 1171 1065 1236 De
1089 1173 1214 1237 consilio
1231 1193 1349 1250 eorum,
1371 1173 1422 1256 qui

86 1260 146 1322 libro
160 1260 381 1323 auctoritatem
397 1279 466 1322 esse
480 1259 653 1335 voluerunt,
673 1278 772 1322 meum
792 1279 853 1324 nou
873 1269 921 1324 est
941 1261 1111 1344 disputare:
1136 1263 1173 1325 de
1194 1269 1317 1327 auctore
1338 1271 1421 1328 certe

88 1367 120 1411 ιι
138 1349 247 1425 sentio,
269 1367 343 1412 oum
362 1347 528 1413 Germania
548 1349 647 1438 ipsum
662 1349 782 1413 excisae
803 1369 903 1414 mores
920 1339 1155 1426 Germanorum,
1178 1371 1245 1414 curn
1263 1352 1357 1416 ltalia
1371 1353 1421 1416 in-

87 1457 202 1519 gressum
222 1439 380 1503 Italorum
394 1441 478 1502 vitae
500 1457 596 1520 genus
619 1446 652 1501 et
671 1439 781 1502 studia.
825 1439 895 1503 Etsi
915 1439 1024 1504 nullius
1046 1460 1143 1523 neque
1159 1440 1305 1505 Germani
1324 1461 1421 1524 neque
1479 1437 1484 1442 ’

86 1527 142 1591 ltsli
155 1527 270 1592 cordati
286 1537 359 1604 est,
380 1547 436 1610 per
456 1528 583 1592 aliorum
597 1527 714 1591 ruinam
734 1549 787 1592 seu
802 1528 919 1610 justam
939 1549 993 1594 seu
1012 1529 1157 1612 injustam
1177 1531 1361 1595 contendere
1382 1529 1423 1593 ad

87 1619 166 1680 hune
189 1637 242 1680 seu
264 1619 394 1699 gratiae
415 1617 579 1698 fastigium.
623 1617 700 1682 Mihi
721 1619 821 1682 Taciti
844 1619 973 1683 hominis
1000 1619 1123 1702 gentilis
1143 1619 1290 1701 judicium
1314 1639 1421 1684 sacro·

87 1713 205 1770 mnemm
222 1709 369 1772 manebit
388 1707 426 1770 de
446 1708 498 1782 iis,
520 1707 570 1787 qui
589 1707 778 1772 voluntarias
800 1709 893 1771 etiam
914 1717 1076 1773 nocentum
1100 1711 1312 1774 accusationes
1333 1710 1421 1794 priu-

87 1797 166 1878 cipum
179 1797 280 1860 studio
303 1798 340 1860 in
358 1817 391 1860 se
414 1803 620 1878 susceperunt.
660 1795 724 1860 Sed
744 1799 822 1861 haec
838 1797 912 1862 nihil
932 1799 971 1862 ad
986 1818 1064 1874 rem,
1087 1817 1183 1882 neque
1205 1800 1262 1864 tihi
1277 1805 1421 1883 prosunt;

86 1904 172 1968 umus,
185 1905 232 1949 me
247 1887 389 1961 hercule,
403 1905 451 1950 me
466 1885 714 1965 valdejuvarent,
731 1887 765 1962 ei,
781 1887 861 1970 quod
871 1889 1025 1970 deprecor,
1041 1889 1421 1954 communicarenturaliis.
1529 1965 1532 1971 Ι

86 1977 146 2050 libi,
159 1983 191 2039 ut
204 1995 307 2058 spero,
323 1995 389 2039 nou
405 1975 517 2038 deeris:
540 1975 801 2052 hallucinationes,
818 1977 844 2040 si
866 1997 941 2059 quas
964 1985 1073 2042 nactus
1095 1997 1144 2054 ea,
1166 1979 1233 2062 ipse
1257 1980 1423 2061 spoliorum

85 2065 136 2128 rice
149 2083 204 2128 uon
217 2084 340 2148 magna
354 2065 478 2146 jactura
499 2065 658 2148 relinques
693 2066 742 2129 Ac
763 2067 880 2130 utinam
899 2065 1006 2130 sedate
1027 2067 1189 2143 scriberes,
1209 2071 1369 2152 praefatus
1389 2073 1421 2132 ta

86 2155 277 2220 maledicentia
291 2156 445 2239 imparem
460 2173 537 2217 esse.
855 2193 858 2202 .

154 2245 202 2310 Ad
215 2251 365 2326 tempora
380 2244 501 2308 accedo.
530 2243 631 2308 Multa
646 2243 765 2326 quidem
780 2245 879 2332 gestio
894 2263 1032 2321 movere;
1048 2264 1139 2309 uuum
1149 2251 1252 2308 tanum
1267 2246 1421 2326 singulare

86 2335 123 2396 bie
141 2355 195 2398 nou
209 2353 343 2418 pessum
365 2333 477 2397 diutim
499 2333 693 2416 supprimere.
728 2332 778 2396 Ex
797 2353 855 2416 quo
875 2335 1012 2398 tabulam
1031 2353 1135 2415 regum
1155 2335 1324 2417 Babylonis
1347 2357 1367 2399 a
1388 2343 1421 2400 te

86 2423 249 2504 publicatam
263 2425 347 2500 vidi,
371 2442 451 2487 nova
465 2423 538 2486 mihi
553 2424 606 2486 lux
620 2421 741 2484 videtur
756 2421 850 2506 oriri„
873 2423 939 2486 Nec
955 2424 1034 2485 enim
1049 2442 1126 2505 opus
1141 2443 1210 2486 esse
1226 2423 1363 2499 videtur,
1385 2432 1422 2487 ut

87 2513 179 2596 aliquid
193 2515 222 2577 in
238 2535 278 2577 ea
293 2521 443 2589 mutetur,
458 2512 538 2594 qnod
552 2519 595 2588 tu,
611 2511 692 2594 quod
707 2511 910 2588 ecclesiastici
923 2513 977 2588 tui,
993 2531 1068 2594 quos
1085 2512 1175 2588 dieis,
1189 2513 1271 2595 quod
1285 2513 1420 2576 Berosus

87 2603 139 2682 ipse
156 2604 232 2668 tecit
268 2603 411 2667 Primum
432 2621 543 2683 magua
565 2607 614 2664 est
635 2601 701 2682 ejus
724 2601 905 2676 auctoritas,
928 2603 1008 2683 quod
1023 2603 1210 2665 astronomia
1230 2603 1330 2684 ipsam
1345 2622 1421 2665 cou-

88 2691 169 2756 firmat
186 2694 216 2756 in
239 2694 335 2757 aunis
348 2692 591 2767 Nabonassaris,
613 2691 870 2774 Mardooempadi
892 2690 1063 2774 cambysis,
1084 2690 1180 2756 Darii.
1215 2691 1287 2754 Etsi
1301 2709 1375 2760 cero
1389 2692 1422 2756 in

88 2783 157 2844 aunis
170 2783 435 2867 Nabopolasssris
450 2783 570 2845 videtur
586 2801 653 2843 esse
671 2779 772 2863 eliqua
788 2781 972 2856 differentia,
994 2800 1031 2844 ea
1047 2788 1150 2844 tamen
1171 2781 1299 2844 convelli
1319 2787 1426 2862 potest

88 2871 249 2950 luculenter3
287 2891 370 2957 quae
399 2871 471 2936 mihi
494 2879 544 2934 est
575 2861 725 2934 scubeudi
750 2871 916 2953 praecipua
938 2890 1047 2947 eausa,
1079 2889 1149 2936 nam
1173 2871 1211 2934 de
1237 2869 1426 2934 astronomia

88 2962 178 3042 autur.
207 2961 372 3039 Credisne,
388 2960 536 3042 Scaliger,
550 2959 696 3043 possibile
713 2977 790 3037 esse,
804 2961 937 3024 utsalva
947 2960 1134 3024 astronomia
1144 2979 1252 3042 negem
1268 2979 1379 3022 anuum
1395 2959 1425 3024 5.

88 3051 416 3134 h'sbopclassaris·esse
428 3047 500 3116 127.
523 3049 771 3116 Nabonasearis?
798 3050 844 3113 At
860 3050 980 3112 omuino
997 3050 1084 3112 salva
1098 3057 1205 3113 manet
1221 3049 1425 3114 astronomiae

90 3143 152 3222 quod
165 3143 206 3205 sic
220 3144 332 3224 probo.
361 3142 557 3206 Ptolemaeus
572 3139 647 3202 nihil
663 3139 779 3222 allegat
795 3157 833 3202 ex
849 3158 929 3204 anno
945 3139 1006 3214 illo,
1021 3146 1146 3222 praeter
1162 3139 1288 3220 eclipsin
1304 3137 1425 3220 partia-

90 3229 143 3292 lens
184 3233 254 3296 Non
279 3231 371 3296 addit
392 3251 432 3293 ex
450 3231 636 3294 auctoritate
657 3229 898 3310 consignationis
918 3227 1142 3311 Babylonicae,
1173 3247 1231 3310 quo
1261 3229 1309 3290 die
1340 3228 1426 3309 cujus

89 3322 183 3384 uenus
197 3331 229 3386 et
244 3341 308 3404 qua
323 3321 401 3384 hora
415 3321 516 3383 noctis
530 3319 715 3400 apparuerit
747 3317 811 3382 Sed
825 3325 988 3402 postquam
1002 3316 1131 3381 adduxit
1146 3337 1257 3382 annum
1273 3317 1302 3380 5.
1316 3317 1426 3380 Nabo-

90 3410 218 3489 polssaria
241 3407 320 3494 (hoc
342 3429 416 3473 sane
431 3409 470 3472 iis
485 3408 604 3484 verbis,
626 3393 733 3490 qu'ibus
757 3407 865 3471 credas
887 3407 976 3471 citari
996 3407 1066 3488 ipsa
1087 3408 1181 3470 verba
1202 3399 1426 3490 observatoris)

90 3507 181 3578 postea
193 3499 485 3584 interpretationem
500 3500 537 3562 de
554 3517 608 3561 suo
625 3497 726 3560 addit:
751 3503 801 3560 est
816 3503 926 3572 autem,
946 3495 1094 3578 iuquiens,
1114 3516 1211 3559 annus
1229 3491 1301 3561 12⁷.
1316 3495 1426 3560 Nabo-

91 3591 215 3665 nassaris,
231 3591 300 3654 dies
318 3585 371 3654 27.
380 3589 491 3672 Athyr,
505 3588 582 3650 hora
597 3585 626 3650 5.
642 3585 696 3650 ὅθ’
711 3586 908 3669 Babyloniae.
939 3590 1048 3661 (slmag.
1061 3591 1093 3645 v.
1109 3590 1163 3656 14.)
1184 3586 1228 3649 Bt
1242 3593 1353 3670 postea
1367 3587 1428 3652 hac
1476 3621 1480 3630 ‚

92 3677 178 3760 eclipsi
193 3679 235 3743 sio
250 3679 368 3754 utitur,
389 3685 425 3740 ut
439 3677 498 3740 nisi
513 3677 586 3740 talis
603 3676 694 3739 inerit
708 3676 838 3740 latitudo
854 3675 959 3740 Lunae
976 3676 1016 3738 sd
1030 3693 1177 3756 unguem,
1198 3675 1331 3758 taliaque
1349 3694 1427 3738 auo-

92 3767 166 3830 uslia
179 3769 286 3833 Lunae
302 3769 359 3832 illa
374 3774 577 3849 comparente,
593 3765 712 3830 omnino
731 3765 785 3829 illa
800 3783 940 3829 corruere
962 3765 1002 3828 sit
1023 3783 1159 3842 necesse,
1182 3783 1260 3846 quae
1280 3763 1346 3845 ipse
1370 3783 1427 3826 ex-

93 3857 168 3920 struit
189 3860 282 3922 etsie
299 3856 489 3920 astronomia
509 3855 707 3937 periclitetur.
747 3853 864 3927 Quodsi
886 3854 981 3936 igitur
996 3853 1087 3918 aliam
1111 3854 1271 3918 ostendam
1292 3853 1429 3934 eclipsin,

92 3946 305 4100 hertei.
318 3947 452 4099 liti
466 3945 572 4098 itt
584 3945 753 4097 {titt
766 3935 1430 4098 :tttltttlfflitii‘tttilt

94 4055 1430 4300 letesseestrelittereestttri⁰seruent-..stele

97 4309 153 4368 tata
167 4307 285 4388 eclipsi:
309 4314 384 4368 tuno
400 4313 515 4368 certum
531 4312 588 4379 est,
604 4311 687 4366 stare
703 4322 794 4385 posse
811 4301 1050 4384 astronomiam„
1062 4301 1121 4366 etsi
1135 4301 1314 4366 Ptolemaeo
1331 4317 1428 4382 nege-

95 4409 148 4456 mus
170 4415 280 4460 sunum
305 4395 335 4459 5.
354 4394 614 4476 Nabopolassau'a
643 4385 1064 4456 esse127.Nabonassaris.
1099 4391 1169 4455 Duo
1188 4390 1284 4474 igitur
1305 4389 1452 4454 faciam:¹
1488 4415 1489 4419 ¹

97 4479 1430 4653 tittrltl2.Btbittit.lt¹‘;.li⁸⁵t.l.¹t¹;¹;..i.⁸·tstilletis

99 4591 298 4744 eonlgnarr'rnt
319 4591 491 4744 Sabyloui'u
539 4661 588 4725 De
609 4620 705 4744 p'rimo
731 4659 789 4726 sic:
827 4659 957 4723 altitudo
984 4649 1047 4742 poll
1068 4658 1256 4741 Babyloniae
1285 4659 1335 4716 est
1359 4649 1429 4732 35⁶,
1499 4657 1503 4670 '

100 4745 142 4812 Sol
159 4751 190 4814 in
211 4747 270 4816 26⁰
296 4751 350 4830 Υ,
378 4759 454 4832 puta
478 4749 526 4814 die
552 4745 603 4815 27.
629 4749 741 4833 Athyr.
784 4747 867 4831 Ergo
889 4755 1009 4830 tempus
1035 4749 1289 4812 seminocturnum
1311 4741 1341 4805 5.
1365 4741 1429 4807 31‘.

100 4835 271 4924 Hecaerge
296 4843 387 4908 hora.
409 4837 439 4904 5.
469 4839 521 4907 31⁴
552 4839 606 4905 Sol
634 4839 695 4904 fuit
718 4844 820 4915 omns,
847 4838 936 4902 Luna
963 4836 1057 4920 igitur
1087 4836 1193 4900 eadem
1215 4833 1292 4896 hora
1319 4831 1349 4896 5.
1373 4831 1428 4897 31’
