3406 5542
697 331 780 400 caput
791 332 811 384 1.
836 325 952 390 Umerus
1425 318 1489 388 285

142 469 330 538 Saturninus
346 472 455 557 Syriae
471 493 596 556 praeses
611 477 766 559 peregerit
779 477 869 561 longe
885 487 957 544 ante
968 477 1136 561 Quirinium
1150 481 1335 563 praesidem
1351 485 1489 568 quodque

140 563 198 626 hoc
214 563 318 628 verbis
332 565 436 628 Lucae
451 565 667 647 Evangelistae
684 565 812 631 Graecis
828 588 973 651 expresse
989 571 1117 634 dicatur.

161 683 165 692 v
230 651 308 736 Cap.
323 654 395 718 ΧΠ.
425 651 512 726 Quae
528 655 565 718 de
588 656 893 740 adventnMagornm
916 661 1001 724 etde
1023 659 1210 724 infanticidio
1233 662 1329 726 tradit
1343 663 1488 746 Evange-

140 741 214 805 lista
222 744 412 820 Matthaeus,
427 744 518 826 plane
534 764 668 810 consona
683 764 751 808 esse
766 747 813 824 iis,
828 768 905 830 quae
914 750 1067 831 Josephos
1084 749 1193 832 aliique
1209 750 1345 816 historici
1359 751 1489 816 Romani

141 832 351 896 ebraeorum
367 851 457 897 aerae
471 835 531 898 Jnl
541 835 593 898 41.
609 836 752 899 relemnt.

229 921 307 1006 Cap.
322 923 409 988 XIIL
452 924 502 986 Ex
526 931 630 988 aetate
655 924 787 1002 Chn'sti,
811 945 901 1008 quam
923 929 1125 1010 Evangelista
1145 930 1248 993 Lucas
1270 929 1298 994 ei
1320 929 1426 994 tribuit
1449 931 1489 994 ad

139 1011 326 1093 baptismum
346 1013 504 1078 accedenti
526 1034 605 1077 anno
629 1033 718 1078 aerae
740 1015 881 1079 Julianae
905 1011 956 1083 73.
978 1017 1101 1081 finiente
1125 1019 1173 1083 vel
1196 1012 1247 1082 74.
1269 1017 1406 1096 ineunte,
1428 1041 1488 1084 non

138 1120 231 1182 posse
248 1110 392 1166 accurate
408 1102 588 1184 investigari
602 1123 712 1168 annum
729 1103 846 1169 Chn'sti
861 1106 1034 1172 natalitium
1039 1127 1049 1184 ;
1079 1108 1265 1190 suffragante
1280 1109 1368 1172 nobis
1381 1111 1487 1174 Evan-

138 1191 271 1272 gelistae
287 1197 375 1255 textu
391 1191 521 1257 Graeco.
977 1249 979 1256 .

228 1281 306 1363 Cap.
315 1281 401 1346 XIV.
427 1279 513 1354 Quae
529 1301 640 1346 causae
656 1283 809 1348 veteribus
819 1285 973 1362 Patribus,
989 1304 1041 1350 our
1056 1286 1249 1350 nativitatem
1265 1286 1382 1352 Christi
1397 1306 1488 1370 repo·

139 1377 250 1434 nerent
265 1371 411 1436 adfinem
426 1372 498 1436 enni
513 1391 604 1437 aerae
619 1373 760 1438 Julianae
776 1373 829 1438 43.
843 1375 893 1440 vel
908 1374 1026 1438 initium
1041 1376 1112 1440 anni
1128 1375 1180 1451 44,
1194 1376 1315 1443 biennio
1332 1377 1398 1440 solo
1415 1385 1487 1440 ante

136 1459 258 1524 initium
272 1481 364 1526 aerae
378 1461 557 1526 hodiernae:
581 1461 633 1526 alii
648 1463 788 1540 triennio,
803 1464 855 1528 alii
871 1484 949 1528 auno
965 1484 1033 1528 uno.
1114 1503 1118 1524 .

226 1549 304 1633 Cap.
318 1551 391 1615 XV.
422 1548 489 1623 Quo
506 1559 651 1635 tempore,
671 1554 778 1636 quihus
794 1553 1003 1635 occasionibus
1020 1560 1053 1616 ct
1067 1573 1125 1636 quo
1142 1561 1266 1618 auctore
1281 1554 1414 1631 inventa,
1430 1573 1488 1637 quo

135 1639 209 1704 itam
231 1641 264 1704 in
283 1661 372 1704 usum
387 1660 455 1704 rece
477 1649 512 1706 ta
534 1643 576 1706 sit
597 1664 616 1706 a
632 1640 815 1708 Christianis
831 1643 997 1708 occidentis
1014 1662 1086 1708 aera
1101 1661 1244 1720 erronea,
1266 1664 1325 1728 qua
1339 1644 1488 1729 hodieque

135 1731 263 1795 utimur:
288 1731 340 1794 nbi
356 1737 389 1794 et
404 1729 441 1794 de
456 1661 506 1798 gie
523 1731 628 1796 natali.

552 2428 555 2436 .
664 2374 667 2382 “
725 2355 844 2456 Caput
865 2355 899 2429 ¹I.

515 2529 573 2594 De
586 2529 722 2596 rulime
736 2533 831 2617 bojas
845 2532 1100 2616 irroratigationr'a.

221 2710 296 2774 Non
312 2708 455 2784 diffiteor,
469 2707 566 2772 lector
575 2708 763 2787 Christiane,
774 2711 934 2776 nonnullos
950 2710 1098 2774 ecclesias
1112 2709 1225 2774 Patres
1239 2707 1360 2774 minime
1375 2729 1484 2774 necea·
1512 2791 1516 2800 Ι

135 2797 249 2864 sarium
263 2799 430 2874 censuisse,
445 2797 524 2864 utin
540 2801 777 2866 circumstantiis
792 2801 928 2864 externis
942 2799 1125 2865 Natiuitatis
1136 2797 1252 2863 Christi
1267 2819 1371 2864 omnes
1386 2799 1485 2864 minu-

136 2890 196 2954 tias
210 2895 477 2972 persequerentur.
521 2889 674 2955 Viderunt
689 2891 783 2966 enim,
807 2891 833 2954 si
849 2890 998 2974 quispiam
1020 2888 1167 2956 ecclesiae
1190 2888 1363 2954 antistitum
1377 2891 1485 2954 istius·

135 2979 216 3042 modi
239 2979 330 3043 rebus
355 2977 501 3042 curiosius
523 2979 708 3062 inquirendis
732 2999 826 3063 nsque
851 2981 891 3044 ad
915 2980 1141 3044 contentionum
1166 2979 1268 3044 studia
1290 2979 1486 3061 provehatur,

131 3069 196 3150 jam
215 3068 303 3132 illum
326 3087 484 3132 censuram
511 3061 673 3134 moririsse
696 3070 882 3152 increpantis
903 3069 1064 3153 Apostoli,
1093 3069 1143 3152 qui
1167 3069 1326 3133 'timotheo
1356 3075 1389 3132 et
1413 3070 1493 3134 'lito

136 3157 365 3242 quaestionibus
380 3158 487 3222 harum
502 3159 665 3236 similibus,
686 3181 763 3244 quae
779 3161 899 3244 quidem
911 3161 995 3224 rixas
1012 3159 1161 3234 excitant,
1177 3178 1254 3241 qnae
1268 3159 1366 3222 bonos
1375 3177 1483 3234 mores,

134 3267 211 3330 quae
228 3248 377 3330 pietatem
393 3247 561 3324 destruunt,
582 3256 617 3313 ut
632 3257 721 3314 erant
735 3251 852 3332 legales
868 3257 900 3314 et
915 3249 1143 3332 genealogicae,
1166 3249 1245 3312 serio
1261 3248 1424 3320 interdicit

222 3339 339 3402 Verum
355 3337 435 3401 enim
445 3357 518 3401 vero
534 3359 594 3402 non
610 3357 706 3417 omne,
722 3339 802 3423 quod
818 3340 978 3422 episcopus
989 3347 1180 3404 contemnere
1190 3344 1304 3420 potest,
1317 3344 1483 3421 propterea

134 3433 166 3490 et
188 3426 371 3509 simpliciter
393 3429 644 3492 contemnendum
668 3437 731 3506 est3
755 3449 812 3493 nec
836 3429 863 3492 si
887 3429 957 3512 qnid
989 3436 1097 3497 onerat
1120 3435 1153 3492 et
1176 3427 1302 3510 impedit
1327 3427 1483 3492 doctorem

132 3517 285 3582 ecclcsiae
306 3515 470 3598 majoribus
486 3518 566 3582 curis
581 3519 739 3596 intentum,
754 3519 785 3582 id
794 3525 959 3600 propterea
974 3519 1067 3582 etiam
1077 3518 1116 3581 ab
1126 3517 1253 3580 aliarum
1262 3517 1484 3599 professionum

130 3607 305 3672 hominibus
320 3615 370 3670 est
385 3607 605 3694 ainsiendunz,
621 3617 654 3672 et
666 3609 781 3672 multae
797 3614 869 3672 sunt
883 3607 1086 3690 quaestiones,
1106 3625 1192 3690 quae,
1213 3605 1239 3670 si
1253 3607 1336 3670 fixas
1352 3609 1483 3685 auferas,

130 3705 246 3762 ornant
265 3696 441 3778 religionem
458 3696 665 3762 Christianam
679 3704 763 3762 recte
786 3697 957 3779 explicatae
974 3704 1027 3760 aut
1042 3717 1062 3759 a
1077 3695 1212 3760 ludibriis
1227 3695 1312 3760 illam
1325 3697 1483 3762 vindicant

129 3805 252 3862 eorum,
275 3786 419 3869 quisunt
441 3793 530 3850 extra
552 3787 726 3852 ecclesiam:
750 3807 809 3870 quo
831 3787 950 3850 nomine
974 3787 1083 3851 sinon
1104 3786 1306 3862 necessarias,
1330 3787 1481 3869 optabiles

128 3885 237 3942 mmen
252 3877 374 3940 omnino
391 3883 468 3940 sunt
977 3953 981 3968 1

218 3967 376 4029 Videmnt
389 3965 446 4029 hoc
462 3965 678 4030 discrimenex
691 3965 813 4030 Latinis
827 3966 1040 4048 Hieronymus,
1062 3983 1100 4028 ex
1116 3961 1246 4029 Graecis
1260 3963 1427 4040 Eusebius,
1448 3971 1481 4027 et

129 4065 201 4121 ante
210 4055 283 4120 illos
294 4054 444 4131 Clemens,
459 4055 654 4137 Theophilus,
668 4055 842 4131 Africanus,
858 4052 978 4131 Castor,
988 4054 1135 4126 Tatianus
1145 4053 1255 4137 alinuc
1265 4054 1414 4129 nonnulli3
1430 4053 1480 4135 qni

129 4146 269 4230 quamvis
278 4143 455 4210 Christiana
462 4139 612 4228 professio
621 4151 720 4208 totum
729 4145 832 4208 orbem
841 4152 991 4208 terrarum
1000 4150 1189 4226 occupasset,
1205 4144 1341 4226 quamvis
1351 4141 1481 4206 ecclesia

128 4235 294 4310 miraculis,
309 4235 391 4298 vitae
408 4235 583 4310 sanctitate,
597 4235 745 4316 graduum
759 4235 839 4301 inter
853 4234 1012 4298 antistites
1028 4233 1131 4298 ordine
1148 4240 1181 4296 et
1202 4234 1351 4314 dignitate
1372 4250 1478 4294 corus-

130 4333 215 4396 caret
228 4332 456 4407 martyrumque
471 4323 730 4390 innumerabilium
747 4325 893 4405 sangnino
908 4323 1112 4406 promtissime
1128 4323 1262 4406 qnotidie
1278 4322 1430 4402 rigaretur
1447 4325 1480 4382 et

130 4418 371 4490 confirmaretur,
385 4423 420 4476 nt
435 4431 495 4478 non
510 4415 664 4478 videretur
679 4433 755 4497 opus
772 4433 840 4477 esse
856 4413 1043 4477 discussione
1059 4413 1269 4496 quaestionum
1284 4407 1477 4490 chronologi-

130 4525 231 4572 carum
242 4506 284 4570 ad
293 4504 385 4568 iidem
395 4500 510 4568 Christi
519 4503 650 4567 fidelium
660 4503 898 4568 suffulciendam:
915 4503 985 4586 quia
994 4509 1097 4566 tamen
1107 4509 1176 4565 crat
1185 4506 1300 4564 certum
1315 4497 1477 4580 genusho·

130 4598 249 4672 minum,
265 4594 441 4677 philosophi
457 4593 539 4668 dicti,
554 4594 605 4675 qui
615 4591 822 4680 Christianam
837 4591 1012 4674 religionem
1020 4598 1075 4655 aut
1088 4591 1190 4673 palam
1199 4587 1416 4669 oppugnabant
1425 4593 1484 4688 ant*

130 4687 222 4750 tacite
231 4689 412 4766 suspectam
417 4681 586 4746 reddebant
592 4683 790 4746 ventilatione
799 4683 1006 4746 chronicamm
1014 4680 1231 4764 quaestionum,
1244 4675 1378 4756 utigitur
1385 4673 1479 4738 etiam

129 4775 174 4840 his
189 4775 414 4847 consuleretur,
428 4778 464 4834 ut
480 4769 663 4836 Christianis
678 4772 754 4853 ipsis
769 4772 909 4853 scrupuli,
924 4791 999 4854 quos
1014 4771 1058 4835 illi
1073 4769 1252 4850 injecerant,
1268 4764 1480 4842 eximerentur,

129 4865 199 4930 dicti
207 4867 324 4932 Patres
340 4861 553 4942 chronologica
561 4869 633 4928 suut
644 4861 782 4944 aggressi
794 4880 832 4926 ex
845 4862 983 4942 professo
995 4861 1163 4940 bonamque
1177 4870 1300 4936 operam
1315 4851 1392 4918 alius
1407 4861 1480 4934 post
