3396 5540
749 221 857 284 llelogae
876 221 1023 268 Chronica.

481 449 536 514 De
567 471 663 514 sero
694 469 800 512 auno
836 449 1087 512 natiuitatis
1119 448 1289 516 Christi.

315 574 471 640 Callisius
487 573 564 653 legit
579 593 684 638 meam
699 572 882 641 diatribam.
901 581 1028 655 oportet
1042 573 1143 656 igitur
1157 574 1300 646 rationes
1314 593 1404 638 meas
1418 573 1547 652 refutet,

226 673 285 728 aut
307 663 383 728 mihi
405 663 509 738 cedat,
532 662 691 744 quiahoc
713 683 735 726 a
757 663 924 726 Reusuero
947 671 979 725 et
1002 663 1071 744 ipse
1093 663 1184 744 petit

191 767 198 774 “
313 752 378 818 rii
402 773 467 814 non
483 771 553 813 esse
573 751 800 816 discedendum
816 751 858 814 ab
873 752 1049 814 assertione
1063 750 1354 832 Evangelistarum.
1387 750 1548 816 Concedo.

226 841 281 906 dit
303 847 482 922 praeterea,
509 859 652 903 asserere
676 839 909 920 Euangelistas.
934 840 1097 904 Clnistum
1125 845 1238 904 natum
1260 839 1385 904 vivente
1408 839 1549 918 Herode,

225 929 363 994 concalo
386 935 419 990 et
441 927 532 992 valde
555 949 663 1010 urgeo.
709 929 816 992 Tertio
841 929 904 995 ait.
931 928 1168 1010 Evangelistam
1196 948 1358 1007 asserere,
1383 929 1549 992 Christum

225 1017 343 1083 Tiberii
373 1037 458 1080 anuo
485 1023 534 1082 15.
564 1017 663 1080 fuisse
691 1037 851 1080 armorum
876 1024 928 1083 30.
973 1017 1120 1082 Concedo
1146 1017 1180 1080 in
1205 1038 1339 1098 genere,
1370 1038 1494 1100 paucos
1515 1019 1549 1080 in

227 1107 332 1188 specie
361 1105 532 1188 scrupulos
559 1106 675 1190 injicio.
719 1106 865 1170 Primum
885 1106 946 1169 hoc
968 1105 1046 1170 dicit
1068 1107 1184 1184 Lucas,
1205 1106 1363 1172 Joannem
1384 1127 1472 1170 anno
1497 1111 1548 1170 lr'r.

177 1241 181 1256 .
225 1195 344 1260 'l'iberii
365 1195 506 1277 coepisse
528 1194 704 1276 baptizare.
735 1195 874 1277 Tempus
896 1201 1006 1259 antem
1026 1203 1076 1258 est
1092 1194 1220 1276 lapsum
1241 1195 1343 1260 donec
1364 1195 1452 1258 fama
1474 1215 1547 1276 per·-

225 1282 368 1362 crebuit,
399 1283 499 1346 donec
529 1283 625 1347 exirit
653 1283 697 1346 ad
727 1304 800 1346 cunr
835 1284 938 1347 omnis
967 1283 1146 1348 Jerusalem
1177 1289 1209 1347 et
1235 1283 1382 1348 universa
1409 1283 1549 1348 Judaea.

224 1373 315 1438 Tunc
347 1372 476 1436 demum
509 1379 541 1436 et
571 1371 715 1436 Christus
748 1372 811 1436 fnit
840 1372 1042 1455 baptizatus,
1076 1393 1237 1436 annorum
1274 1372 1368 1453 qrrcsi
1400 1372 1549 1454 triginta.

225 1463 361 1544 Tempus
383 1459 424 1525 ab
445 1460 538 1525 initio
567 1460 792 1545 baptizationis
819 1461 861 1525 ad
889 1462 1082 1544 baptismum
1106 1461 1223 1528 Christi
1252 1461 1379 1544 lapsum
1405 1483 1472 1524 non
1499 1469 1551 1523 est

225 1571 429 1633 expressum:
460 1549 601 1614 creditur
630 1555 740 1613 autem
770 1571 947 1632 paucorum
980 1551 1136 1613 mensium
1169 1555 1230 1614 aut
1258 1545 1375 1614 saltem
1410 1551 1549 1615 dierum.

225 1639 273 1704 lle
296 1638 411 1704 vocula
432 1659 508 1702 vero
531 1637 599 1703 dosa
621 1659 685 1702 non
705 1643 755 1704 est
776 1659 925 1720 aequum,
948 1660 1007 1703 nos
1030 1640 1138 1721 potirm
1160 1639 1274 1702 audire
1293 1639 1468 1704 Calvisium
1490 1645 1551 1702 aut

225 1727 389 1810 theologos
410 1728 621 1811 interpretes,
644 1748 743 1810 quam
765 1728 985 1809 Evangehstas
1011 1733 1072 1790 ant
1093 1728 1213 1792 Lucam
1235 1727 1351 1809 ipsum.
1397 1727 1550 1809 Thalogi

225 1839 264 1880 cx
285 1815 353 1880 ώσω
375 1815 497 1880 faciunt
510 1817 639 1898 spuma,
662 1825 771 1898 σχεδον,
795 1818 899 1881 Lucas
915 1838 991 1881 sero
1006 1815 1077 1893 cicc,
1100 1817 1205 1896 quasi,
1229 1817 1366 1894 circiter,
1389 1816 1421 1879 ἐν
1437 1822 1550 1891 riores,

226 1904 267 1978 ὡς
289 1905 372 1980 lotar,
396 1905 439 1970 ad
461 1905 590 1970 verbum
612 1903 653 1977 ὡς
674 1905 708 1982 ἐι,
731 1926 770 1969 ac
788 1905 827 1982 si,
851 1905 948 1970 veluti
969 1905 998 1969 si
1020 1911 1104 1968 esset
1126 1925 1285 1970 annorum
1306 1905 1452 1986 triginta,
1475 1904 1551 1968 talis

227 1999 299 2058 erat
321 2001 465 2076 aspectu.
510 1995 545 2059 Si
566 1994 625 2058 hoc
646 2015 772 2072 rerum,
795 2015 870 2076 ergo
898 1994 1141 2076 investigatione
1169 1999 1216 2058 15.
1239 1993 1358 2058 Tiberii
1384 2015 1450 2057 non
1473 2015 1548 2058 ccu-

227 2082 325 2147 stabit
351 2081 441 2146 nobie
467 2081 507 2146 dc
529 2082 687 2165 ipsissimo
713 2103 798 2146 anno
826 2084 895 2147 nati
917 2083 1048 2162 Christi,
1074 2082 1137 2146 nisi
1163 2087 1291 2148 tantum
1318 2081 1359 2156 ὥς
1381 2083 1420 2158 ἐι,
1444 2083 1550 2165 quasi,

226 2171 363 2249 circiter,
386 2171 419 2235 ἐν
441 2176 550 2234 πλατο.
610 2201 614 2212 ’
755 2233 760 2246 ‚

315 2260 403 2324 Alias
420 2258 575 2324 Calvisius
598 2281 718 2324 annum
738 2265 787 2325 15.
811 2259 926 2324 Tiberii
946 2265 1034 2324 recte
1056 2259 1261 2338 determinat,
1284 2259 1550 2324 sinumerandns

227 2355 277 2412 est
298 2348 340 2413 ab
363 2369 494 2412 excessu
518 2349 670 2428 Augusti,
698 2371 760 2412 non
782 2369 841 2432 per
862 2348 1020 2414 consules.
1065 2349 1109 2412 At
1130 2349 1158 2412 si
1185 2369 1261 2413 vero
1290 2369 1348 2431 ego
1374 2369 1451 2412 cnm
1472 2349 1547 2438 lipi-

141 2431 144 2454 '
227 2437 344 2520 phanio
366 2458 426 2519 per
448 2437 596 2502 consules
617 2459 802 2516 numerem,
824 2459 889 2502 non
911 2443 1020 2502 tamen
1035 2457 1057 2500 a
1071 2437 1207 2502 Calvisio
1222 2438 1255 2502 in
1269 2459 1355 2502 auno
1378 2437 1547 2505 dissentio:
1604 2437 1609 2446 “

227 2526 305 2607 quia
330 2525 415 2590 inter
441 2547 499 2590 nos
526 2525 686 2605 convenit,
709 2526 865 2592 Joannem
891 2532 1048 2591 autumno
1076 2525 1231 2609 coepisse,
1259 2547 1344 2608 quae
1371 2547 1448 2608 pars
1472 2525 1549 2590 anni

76 2643 82 2660 ·
192 2677 195 2690 ,
227 2615 354 2679 omnino
377 2615 409 2678 in
431 2636 551 2679 annum
578 2621 626 2680 15.
650 2615 768 2680 Tiberii
792 2615 892 2693 cadit,
919 2615 986 2679 sive
1008 2615 1034 2678 is
1056 2616 1203 2696 Augusto
1228 2635 1339 2679 mense
1365 2615 1548 2693 inchoatus,

226 2703 400 2768 secundum
423 2703 605 2782 Caluisium,
626 2705 690 2768 sive
712 2704 865 2769 Januario
887 2703 1106 2781 antecedente,
1128 2703 1304 2770 secundum
1325 2723 1387 2766 me.

317 2791 483 2870 t'eterum,
511 2793 589 2874 quia
611 2793 764 2858 Calvisius
785 2794 854 2876 ipsc
877 2799 982 2875 urget,
1010 2792 1162 2856 standum
1189 2813 1259 2856 esse
1286 2790 1547 2856 determinationi

228 2881 265 2944 ll.
282 2881 405 2946 Lucae:
427 2881 524 2945 iaciat
545 2881 607 2946 hoc
628 2883 725 2945 etiam
747 2882 780 2945 in
796 2903 845 2962 eo,
867 2881 921 2946 ubi
936 2882 1040 2947 Lucas
1056 2881 1142 2959 dicit,
1166 2881 1326 2946 Christum
1340 2901 1411 2946 esse
1433 2886 1547 2944 natum

227 2969 296 3033 viro
320 2971 447 3034 Herode
468 2991 557 3052 rcge;
581 2970 668 3052 quod
690 2970 773 3034 idern
795 2976 828 3035 et
849 2971 1032 3036 Matthaeus
1055 2967 1207 3034 affirmat.
1251 2971 1356 3035 Lucas
1379 2969 1548 3034 historiam

228 3057 365 3122 Herodis
387 3081 450 3123 non
467 3059 615 3136 correxit,
638 3059 758 3122 dimisit
774 3079 845 3123 earn
860 3059 972 3122 lectori
994 3058 1166 3140 petendam
1181 3079 1220 3123 ex
1234 3057 1396 3124 historicis
1412 3058 1547 3136 idoneis,

229 3152 266 3209 ut
296 3166 335 3210 ex
361 3147 501 3228 Josepho
532 3153 564 3210 ot
591 3149 760 3225 Romanis,
790 3149 845 3230 qui
875 3154 954 3211 tunc
983 3149 1127 3212 vixerunt
1156 3147 1206 3212 vel
1237 3168 1301 3212 non
1328 3147 1433 3212 multo
1463 3154 1547 3228 post.

228 3234 356 3300 Eusebii
384 3238 576 3314 auotoritas,
607 3257 741 3318 regnum
771 3236 890 3301 llerodi
919 3236 1044 3317 longius
1078 3237 1278 3319 prorogantis
1308 3243 1422 3300 cenna
1452 3235 1549 3300 fidem

228 3324 429 3388 mandestam
451 3325 686 3402 historicorum,
708 3347 772 3389 non
793 3325 918 3390 ridetur
939 3325 1091 3408 ponderis
1113 3323 1237 3406 ahquid
1257 3324 1393 3390 habere:
1417 3332 1550 3388 namet

228 3417 372 3494 tempore
393 3415 550 3497 posterior
572 3414 631 3478 luit
654 3421 686 3478 ct
708 3414 774 3479 aha
800 3413 903 3479 multa
931 3414 1143 3496 transposuit,
1173 3414 1261 3500 quod
1283 3419 1333 3478 est
1355 3419 1449 3477 extra
1470 3431 1546 3478 con·

228 3503 431 3566 troversiam:
456 3511 490 3566 et
511 3501 640 3566 ridetur
661 3504 783 3585 primus
805 3523 889 3581 esse,
918 3503 975 3585 qui
995 3502 1161 3584 theologos
1187 3499 1355 3568 hodiernos
1378 3502 1412 3565 in
1434 3523 1546 3584 super·

228 3588 388 3654 stitionem
411 3591 536 3655 numeri
558 3613 578 3656 a
600 3592 689 3656 Luca
711 3591 813 3657 obiter
839 3591 1000 3656 enunciati
1024 3591 1164 3670 induxit,
1191 3591 1278 3672 quod
1299 3611 1396 3672 graue
1424 3591 1551 3674 putarit

226 3681 289 3742 vim
311 3678 415 3742 facere
441 3680 547 3743 textui
569 3681 691 3758 Lucae,
714 3681 770 3762 qui
797 3679 896 3745 habet
919 3687 959 3744 30
987 3701 1104 3758 annos,
1132 3679 1253 3744 scilicet
1280 3681 1307 3744 si
1329 3679 1550 3744 dissimuletur

227 3766 388 3850 particula
404 3766 479 3844 cicer,
497 3789 562 3851 qua
577 3769 801 3851 superstitione
815 3769 979 3834 devinctus
991 3789 1122 3832 causam
1136 3767 1250 3834 habuit
1261 3769 1398 3834 Herodis
1414 3775 1549 3832 mortem

227 3861 277 3920 tot
299 3857 389 3919 annis
411 3858 677 3940 procrastinandi.
712 3859 794 3923 Voto
810 3858 907 3939 igitur
921 3877 980 3922 suo
995 3857 1045 3921 hic
1063 3857 1303 3937 obsecundarit,
1326 3877 1390 3922 non
1406 3857 1546 3922 auctori·
1597 3925 1598 3930 ,

227 3944 287 4009 tati
309 3943 546 4026 historicorum,
576 3947 661 4029 quod
684 3948 811 4011 unicum
834 3946 879 4010 rei
901 3951 1010 4028 gestae
1037 3947 1211 4028 legitimum
1239 3950 1288 4010 est
1310 3952 1547 4028 argumentum.

315 4033 457 4116 Scaliger
488 4055 527 4098 ex
556 4035 665 4118 eclipsi
697 4037 855 4117 corrigere
884 4035 953 4098 vult
982 4035 1155 4118 Joseplrum
1176 4034 1279 4100 simul
1309 4042 1342 4099 et
1372 4035 1548 4100 Eusebium

227 4121 313 4185 circa
342 4119 439 4186 finem
467 4123 611 4188 Herodis
657 4127 700 4189 At
727 4132 777 4189 est
802 4147 830 4205 a,
844 4143 896 4188 me
924 4123 1084 4206 producta
1113 4117 1239 4207 eclipsis
1271 4123 1345 4203 alia,
1375 4143 1461 4206 quae
1487 4144 1546 4206 pro

226 4209 364 4292 iosepho
396 4209 473 4274 facit
508 4231 631 4294 proque
661 4213 881 4278 Romanorum
915 4212 1143 4278 historicorum
1177 4232 1349 4277 consensu:
1388 4233 1461 4277 cum
1492 4211 1548 4276 illa

226 4299 378 4382 Scaligeri
402 4300 527 4384 eclipsis
549 4301 747 4367 incommode
772 4301 960 4367 adhibeatur
983 4308 1016 4365 et
1039 4301 1142 4366 textui
1163 4303 1225 4368 vim
1247 4300 1358 4366 saciat.

314 4387 457 4452 Historia
485 4389 555 4472 ipsa
585 4391 699 4455 mortis
728 4391 864 4458 Herodis
893 4396 927 4454 et
955 4409 1176 4456 successorum
1206 4394 1254 4455 cst
1286 4388 1547 4469 luculentissima,

225 4475 412 4554 certissima,
437 4479 707 4544 contestatissime
729 4499 788 4564 per
809 4499 920 4544 omnes
943 4479 1212 4560 circumstantias,
1235 4499 1320 4560 quae
1338 4499 1545 4562 nequaquam

225 4570 361 4646 possunt
383 4565 530 4646 torqueri
551 4565 584 4628 in
608 4567 673 4631 alia
695 4573 854 4651 tempora,
883 4568 1004 4652 quippe
1031 4567 1178 4634 desmnta
1200 4588 1238 4632 ex
1261 4567 1387 4632 diurnis
1410 4567 1545 4632 Herodis

225 4651 335 4734 Magni
357 4659 390 4716 et
413 4657 481 4738 ejus
504 4653 727 4735 posteriorum,
750 4658 807 4740 qui
828 4658 951 4723 Romae
973 4656 1112 4740 Josepho
1134 4657 1258 4740 copiam
1280 4656 1426 4722 lecerunt
1446 4656 1541 4737 inspi-

225 4739 337 4814 ciendi.
371 4741 463 4806 Vana
478 4741 575 4823 igitur·
590 4750 637 4808 est
654 4745 794 4830 suspicio
810 4746 928 4811 erroris
943 4746 976 4810 in
991 4745 1131 4830 Jcsepbo
1147 4747 1232 4812 eirca
1247 4750 1384 4811 mortem
1397 4744 1543 4812 Herodis.
