3406 5542
503 329 586 396 Caput
597 329 640 382 1x.
665 319 772 421 Heredis
784 331 890 392 morbus,
903 329 1006 396 Ecllpla.
1263 283 1267 290 ι
1361 313 1427 382 323

95 471 157 546 buit,
171 469 238 533 iude
252 471 285 534 in
301 470 436 533 thermas
452 471 713 535 transdordanem
726 472 793 547 ivit,
808 473 927 536 scilicet
941 480 976 536 ut
990 471 1109 555 longius
1123 474 1183 538 iter
1198 476 1248 550 sit,
1262 475 1330 556 plus
1345 482 1426 539 ιιι-

94 560 166 642 poris
180 558 379 641 impendatur.
417 556 506 630 Quod
523 561 548 624 si
565 580 754 635 concessero,
770 569 915 642 quantum
930 563 990 626 erit
1004 563 1118 626 lucrum
1134 565 1236 626 tuum?
1265 565 1428 628 Hierichus

93 649 168 710 unius
183 648 242 710 diei
257 649 367 712 itinere
384 649 471 710 abest
484 645 685 732 'Jercsolymis
702 659 756 713 eut
770 653 877 712 minus.
910 651 960 714 Ex
974 653 1127 716 montanis
1143 653 1223 716 circa
1235 651 1428 735 Jerosol'yma

93 739 165 799 lacus
180 737 342 817 asphaltis,
358 738 390 799 in
405 755 492 819 quem
503 738 657 804 Callirhoe
666 739 773 815 induit,
787 740 921 820 conspici
936 747 1050 821 potest.
1079 739 1142 803 Sed
1158 749 1191 803 tu
1205 742 1310 822 probe,
1324 761 1427 823 regem

93 825 256 888 decubuisse
272 825 487 907 lerosolymis,
503 826 654 892 diversum
669 826 748 891 enim
764 847 856 908 supra
872 828 1022 892 contendi.
1068 827 1161 903 Quia,
1183 829 1295 912 inquis,
1311 847 1425 894 convo-

91 916 163 977 carit
176 915 377 996 magistratus
391 916 674 997 Jerosolymitanos.
711 919 782 980 Non
797 918 853 979 hos
869 925 997 994 ιιιιιιιι,
1013 919 1068 980 sed
1083 919 1179 981 totius
1195 920 1296 999 gentis
1310 913 1425 1000 primo-

90 1021 132 1066 res
146 1022 181 1064 ex
196 1004 277 1068 omui
300 1004 464 1084 provincia.
510 1003 599 1076 Quod
614 1023 686 1068 vero
702 1007 760 1068 hoc
775 1007 1007 1088 argumentum?
1033 1006 1230 1082 Convocavit,
1251 1008 1306 1071 sed
1321 1010 1425 1073 Hieri-

90 1092 225 1155 chuntem.
271 1095 318 1154 Tu
334 1101 436 1154 tamen
451 1095 529 1157 unde
546 1095 640 1158 habes
655 1095 856 1178 magistratus
870 1095 1144 1178 lerosolymitanos
1158 1097 1306 1160 vocatos!
1338 1095 1426 1173 Quia,

89 1180 187 1262 inquis,
209 1182 374 1263 exquisivit
390 1182 428 1244 ab
443 1183 496 1258 iis,
520 1201 644 1264 quorum
660 1184 785 1247 consilio
802 1185 903 1265 aqulla
918 1185 1053 1265 dejecta;
1077 1185 1122 1248 illi
1135 1204 1207 1248 vero
1224 1186 1341 1266 culpam
1358 1209 1377 1250 a
1392 1205 1435 1250 se.

89 1279 277 1332 removerunt
323 1269 470 1334 Nimirum
487 1278 519 1333 et
534 1273 677 1336 somniari
698 1273 757 1336 tibi
777 1273 871 1336 lubet.
915 1273 1032 1354 Relege
1056 1274 1224 1337 orationem
1238 1275 1370 1337 Herodis
1386 1275 1426 1338 ad

89 1367 259 1422 convocatos
274 1367 404 1440 utroque
414 1360 559 1441 inapere;
577 1362 723 1426 somnium
735 1363 895 1426 fateberise
914 1363 1110 1436 Brentesio,
1126 1363 1208 1426 iuter
1221 1371 1426 1444 congregatos

88 1455 115 1508 et
126 1447 382 1529 lerosolymitani,
397 1449 526 1512 sednon
542 1451 600 1513 hoc
615 1459 802 1532 argumento.
832 1453 898 1513 Nec
913 1451 1050 1533 sequitur
1070 1460 1102 1514 et
1116 1452 1316 1533 Jerosolymis
1332 1454 1425 1514 iuuisse

88 1543 266 1599 convocatos.
314 1534 396 1607 Quid
416 1557 488 1601 vero
511 1539 562 1601 fol.
578 1541 630 1604 20.
644 1540 724 1616 ,nihi
745 1540 894 1620 imputas,
915 1557 964 1603 me
986 1539 1170 1604 confundere
1193 1541 1316 1604 comitia
1331 1541 1426 1604 bina?

87 1625 218 1706 Equidem
233 1633 302 1688 tarn
324 1645 428 1690 verum
443 1636 506 1702 est,
528 1639 601 1708 post
620 1628 752 1692 reditum
766 1629 898 1692 Herodis
919 1651 940 1690 a
954 1629 1082 1692 thermis
1104 1629 1223 1692 demum
1239 1637 1425 1694 convocatos

87 1715 160 1794 quasi
175 1733 229 1795 per
244 1715 342 1777 otium
357 1715 453 1780 totius
467 1717 568 1796 gentis
582 1717 739 1798 primores,
755 1737 843 1799 qnam
859 1737 963 1781 verum
979 1725 1071 1782 antea
1087 1719 1219 1793 dixeras,
1239 1727 1425 1784 convocatos

88 1803 167 1864 luisse
181 1803 396 1886 Jerosolymee
411 1806 620 1886 magistratus
664 1806 797 1870 Rursum
818 1813 853 1869 tn
867 1807 1030 1871 tabularis}
1054 1826 1114 1870 neo
1126 1826 1183 1889 ego
1200 1808 1349 1891 confundo
1366 1807 1424 1871 duo

87 1891 225 1967 bunum,
248 1893 306 1956 sed
323 1901 356 1955 tu
372 1893 519 1975 discerpis
540 1914 632 1959 ιιιιι
645 1895 799 1959 comitium
813 1895 845 1958 in
861 1896 929 1959 duo.
974 1893 1129 1970 Quaeras,
1151 1915 1204 1958 cur
1218 1897 1312 1976 igitur
1326 1897 1424 1961 denuo

86 1980 224 2062 Josephus
239 1981 438 2046 indictionem
455 1984 643 2048 comitiorum
659 1984 822 2058 describat,
838 2003 891 2048 cur
906 1992 970 2048 tam
986 1985 1152 2065 signanter,
1169 1986 1194 2046 si
1210 2005 1271 2048 non
1286 1985 1435 2056 diversus.

87 2069 121 2130 sit
134 2079 300 2134 conventus
321 2092 341 2133 a
361 2073 474 2152 priori?
503 2075 540 2135 In
560 2083 681 2154 promtu
697 2093 790 2136 causa
806 2081 870 2146 est,
892 2074 1070 2154 magnitudo
1086 2074 1277 2136 emdelltatis
1292 2075 1424 2138 Herodis

86 2158 133 2220 luit
146 2159 386 2224 demonstranda
400 2179 455 2242 per
462 2163 685 2228 multitudinem
700 2183 761 2224 ιιι
770 2163 1016 2244 periclitantimn,
1031 2163 1192 2226 multitudo
1208 2181 1262 2242 per
1278 2181 1424 2225 summam

86 2249 258 2311 evocationis
275 2251 481 2314 severitatem.
520 2249 636 2321 Quodsi
652 2253 822 2314 attenderis
838 2252 879 2313 ad
893 2258 1011 2314 textam
1028 2250 1188 2325 Graecum,
1204 2252 1339 2314 invenies
1355 2271 1423 2314 om-

86 2337 144 2398 niuo
159 2345 343 2400 conventum
358 2348 431 2402 ante
443 2340 583 2403 reditum.
614 2339 667 2404 Sic
682 2340 760 2403 enim
776 2341 893 2420 incipit,
908 2337 1101 2417 ἅφιιιμιιιι,
1117 2359 1182 2403 ιιι
1200 2341 1421 2413 convenissent

85 2426 132 2488 Vis
144 2427 221 2490 modi
236 2428 318 2490 haec
333 2435 395 2502 est,
415 2429 468 2492 illo
491 2437 627 2510 tempore
644 2429 711 2510 jam
733 2435 938 2508 congregatos
954 2429 1062 2501 luisse,
1086 2429 1135 2508 qui
1151 2429 1234 2508 prius
1250 2429 1421 2503 coiverant;

85 2513 107 2576 si
118 2535 190 2578 nunc
205 2515 329 2578 demum
342 2517 519 2594 indixisset,
541 2537 581 2582 an
596 2537 656 2582 nou
671 2525 778 2599 putas,
799 2518 883 2597 prins
898 2517 1065 2596 Josephum
1087 2518 1126 2580 ab
1148 2517 1312 2580 indictione
1328 2517 1421 2582 luisse

84 2605 281 2686 incepturum?
306 2607 355 2670 Ac
367 2625 437 2670 cum
451 2615 617 2687 praerupta
624 2606 795 2686 hujusmodi
807 2613 844 2668 et
853 2605 987 2668 crudelia
1003 2606 1221 2670 corrsiliafuror
1237 2606 1432 2691 suppeditet,⁴

83 2713 132 2756 nou
152 2702 199 2756 est
221 2713 260 2757 ne
279 2695 442 2758 verisimile
459 2697 594 2778 quidem,
615 2696 769 2771 Herodem
791 2695 860 2758 illos
875 2695 955 2758 hunc
969 2695 1002 2758 in
1017 2695 1122 2768 finem,
1143 2695 1223 2775 quod
1239 2694 1355 2758 consilii
1371 2703 1421 2758 est

83 2801 130 2844 ιιι
145 2785 267 2858 luroris,
294 2802 494 2860 convocasse,
516 2793 551 2848 ut
567 2785 735 2860 occideret;
759 2784 814 2848 sed
830 2801 897 2846 eum
913 2791 1118 2863 congregatos
1133 2782 1234 2857 sciret,
1254 2784 1287 2846 in
1301 2777 1419 2846 illorum

83 2879 186 2934 coetum
200 2873 244 2936 sic
261 2873 400 2948 exarsit,
422 2874 523 2937 subito
539 2872 765 2936 stimulantibus
781 2872 944 2935 doloribus
989 2872 1068 2935 Huic
1090 2881 1124 2934 tu
1139 2873 1232 2934 furori
1251 2872 1419 2953 quindecim
1439 2891 1449 2906 ·

82 2960 135 3022 dies
148 2963 300 3042 postulas,
316 2955 434 3025 scilicet
448 2971 482 3026 ut
496 2964 573 3026 bede
590 2963 777 3047 deliberatus
792 2962 875 3026 furor
891 2961 940 3022 sit
979 2961 1084 3024 Tertio
1100 2962 1167 3022 loco
1182 2961 1214 3022 in
1229 2980 1277 3022 me
1292 2961 1419 3024 incurris

82 3049 274 3132 lot21,quod
294 3059 444 3114 mortuum
458 3053 609 3116 Herodem
631 3069 708 3132 pene
725 3051 831 3112 eodem
846 3051 894 3112 die
911 3051 1084 3130 sepulturae
1106 3050 1234 3112 tradam.
1279 3048 1419 3125 Omnino,

81 3135 189 3214 Calvisi,
204 3149 281 3204 ante
298 3140 401 3203 linitos
418 3140 483 3202 dies
498 3142 608 3215 luctus,
622 3140 807 3220 properabat
822 3139 901 3202 enirn
915 3138 1094 3201 Archelaus
1104 3139 1241 3213 Romam,
1261 3146 1297 3200 ut
1311 3157 1417 3201 aernu-

80 3226 161 3288 lomm
175 3237 309 3292 conatus
328 3235 546 3309 praeverteret
591 3230 747 3309 Tanquam
768 3228 934 3302 hominem,
957 3228 1070 3310 inquis,
1092 3228 1129 3289 de
1151 3227 1261 3307 plebe?
1291 3226 1419 3290 Scilicet
1495 3309 1520 3324 ..

80 3315 137 3396 quia
149 3335 274 3399 regnum
292 3323 411 3381 mortuo
425 3325 592 3399 properata
606 3317 761 3398 sepultura
776 3337 836 3380 ιιι
846 3317 1004 3397 eripiebat,
1019 3316 1168 3395 eripiebat
1182 3335 1254 3380 vero
1263 3315 1417 3380 Archelao

80 3408 231 3470 successori
262 3414 300 3471 et
328 3407 477 3487 plebeium
505 3407 604 3487 ipsum
635 3407 735 3469 lacere
760 3406 933 3468 minabatur
964 3423 1049 3466 mora
1080 3405 1209 3482 longior'
1226 3405 1418 3484 interposita

80 3491 209 3570 Quaeris,
230 3496 370 3576 nunquid
385 3494 476 3558 dandi
498 3495 565 3558 dies
580 3494 711 3558 curando
727 3495 870 3558 cadaveri
886 3503 918 3555 et
933 3493 1090 3556 condendo
1112 3494 1328 3562 aromatibus?¹
1348 3495 1415 3556 Ac-

80 3581 134 3661 cipe
153 3593 278 3665 praeter
301 3584 487 3668 septiduum,
511 3585 538 3646 si
553 3584 609 3646 tibi
624 3603 684 3646 ιιι
695 3583 826 3657 sedicit,
848 3581 1155 3646 aliosetiamve130
1172 3581 1253 3655 dies,
1275 3582 1330 3644 sed
1345 3589 1418 3663 post
1505 3627 1513 3646 .

80 3671 218 3736 funebrem
239 3691 401 3756 pompam,
425 3674 479 3736 sed
501 3673 532 3736 in
555 3671 722 3736 conditorio
744 3671 886 3736 Herodis.
932 3669 1002 3734 Scis
1024 3670 1118 3744 euim,
1141 3671 1279 3750 quamvis
1294 3671 1415 3752 sepulto

80 3755 188 3824 Christo
204 3763 341 3826 nondum
363 3770 464 3824 tamen
485 3761 680 3842 praeteriisse
701 3759 854 3824 unctionis
876 3765 909 3820 et
924 3758 1083 3822 condiendi
1105 3765 1239 3839 tempus:
1267 3767 1416 3822 venerunt

78 3850 157 3912 tertia
178 3851 227 3914 die
242 3853 365 3914 Mariae
380 3869 447 3914 cum
468 3850 664 3914 aromatibus.
698 3849 811 3923 Liberi,
832 3849 939 3928 inquis,
955 3847 1142 3910 convocandi
1158 3856 1256 3922 erant,
1273 3849 1414 3915 morienti

78 3937 174 4002 adesse
187 3959 249 4004 non
265 3939 452 4021 potuerunt?
481 3940 530 4002 De
545 3937 670 4002 incertis
692 3937 808 4002 scribis.
846 3935 925 4007 Quid
940 3935 1020 4000 enim
1035 3936 1175 4016 impedit,
1197 3937 1335 4011 affixisse;
1360 3944 1415 4000 aut

78 4026 137 4104 quid
149 4029 309 4109 prohibuit
323 4047 464 4110 pompam
479 4027 634 4090 haebrem
649 4027 698 4089 vel
713 4027 751 4090 iis
766 4026 944 4091 absentibus
954 4025 1061 4090 deduci
1066 4043 1075 4100 ;
1093 4033 1149 4088 aut
1162 4046 1201 4088 an
1211 4045 1271 4088 uon
1287 4026 1412 4107 quibus·
1465 4039 1472 4052 ·

77 4113 135 4178 dam
155 4119 338 4182 absentibus
360 4119 457 4198 magis
479 4115 702 4198 properandum
717 4115 776 4178 ruit
789 4114 960 4189 Archelao,
980 4133 1070 4196 quam
1084 4115 1317 4195 praesentibus?
1348 4113 1411 4178 Sed

76 4207 209 4270 evocandi
224 4215 318 4270 erant
333 4206 422 4269 vicim
437 4206 545 4287 reges?
575 4205 655 4268 Puto
670 4204 806 4268 Arabem
820 4203 897 4266 dicis
912 4203 1033 4266 hostem
1048 4211 1080 4266 et
1088 4203 1275 4266 Archelaum
1286 4201 1410 4296 Cappa-

75 4291 166 4358 docem
186 4315 330 4360 socerum
350 4296 498 4358 inlensum
520 4293 620 4358 amiso
643 4311 831 4373 snogenero
854 4292 935 4374 regis
958 4292 1033 4368 lilio,
1056 4301 1089 4356 et
1112 4315 1146 4370 sq
1167 4315 1219 4356 sor
1233 4294 1292 4352 Δια
1317 4291 1409 4352 stiam

73 4379 243 4448 Parthorum
257 4401 373 4466 regem.
402 4384 482 4448 Nam
500 4383 600 4446 vicina
620 4381 751 4446 Βιιιιιὶ
772 4380 936 4444 habebant
966 4380 1138 4461 Principes,
1154 4381 1276 4454 atl'mes,
1297 4377 1410 4457 generi,

76 4468 211 4552 truncae
233 4473 399 4538 convocati
421 4479 563 4536 erantet
589 4471 722 4535 conclusi
749 4469 781 4532 iu
802 4469 1009 4550 Hippodromo
1026 4470 1152 4551 jamque
1175 4468 1262 4532 modo
1285 4465 1409 4528 dimissi.

76 4555 144 4628 Quid
157 4564 283 4626 multis?
313 4562 520 4626 funerationes
540 4566 663 4624 nostras
679 4559 795 4624 Calvisi
816 4559 912 4622 habes
931 4559 963 4622 iu
979 4558 1093 4632 auimo,
1115 4575 1222 4621 vereor
1236 4573 1274 4618 ne
1288 4553 1409 4616 Judaici

75 4647 151 4712 vnde
165 4651 342 4716 dissimiles.
371 4651 419 4714 At
432 4649 516 4731 quid,
531 4666 638 4729 rogas,
660 4654 842 4729 apparatus,
862 4647 888 4710 si
902 4648 1011 4730 vulgus
1026 4653 1145 4710 tantum
1160 4650 1316 4724 spectator
1331 4641 1408 4704 fuit?

74 4732 129 4800 Sed
140 4749 225 4819 puto,
239 4760 303 4804 non
313 4745 486 4821 spectatum
499 4738 656 4800 venissent
668 4737 690 4801 ii
700 4755 775 4818 quos
788 4736 953 4811 desideras,
968 4735 1039 4817 quin
1050 4734 1215 4806 venissent,
1231 4737 1408 4810 spectentur

73 4826 182 4910 etipsa
204 4829 367 4912 atquibus
388 4827 446 4892 nisi
460 4826 542 4908 vulgi
556 4824 672 4892 oeulis?
701 4825 873 4907 Apparatui
895 4824 989 4891 etiam
1012 4832 1131 4904 tenpus
1152 4818 1310 4902 postulae?
1339 4819 1407 4900 Ego

953 4967 961 4982 .
1145 4921 1197 4974 21·
