3406 5542
548 291 1067 368 capotxlss.liagiiuatoa1e.'rlberu
1158 323 1162 334 =
1412 281 1478 388 349

133 442 213 506 enim
228 440 327 524 Caius
342 443 428 517 illum
441 445 555 508 ditione
572 447 628 508 soa
642 445 774 526 privavit
788 445 877 528 inque
893 445 1016 510 erilium
1030 445 1129 527 eJeoit
1167 446 1356 510 ituraeorum
1370 445 1478 510 memi-

132 531 178 596 nit
192 531 313 596 Plinius
329 540 363 595 et
377 532 507 609 Strabo,
523 547 561 598 ex
576 535 682 616 quibos
697 541 799 616 patet,
814 535 941 598 eandem
956 555 1024 599 esse
1039 535 1207 616 regionem,
1222 554 1312 618 quam
1325 534 1479 616 Josepbus

131 621 328 686 Batanaeam
343 629 376 686 et
382 623 598 688 Auranitidem
612 619 755 705 appellat
786 625 892 706 Neque
907 625 929 689 J
930 625 1043 707 usepho
1058 623 1276 688 innominatum
1290 643 1400 688 nomen
1415 631 1478 686 esta

133 717 242 774 narrat
257 712 338 774 enim
354 711 490 775 devictos
504 712 645 777 Ituraeos
660 713 699 775 ab
714 713 885 794 Antigono,
899 714 1071 778 Aristobuli
1084 713 1173 795 primi
1187 713 1268 794 regis
1283 715 1394 788 fratre,
1416 713 1478 776 cir-

134 799 327 865 cumcisionis
342 801 434 864 ritum
449 802 613 883 accepisse.
658 801 791 880 Pilatum
812 804 905 866 etiam
925 803 1079 884 Josepbus
1103 802 1150 866 uit
1174 802 1229 866 snb
1252 819 1409 867 excessum
1423 802 1479 866 Τι’-
1546 865 1548 870 .

132 889 208 953 berii
234 885 332 970 (anuo
354 889 414 952 Jul.
429 887 497 973 82.)
520 891 689 956 decessisse
709 891 883 972 provincia,
907 893 954 956 cui
975 893 1152 974 praefuerat
1172 911 1268 954 anuos
1293 891 1349 966 10,
1374 892 1478 974 itaque

131 979 257 1042 ineunte
271 978 333 1041 Jol.
349 973 400 1042 72.
414 979 446 1042 in
460 979 610 1043 Judaeum
624 981 717 1043 venit
761 981 810 1044 De
831 980 924 1044 Anna
942 981 993 1044 vel
1012 981 1124 1045 Αιιιιιιο
1146 980 1289 1062 pontifice
1304 998 1384 1042 max.
1399 981 1478 1061 legi-

132 1087 215 1144 mus,
231 1086 313 1130 anuo
329 1073 453 1144 census,
474 1069 597 1133 Juliauu
613 1068 671 1145 51,
692 1069 824 1134 Joazaro
839 1070 907 1134 loco
922 1077 1006 1134 moto
1023 1088 1228 1134 successorem
1243 1069 1347 1132 datum
1362 1091 1383 1131 a
1398 1067 1476 1140 Cui-

131 1157 224 1232 rinio,
247 1176 327 1220 auno
350 1157 423 1220 vero
445 1155 495 1221 68.
509 1157 571 1221 dul.
587 1179 606 1220 a
622 1156 722 1222 Grato
736 1156 873 1222 Judaeae
889 1159 1029 1241 praeside
1045 1159 1194 1240 dignitate
1207 1159 1375 1240 privatum,
1397 1159 1481 1224 intra

131 1245 285 1310 biennium
300 1254 364 1310 tres
380 1265 571 1311 soccessores
581 1247 732 1323 habuisse,
747 1248 875 1329 primum
882 1250 1042 1313 ismaelem
1051 1248 1153 1324 Fabii,
1164 1248 1272 1311 deinde
1281 1247 1372 1310 lilium
1381 1247 1478 1310 Elea-

129 1353 251 1410 zarum,
270 1334 363 1399 tertio
384 1332 551 1417 Josephum
574 1335 759 1418 Caiapham,
784 1357 872 1420 quem
885 1338 1085 1419 Evangelium
1098 1338 1209 1400 Annae
1229 1355 1373 1418 generum
1395 1337 1479 1402 facit

130 1425 190 1488 Hic
206 1423 364 1505 Caiapbas
387 1443 467 1488 anuo
481 1425 542 1489 Jol.
558 1425 610 1488 82.
625 1425 776 1507 dignitate
798 1427 937 1509 privatus
958 1435 1008 1490 est
1028 1449 1048 1490 a
1070 1427 1205 1490 Vitellio.
1251 1424 1366 1490 Omnes
1385 1426 1479 1506 igitur

130 1514 187 1578 bos
208 1535 228 1576 a
242 1513 328 1576 Luca
349 1514 520 1578 nominatos
543 1514 636 1578 etiam
656 1514 809 1597 Joseph'ue
831 1516 994 1580 historicus
1016 1535 1096 1583 anno
1120 1516 1170 1580 15.
1193 1514 1306 1579 Tuberi
1330 1515 1425 1579 babet
1446 1514 1480 1578 iu

131 1603 194 1670 sois
209 1601 386 1666 tetrarchiis
402 1603 435 1666 et
449 1603 656 1685 dignitatibus.
685 1605 800 1668 Restat
815 1605 1067 1688 solosLysanias,
1082 1605 1120 1668 de
1135 1624 1193 1687 quo
1207 1605 1282 1668 nibil
1295 1605 1327 1668 iu
1333 1605 1355 1668 J
1356 1604 1479 1686 osepho.

129 1692 202 1756 ruit
217 1691 338 1773 quidem
351 1691 440 1772 hujus
455 1693 584 1756 nominis
599 1693 733 1776 dynasta
748 1693 912 1770 Chalcidis,
926 1695 1094 1760 Ptolemaei
1103 1694 1248 1758 Mennaei
1257 1693 1345 1769 iilius,
1361 1693 1479 1758 cedens

130 1803 151 1844 a
166 1778 345 1862 Cleopatra,
361 1799 438 1862 quae
455 1781 519 1862 ejus
535 1800 661 1863 regnum
677 1785 715 1847 ab
729 1783 866 1848 Antonio
883 1784 962 1848 dono
978 1790 1136 1865 acceptum
1150 1801 1206 1866 per
1221 1802 1318 1847 anuos
1334 1777 1353 1846 7
1371 1782 1480 1858 tenuit,

131 1887 209 1952 quae
225 1889 294 1933 cum
309 1869 486 1946 occidisset,
503 1871 627 1936 Chalcis
650 1873 690 1934 ad
703 1874 876 1954 Augustum
897 1873 991 1958 venit
1019 1873 1079 1936 Eat
1101 1873 1195 1954 igitur
1216 1889 1289 1934 vero
1312 1879 1477 1936 consenta-

130 1978 235 2036 neum,
256 1959 424 2040 Lysaniam
437 1959 672 2041 Evangelistae,
693 1961 879 2028 nominatum
894 1962 1160 2045 septuagenarium
1175 1961 1241 2044 jam
1257 1969 1311 2024 aut
1324 1960 1479 2042 majorem,
1534 1983 1538 2000 ¹

129 2049 224 2112 filium
237 2046 333 2112 fuisse
347 2048 501 2130 Lysaniae
517 2071 537 2111 a
553 2047 719 2131 Cleopatra
734 2058 806 2114 ante
821 2058 870 2115 tut
885 2070 981 2116 anuos
997 2051 1098 2116 occid
1141 2050 1276 2116 Ditionis
1291 2050 1410 2132 quidem
1426 2069 1480 2114 seu

129 2138 216 2220 regni
223 2137 378 2220 Lysaniae
395 2130 521 2218 (alicubi
532 2134 662 2221 Lysiae)
679 2140 786 2204 crebra
799 2141 838 2204 nt
851 2141 965 2204 mentio
980 2161 1001 2204 a
1015 2140 1153 2223 Josepho
1168 2140 1361 2221 temporibus
1369 2146 1478 2220 poste-

129 2227 275 2302 rioribus,
290 2226 375 2290 varie
391 2227 470 2290 enim
484 2226 587 2291 locata
602 2219 660 2292 fuit
672 2229 805 2294 Herodis
820 2231 953 2312 posteris
969 2250 989 2294 a
1003 2228 1197 2305 Caesaribus,
1213 2237 1282 2292 erat
1296 2229 1414 2292 Libano
1429 2229 1479 2292 ri-

129 2317 214 2381 cina:
232 2324 265 2378 et
279 2313 400 2380 ridetur
412 2316 544 2381 Abilene
559 2318 711 2398 particula
727 2319 823 2382 solum
838 2319 903 2400 ejus
918 2320 1020 2382 foisse.
1064 2319 1189 2382 Abilam
1204 2325 1238 2381 et
1251 2318 1368 2382 Plinius
1382 2318 1480 2380 refert

128 2407 210 2470 iuter
225 2404 411 2470 tetrarobias
426 2405 630 2488 interspersas
646 2407 752 2471 decem
767 2399 892 2472 urbibus
908 2407 1016 2490 Syriae
1031 2407 1149 2474 Libano
1172 2407 1279 2470 vicinis
1300 2425 1407 2471 versus
1428 2407 1479 2470 in-
1499 2467 1505 2482 ,

128 2496 244 2560 terima
258 2494 407 2576 regionis,
429 2495 605 2577 quaeregio
625 2497 781 2579 decapolis
804 2495 902 2572 diota,
921 2496 1069 2560 vocabulo
1093 2497 1133 2560 ab
1152 2495 1361 2578 Evangelistis
1384 2496 1480 2566 etiam

129 2591 285 2666 neumate.
329 2583 429 2648 Locat
447 2583 601 2666 Josepbus
614 2586 741 2650 Abilam
762 2586 793 2650 iu
814 2587 933 2650 Peraea
954 2585 999 2650 60
1013 2585 1124 2650 stadiis
1139 2607 1159 2649 a
1173 2586 1308 2650 Jordaue
1324 2604 1340 2646 e
1356 2586 1480 2666 regione

128 2671 348 2738 Hierichuntis.
394 2671 555 2744 Quondam
569 2673 744 2756 Augustus,
760 2675 919 2738 Zenodoro
934 2682 1071 2751 mortuo,
1087 2675 1142 2757 qui
1163 2675 1316 2757 Lysaniae
1332 2674 1492 2738 ditium

130 2763 320 2827 conduxerat
335 2757 431 2844 (qood
445 2771 623 2844 argomento
640 2770 689 2826 est
702 2764 882 2846 pupillarem
899 2764 1044 2828 ditionem
1058 2758 1178 2845 misse),
1193 2763 1384 2827 tutumillum
1393 2771 1480 2826 trao-

129 2861 195 2916 tum
208 2851 326 2916 Herodi
340 2852 454 2933 Magno
470 2851 648 2916 tradiderat
691 2853 749 2916 Illo
770 2871 843 2917 vero
866 2858 983 2918 mortuo
1007 2853 1187 2916 crotildarim
1209 2860 1384 2934 separatam
1397 2852 1479 2916 Abi-

130 2943 230 3006 leuem
246 2964 266 3004 a
279 2940 413 3022 Philippi
429 2949 462 3004 et
477 2941 609 3006 Herodis
624 2942 800 3006 tetrarchiis
823 2939 874 3025 (ot
893 2961 970 3024 quae
989 2943 1139 3025 permissa
1161 2949 1282 3004 tantum
1297 2943 1397 3004 iuerat
1411 2942 1479 3004 He-

130 3031 213 3104 rodi,
231 3049 291 3092 uon
308 3029 437 3105 donata,
453 3049 542 3111 quam
557 3030 620 3094 sois
635 3030 891 3114 posteris'pcsset
905 3025 1044 3113 tradere)
1068 3039 1101 3094 et
1114 3030 1270 3113 Lysaniae
1288 3031 1355 3112 jam
1374 3031 1482 3094 adulto

130 3119 338 3184 haereditario
350 3119 418 3200 jure
433 3119 612 3200 permissam
627 3120 736 3184 fuisse:
752 3143 771 3184 a
786 3122 902 3204 reliqua
918 3119 1063 3186 Chalcide
1080 3127 1114 3183 et
1126 3121 1252 3184 ituraea
1272 3127 1305 3182 et
1319 3141 1339 3183 a
1354 3120 1478 3184 Nerone

132 3209 300 3292 separatim
313 3207 410 3272 veluti
425 3209 462 3270 de
479 3227 533 3272 suo
548 3208 642 3274 locari
658 3210 750 3274 solita
765 3218 822 3274 est
863 3210 923 3274 Est
938 3210 1047 3274 atalia
1062 3210 1239 3291 conjectura
1253 3209 1291 3272 de
1307 3217 1376 3272 ortu
1390 3209 1481 3290 hujus

130 3299 295 3386 Lyspuiae.
338 3299 534 3362 Ptolemaeus
557 3298 636 3362 enim
658 3300 868 3381 supradictus,
888 3300 1069 3364 Aristobulo
1090 3317 1162 3380 rege
1184 3317 1301 3362 veneno
1324 3298 1425 3361 deleto
1448 3305 1482 3361 et

131 3389 192 3452 lilio
212 3387 278 3469 ejus
300 3385 477 3450 Alexandro
498 3388 595 3450 securi
617 3406 778 3469 percusso,
798 3387 979 3468 reliquorum
1000 3387 1161 3452 liberorum
1183 3388 1355 3451 Aristobuli
1378 3405 1482 3451 curam

118 3477 281 3560 ‚suscepit
304 3484 337 3539 et
351 3475 429 3540 fliius
445 3476 509 3557 ejus
524 3473 675 3560 Philippio
696 3475 808 3543 missus
822 3483 857 3540 ut
871 3477 940 3540 illos
957 3475 1137 3552 adduceret,
1158 3495 1250 3539 uuam
1270 3477 1482 3540 Alexandram

131 3566 252 3648 aceepit
268 3565 435 3646 conjugem,
449 3573 540 3646 pater
554 3584 628 3630 vero
642 3567 847 3641 Ptolemaeus,
863 3565 963 3629 occiso
977 3564 1169 3646 Philippicae
1185 3565 1256 3640 filio,
1270 3565 1483 3629 Alexandrum

130 3657 196 3738 ipse
213 3655 310 3718 duxit
353 3657 404 3718 An
419 3653 512 3736 igitur
527 3673 567 3717 ex
580 3654 639 3718 bac
654 3655 833 3718 Alexandra
847 3653 977 3718 Judaica
997 3655 1121 3738 eJusque
1136 3654 1314 3718 maritorum
1329 3655 1480 3718 alterutro

130 3745 225 3810 luent
240 3751 325 3808 ortus
340 3743 400 3808 iste
408 3743 561 3826 Lysaniae
577 3743 781 3808 etAbilenam
796 3743 963 3807 obtinuerit
976 3749 1119 3824 respectu
1132 3750 1290 3808 maternae
1306 3743 1412 3825 stirpis
1427 3763 1480 3808 re-

131 3834 223 3917 gita?
268 3832 332 3896 Sed
347 3833 423 3896 baec
439 3839 528 3896 extra
544 3831 637 3896 aleas.
853 3867 856 3874 ,

220 3923 290 3986 Hoc
310 3921 404 4003 igitur
425 3941 505 3985 anno
528 3917 579 3986 74.
600 3920 722 3984 iueuute
743 3921 845 3984 Lucas
867 3919 1069 4002 Evangelista
1090 3938 1156 4002 cap.
1171 3920 1202 3985 3.
1223 3941 1251 3983 v.
1268 3922 1319 3986 23.
1339 3921 1480 3998 affirmat,

130 4013 239 4078 Josnm
259 4011 353 4076 fuisse
375 4007 445 4074 oiose
458 4009 533 4074 itur
547 4031 704 4090 τριακοηα
721 4005 901 4093 ἆρχομιιοιι
931 4011 1064 4093 triginta
1085 4009 1210 4074 circiter
1235 4029 1389 4076 mmmmm
1411 4030 1481 4074 cum

131 4101 298 4184 inciperet,
323 4119 366 4163 so.
380 4099 557 4180 praedicare
580 4107 613 4162 et
626 4099 779 4164 mbaculis
795 4100 979 4176 clarescere,
999 4105 1072 4182 post
1085 4098 1278 4181 baptismum.
1322 4101 1381 4162 Hic
1395 4107 1480 4174 nota,

131 4189 367 4271 Evangelistam
380 4189 426 4252 uti
440 4188 587 4266 uocabulo
603 4183 680 4264 ὥσιι,
696 4189 863 4270 composito
879 4207 918 4252 ex
933 4183 974 4261 oie
988 4196 1022 4251 'at
1034 4189 1069 4264 al,
1085 4207 1121 4250 ac
1137 4189 1172 4264 si,
1187 4189 1288 4270 qnasi:
1313 4205 1390 4270 quae
1405 4205 1481 4269 par·

132 4279 227 4344 titula
248 4278 388 4361 praelixa
408 4277 610 4342 numeralibus
632 4277 718 4343 reddi
740 4276 821 4341 solet
841 4278 974 4342 einaim.
1017 4277 1183 4360 Exempla:
1204 4278 1306 4342 Lucae
1326 4279 1350 4341 I.
1371 4297 1400 4338 v.
1422 4274 1480 4339 56:

133 4369 220 4452 quasi
234 4367 391 4432 mensibus
406 4367 518 4444 tribue;
534 4365 622 4430 Joau.
641 4365 690 4432 19.
705 4387 733 4430 v.
749 4365 801 4432 39.
816 4361 886 4430 oioes
900 4369 1002 4446 λιτρας
1017 4361 1136 4444 lucror,
1153 4367 1244 4449 ,quasi
1259 4373 1395 4440 centum3
1412 4359 1480 4426 Lu-

135 4479 187 4523 cae
203 4458 233 4524 9.
255 4479 285 4520 v.
304 4456 355 4520 14.
377 4456 498 4520 circiter
518 4455 647 4538 quinque
668 4455 779 4530 millia;
803 4457 892 4521 Joau.
912 4456 942 4521 6.
963 4477 990 4518 v.
1015 4455 1071 4520 1οι
1096 4475 1220 4520 numero
1243 4454 1329 4537 quasi
1351 4454 1480 4535 quinque

132 4549 234 4613 millia.
280 4546 342 4611 Hic
357 4552 498 4627 receptus
512 4563 577 4608 mos
594 4552 642 4609 eet
656 4544 765 4626 linguis
782 4545 927 4621 omuibus,
941 4552 977 4608 ut
992 4546 1113 4608 circiter
1128 4545 1216 4608 5000
1234 4543 1377 4618 dicamus,
1393 4543 1479 4624 quio-

131 4639 200 4724 quid
216 4643 270 4702 est
285 4635 368 4700 iuter
383 4634 470 4698 4500
487 4639 518 4696 et
532 4633 628 4698 5500.
674 4630 777 4704 Quare
797 4634 841 4698 sic
863 4629 1014 4710 etiamsin'
1032 4640 1138 4697 nostro
1161 4632 1314 4714 exemplo,
1339 4630 1480 4714 quicquid

130 4737 178 4794 est
192 4729 279 4793 inter
295 4724 340 4788 25
357 4729 390 4788 et
404 4723 465 4798 35,
485 4721 516 4786 id
537 4743 624 4789 omne
647 4723 768 4787 circiter
782 4723 826 4788 30
848 4723 907 4788 dici
928 4730 1048 4804 potest,
1070 4721 1179 4805 quippe
1194 4721 1274 4803 qnod
1289 4721 1412 4803 propios
1428 4727 1478 4784 est

127 4819 261 4886 rotundo
277 4831 405 4880 numero
420 4813 464 4878 30
479 4831 568 4894 quam
582 4811 820 4877 ve120ve140.
850 4813 917 4878 Hoc
932 4819 1054 4878 secutus
1068 4811 1207 4893 Ignatius
1227 4810 1352 4892 scripsit
1367 4809 1478 4876 Chris·
