3310 5538
572 324 612 385 Da
625 323 941 391 Calendarictlregortano.
1115 389 1119 394 Ι
1405 307 1426 378 5

85 471 259 550 bergensem,
274 466 440 534 celebrem
454 469 536 534 illum
549 468 795 533 mathematicum
815 487 831 530 a
848 487 907 530 soc.
923 469 1006 544 Jesn,
1022 467 1070 550 qni
1085 468 1215 549 posthac
1230 465 1424 532 555105155-

92 558 159 622 55511
172 577 291 620 causam
307 559 449 624 omnium
464 559 591 622 maxime
607 559 679 639 egit,
695 558 907 632 examinatam,
923 557 1089 622 Christiani
1098 558 1225 621 nominis
1234 557 1424 641 Principibus
1562 595 1565 608 ·

34 642 38 652 ’
95 657 123 710 55
141 647 337 712 celeberrimis
361 648 529 712 academiis
543 649 692 712 Pontifex.
708 647 891 721 transmisit,
913 655 948 710 ut
962 666 1013 708 res
1028 646 1096 722 illa,
1118 646 1158 710 ad
1178 648 1336 718 universos
1351 666 1423 728 per-

98 739 198 811 linam,
218 738 359 800 omnibus
383 737 645 801 consentientibus
668 734 897 822 transigeretur.
942 736 1060 799 Ediotis
1081 735 1305 816 pontificalibus
1327 731 1372 818 (d.
1396 738 1424 799 5.
1530 766 1533 772 ·

96 827 139 890 25.
147 827 229 889 Febr.
244 835 278 888 et
293 819 417 890 11155.
437 820 536 907 1582)
552 846 661 889 novum
676 825 889 891 calendarium
902 826 1124 906 promulgatum
1144 825 1308 888 5555515515
1323 825 1425 888 verbis

95 916 216 978 omnibns
236 913 438 979 Christianae
457 916 527 979 fidei
543 916 682 979 addictis
693 915 779 998 quasi
794 915 988 978 iinmutabilis
1003 933 1109 978 norma
1123 915 1303 996 impositum.
1346 915 1426 979 Huic

92 1005 237 1070 Pontificio
250 1005 295 1068 m.
311 1005 439 1068 decreto
461 1005 597 1068 homines
612 1005 813 1084 Augustanae
835 1005 905 1066 fidei
928 1004 1042 1066 addicti
1057 1009 1176 1068 tantum
1191 1003 1344 1068 55151555
1357 1022 1424 1067 mo·
1471 1046 1473 1059 ·

92 1113 151 1158 rem
164 1101 320 1174 gererent,
343 1101 379 1158 ut
394 1095 532 1159 acerbius
555 1094 585 1156 in
608 1093 706 1176 ipsum
726 1093 955 1168 inveherentur,
978 1093 1057 1173 quod
1071 1113 1131 1156 non
1148 1091 1360 1158 calendarium
1375 1093 1423 1157 in·
1457 1151 1461 1158 .

90 1184 297 1258 staurandnm,
320 1183 377 1246 sed
390 1183 563 1248 haereticos
579 1183 789 1264 opprimendos
810 1189 972 1264 spectaret.
1016 1184 1087 1246 Jam
1101 1182 1133 1245 in
1148 1202 1180 1245 re
1195 1183 1257 1246 ista
1272 1201 1426 1247 sacrorum

89 1273 211 1334 formula
232 1273 284 1352 agi
312 1273 501 1338 credebatur.
551 1271 791 1353 Opponebantur
804 1271 1009 1336 Romanorum
1031 1270 1225 1352 arrogantiae
1247 1271 1342 1335 verba
1355 1272 1424 1335 Lu-

88 1361 184 1426 theri
206 1355 363 1441 (Herrlich
385 1361 551 1425 Bedenlsen
580 1363 634 1424 des
656 1368 770 1425 tevvren
791 1363 921 1425 Mannes
945 1360 1059 1426 Gottes
1079 1360 1207 1424 Lutheri
1229 1360 1344 1442 seligen
1365 1379 1426 1424 von

86 1451 154 1513 dem
163 1450 389 1531 jenundneven
403 1451 607 1531 Bepstischen
623 1449 782 1527 05155555,
800 1444 909 1532 1584).
937 1449 1148 1514 Mathematici
1164 1457 1197 1512 et
1212 1449 1347 1531 theologi
1361 1450 1425 1513 Lu·
1488 1528 1490 1540 ,

88 1540 206 1602 thernni
220 1557 332 1620 magno
355 1540 520 1603 certamine
535 1540 567 1603 in
582 1540 677 1604 aciem
698 1540 918 1621 procedebant:
945 1539 1167 1602 Maestlinus
1182 1533 1426 1620 (Nothvvendige

85 1629 146 1691 und
161 1628 338 1708 grundliohe
351 1628 518 1692 Bedenlsen
533 1647 590 1692 von
606 1629 673 1692 dem
682 1629 802 1692 uralten
814 1628 998 1694 Rdmischen
1008 1626 1168 1703 05155555,
1182 1627 1321 1692 Η515515.
1333 1627 1427 1701 1584,

86 1719 177 1798 55515
193 1725 278 1798 pest:
301 1718 444 1781 Alterum
459 1737 586 1781 examen
601 1719 671 1782 novi
685 1719 879 1800 pontificialis
895 1717 1077 1799 Gregoriani
1093 1715 1280 1792 0515555511,
1300 1717 1427 1797 Tnbin'g.
1479 1721 1486 1800 ζ
1585 1793 1590 1810 ,

89 1803 205 1886 1586),
233 1806 434 1870 Helisaeus
448 1806 648 1871 Roesllnns
676 1803 774 1888 (Knrz
789 1808 952 1870 Bedenlren
980 1827 1041 1869 von
1062 1807 1116 1870 der
1130 1805 1334 1870 Emendation
1356 1807 1445 1870 dess-

84 1897 166 1970 Jars,
182 1895 276 1958 durch
290 1895 392 1959 Babst
408 1895 588 1976 Gregorinm
603 1897 660 1959 den
675 1895 762 1962 XIII.
778 1897 845 1971 55,
864 1896 990 1977 gestellt
1006 1897 1099 1960 durch
1114 1895 1310 1958 Lambsrtum
1325 1895 1425 1960 Flori-

85 1985 156 2046 dum
169 1984 402 2064 Plieningerum.
426 1983 611 2066 Strsssbnrg
627 2007 650 2048 s.
667 1980 726 2067 a),
745 1987 928 2050 Martinus
945 1983 1177 2050 Obemnicius
1201 1980 1344 2065 (Berioht
1357 2004 1428 2047 vom

86 2093 187 2136 neven
201 2073 410 2154 Repetischen
426 2072 577 2138 Calender
599 2095 639 2138 an
659 2075 932 2155 den·Landgnaien
953 2094 990 2137 au
1011 2075 1146 2150 Hersen,
1170 2069 1287 2156 1584),
1309 2075 1427 2137 Lucas

87 2162 270 2226 Osiander
286 2157 468 2242 (Bedenlren
484 2163 522 2226 ob
538 2163 592 2227 der
606 2183 682 2226 nene
695 2165 873 2245 pabstisohe
885 2163 1036 2228 Calender
1051 2163 1297 2227 eineNothdnrft
1310 2162 1428 2226 beiden

89 2251 232 2315 05515555
248 2251 308 2325 551,
327 2245 444 2332 1583),
467 2251 637 2333 Scaliger
661 2247 723 2334 (De
744 2253 954 2316 emendatione
973 2261 1158 2333 temporum,
1182 2245 1299 2333 1583),
1322 2253 1428 2317 555515
1460 2329 1462 2332 ,

87 2340 291 2422 Neapolitana
305 2341 468 2404 Nemetum
484 2335 667 2422 (Comment
684 2342 721 2406 de
737 2341 863 2409 051555.
877 2342 1016 2406 Η515515.
1034 2336 1145 2423 1585),
1160 2342 1316 2404 Thomas
1330 2342 1426 2422 Lyd-

87 2437 154 2504 tat,
176 2429 317 2492 Oxoniae
339 2437 441 2493 rector
464 2426 644 2511 (Tractatns
665 2432 702 2495 do
717 2432 811 2496 variis
827 2431 898 2495 anni
913 2431 1025 2494 formis.
1055 2431 1152 2495 Lond.
1176 2429 1277 2506 1605,
1306 2429 1427 2512 quibis

89 2519 185 2580 555515
201 2519 356 2583 concludit
371 2525 539 2582 tractatum
554 2539 652 2584 sunm:
677 2520 705 2584 si
719 2522 991 2604 qnando'nostram
1004 2520 1076 2584 anni
1085 2520 1212 2582 formam
1227 2537 1295 2582 cnm
1302 2518 1426 2582 meliore

89 2615 270 2670 commutare
286 2615 488 2688 opportunum
503 2609 719 2686 censuerimus,
741 2631 761 2674 a
775 2609 930 2692 pontificia
945 2628 1035 2691 quam
1053 2608 1183 2672 maxima
1203 2608 1353 2672 diversam
1368 2607 1426 2670 511-

87 2691 215 2776 gamus),
231 2695 295 2760 Ori
301 2715 416 2777 ganus
432 2691 929 2781 (51555555051055555551551.
942 2692 1051 2779 1612),
1067 2696 1254 2763 Calvisius
1270 2692 1428 2779 (Formulc

87 2785 258 2850 calendarii
273 2785 353 2860 novi,
371 2780 472 2868 1613)
488 2787 541 2851 tuo.
557 2787 609 2851 tuo.

171 2873 259 2946 Quae
274 2875 305 2936 in
320 2875 369 2937 his
384 2875 470 2939 libris
485 2876 524 2940 ab
539 2876 593 2952 iis,
615 2877 664 2959 qui
674 2876 807 2946 ,Lntheri
830 2875 988 2940 formulam
1002 2875 1280 2958 amplectebantur,
1302 2873 1424 2942 instau-

88 2964 179 3026 rando
197 2963 380 3029 calendario
396 2965 533 3046 objecta,
555 2965 625 3048 quin
647 2988 667 3028 5
680 2965 843 3048 5555155115
863 2966 1043 3047 impugnata
1065 2966 1142 3041 sint,
1164 2965 1230 3047 quis
1254 2963 1427 3028 dubitabit?

88 3053 218 3116 Primum
232 3053 332 3115 locum
348 3052 429 3117 inter
444 3055 619 3119 defensores
636 3054 810 3120 Oalendarii
826 3054 1007 3136 Gregoriani
1030 3055 1149 3118 obtinet
1172 3053 1251 3119 Chr.
1267 3049 1430 3126 0155155,

90 3143 193 3224 dequo
204 3141 362 3206 SixtnsV.
378 3142 441 3206 5515
457 3144 564 3207 5511555
579 3145 676 3209 fertur
680 3144 839 3225 judicium:
865 3145 910 3220 „si
925 3143 1063 3208 Jesnitae
1079 3144 1162 3207 nulla
1176 3144 1238 3210 alia
1252 3162 1285 3205 re
1302 3142 1339 3204 de
1355 3143 1427 3205 orbe

90 3233 251 3296 Terrarum
269 3231 348 3294 bene
378 3232 508 3294 fuissent
528 3233 643 3308 meriti,
671 3235 703 3296 id
724 3241 827 3296 tamen
854 3233 937 3297 laudi
958 3233 996 3295 115
1025 3233 1163 3308 5555555,
1193 3232 1273 3314 quod
1295 3230 1429 3306 0155155,

17 3391 18 3400 ¹
88 3320 318 3384 mathematicus
334 3321 544 3385 tamernditns
555 3329 587 3384 et
595 3322 723 3398 celeber,
740 3322 879 3387 escholis
894 3341 996 3384 eorum
1010 3321 1188 3403 prodierit“.
1219 3320 1343 3384 Clarius
1358 3339 1427 3383 ma-

90 3410 359 3474 thematicalaude
375 3410 479 3487 floret,
501 3431 562 3474 non
577 3412 656 3494 quod
671 3431 751 3475 nova
772 3411 978 3493 evigilaverit,
1000 3412 1054 3473 555
1070 3410 1149 3493 quod
1171 3410 1282 3474 eximia
1297 3409 1355 3472 brit
1369 3410 1426 3472 do-

91 3499 173 3562 cendi
194 3499 380 3580 aliorumque
403 3519 497 3581 opera
518 3500 551 3564 in
572 3520 658 3564 auum
678 3519 764 3564 nsnm
785 3501 924 3564 vertendi
947 3499 1102 3564 facultate.
1147 3498 1280 3580 Cognita
1294 3499 1429 3586 habebat

15 3646 17 3663 ,
91 3597 223 3652 veterum
237 3588 498 3671 recentiorumque
514 3588 645 3671 scripta,
668 3610 685 3653 5
701 3591 807 3672 quibus
828 3591 905 3653 mira
921 3588 1069 3653 facilitate
1092 3589 1229 3652 nucleum
1244 3589 1429 3669 excerpebat

92 3697 184 3761 eaque
199 3679 231 3740 in
247 3678 394 3759 optimam
410 3678 535 3742 formam
550 3699 699 3744 conversa
713 3680 871 3754 reddebat,
892 3679 937 3743 ita
951 3679 1104 3748 ntmnltis
1119 3678 1259 3743 inventor
1273 3698 1373 3742 rernm
1388 3677 1427 3740 ab

16 3788 18 3799 ·
89 3767 152 3848 1555
168 3766 360 3848 proditarum
373 3768 529 3831 videretur
544 3776 576 3831 et
591 3791 610 3831 a
624 3769 759 3850 plurimis
775 3768 861 3851 qnasi
882 3768 1023 3851 princeps
1038 3768 1322 3832 mathematicorum
1343 3766 1426 3830 cole-

90 3865 177 3920 retur.
222 3856 286 3920 Sed
301 3855 447 3920 inclaruit
460 3857 589 3921 maxime
606 3857 739 3932 0155155,
755 3858 834 3941 quod
850 3858 997 3922 acclesiae
1011 3856 1169 3921 Romanae
1184 3858 1307 3921 addicto
1322 3856 1426 3939 ponti-

91 3945 153 4020 1511,
168 3955 203 4010 55
218 3966 304 4010 suam
321 3965 448 4010 causam
462 3945 574 4027 agenti,
589 3967 650 4011 non
664 3954 829 4029 potuerunt
843 3966 903 4010 non
917 3947 1075 4029 plurimum
1090 3947 1230 4011 tribuere.
1269 3945 1429 4028 055555151

92 4035 264 4098 5555515555
281 4036 468 4098 evertendae
485 4031 587 4112 erant,
610 4031 824 4102 calendarium
846 4057 956 4100 novum
969 4035 1139 4100 Romanum
1161 4045 1268 4100 contra
1281 4035 1426 4117 Evange-

92 4125 208 4188 licornm
223 4126 358 4207 impetus
374 4125 534 4201 tuendum,
556 4126 692 4203 omnino,
713 4127 904 4208 quantumin
919 4126 986 4208 ipso
1002 4134 1070 4189 erat
1084 4134 1119 4190 nt
1133 4126 1363 4201 mathematico,
1377 4143 1427 4190 555

93 4216 234 4280 catholica
255 4215 498 4292 mathematicae
521 4233 636 4298 qnoque
660 4217 778 4280 nomine
801 4223 909 4280 contra
930 4223 1093 4279 novatores
1120 4216 1317 4279 5515555555
1360 4215 1428 4275 1155

93 4323 204 4370 munere
219 4313 349 4370 strenue
366 4309 401 4364 55
415 4303 571 4385 ingeniose
591 4305 772 4386 fungebatur
788 4303 927 4380 0155155,
949 4324 1045 4387 neque
1059 4304 1227 4368 mirandum
1242 4311 1306 4381 est,
1328 4300 1427 4364 555155

92 4393 147 4474 ejus
161 4395 190 4460 in
206 4392 407 4460 defendenda
427 4392 486 4455 fide
502 4392 653 4457 catholica
667 4395 789 4458 maximi
811 4394 921 4458 1551555
935 4394 1016 4458 111155
1032 4412 1161 4475 operam
1208 4391 1428 4475 Gregoriannm

90 4485 296 4550 calendarium
313 4481 481 4546 defendere
502 4483 651 4547 intererat
667 4481 782 4560 015511,
805 4483 884 4566 qnod
905 4484 970 4565 ipse
992 4482 1138 4547 insistens
1153 4484 1224 4548 Lilii
1242 4476 1426 4565 propositio-

86 4577 163 4640 nibus
182 4593 335 4658 magnam
354 4570 402 4634 in
423 4571 620 4636 instaurando
643 4570 825 4638 0515555515
848 4590 971 4654 operam
991 4580 1137 4655 posuerat
1165 4592 1259 4653 eoque
1280 4564 1429 4631 intensius

83 4669 155 4732 illins
174 4665 419 4752 oppugnatores
439 4662 524 4743 quasi
543 4661 601 4744 ipsi
616 4661 783 4726 malevolos
798 4663 931 4727 refutare
947 4662 1100 4725 studebat
1129 4661 1252 4727 0155155
1267 4654 1337 4719 hilii
1352 4672 1427 4735 pro·

81 4757 239 4843 positiones
255 4756 291 4820 in
310 4751 556 4832 congregatione
570 4751 601 4816 in
616 4751 695 4816 hunc
710 4751 799 4816 finem
814 4758 983 4816 convocata
1000 4769 1112 4831 magna
1127 4748 1292 4814 eruditione
1309 4745 1427 4808 erami-

80 4850 169 4930 navit,
190 4857 226 4928 55
239 4840 447 4930 approbatas
463 4839 497 4904 in
512 4839 646 4906 ordinem
660 4841 792 4924 redegit,
813 4842 845 4908 in
860 4840 994 4906 ordinem
1008 4840 1151 4905 redactas
1166 4833 1342 4917 magnisque
1358 4834 1427 4901 dia·
