<?xml version="1.0" encoding="UTF-8"?>
<!DOCTYPE html PUBLIC "-//W3C//DTD XHTML 1.0 Transitional//EN"
    "http://www.w3.org/TR/xhtml1/DTD/xhtml1-transitional.dtd">
<html xmlns="http://www.w3.org/1999/xhtml" xml:lang="en" lang="en">
 <head>
  <title>
</title>
<meta http-equiv="Content-Type" content="text/html;charset=utf-8" />
  <meta name='ocr-system' content='tesseract 3.04.00' />
  <meta name='ocr-capabilities' content='ocr_page ocr_carea ocr_par ocr_line ocrx_word'/>
</head>
<body>
  <div class='ocr_page' id='page_1' title='image "./joanniskepleria00unkngoog_0115.png"; bbox 0 0 3412 5538; ppageno 0'>
   <div class='ocr_carea' id='block_1_1' title="bbox 302 281 1223 377">
    <p class='ocr_par' dir='ltr' id='par_1_1' title="bbox 302 281 1223 377">
     <span class='ocr_line' id='line_1_1' title="bbox 302 281 1223 377; baseline 0 -27"><span class='ocrx_word' id='word_1_1' title='bbox 302 281 346 350; x_wconf 77' lang='grc'><strong>98</strong></span> <span class='ocrx_word' id='word_1_2' title='bbox 602 365 605 377; x_wconf 31' lang='grc' dir='ltr'>Ι</span> <span class='ocrx_word' id='word_1_3' title='bbox 726 297 947 366; x_wconf 64' lang='lat' dir='ltr'><strong>mannassen</strong></span> <span class='ocrx_word' id='word_1_4' title='bbox 959 297 1223 364; x_wconf 61' lang='lat' dir='ltr'><strong>assumemus·-</strong></span> 
     </span>
    </p>
   </div>
   <div class='ocr_carea' id='block_1_2' title="bbox 299 437 1632 1594">
    <p class='ocr_par' dir='ltr' id='par_1_2' title="bbox 299 437 1630 1328">
     <span class='ocr_line' id='line_1_2' title="bbox 390 437 1628 526; baseline -0.003 -20"><span class='ocrx_word' id='word_1_5' title='bbox 390 437 450 526; x_wconf 84' lang='lat'><strong>21)</strong></span> <span class='ocrx_word' id='word_1_6' title='bbox 475 442 658 510; x_wconf 74' lang='lat' dir='ltr'>Censorinus</span> <span class='ocrx_word' id='word_1_7' title='bbox 680 441 864 524; x_wconf 76' lang='lat' dir='ltr'><strong>Olympiada</strong></span> <span class='ocrx_word' id='word_1_8' title='bbox 887 440 1026 506; x_wconf 87' lang='lat' dir='ltr'><strong>Solarem</strong></span> <span class='ocrx_word' id='word_1_9' title='bbox 1047 441 1162 506; x_wconf 86' lang='lat' dir='ltr'><strong>iaciens</strong></span> <span class='ocrx_word' id='word_1_10' title='bbox 1182 459 1230 504; x_wconf 90' lang='lat' dir='ltr'><strong>me</strong></span> <span class='ocrx_word' id='word_1_11' title='bbox 1244 439 1335 522; x_wconf 89' lang='lat' dir='ltr'><strong>plane</strong></span> <span class='ocrx_word' id='word_1_12' title='bbox 1351 439 1524 514; x_wconf 78' lang='lat' dir='ltr'><strong>cauernae,</strong></span> <span class='ocrx_word' id='word_1_13' title='bbox 1544 438 1628 519; x_wconf 90' lang='lat' dir='ltr'><strong>utqui</strong></span> 
     </span>
     <span class='ocr_line' id='line_1_3' title="bbox 302 527 1628 614; baseline -0.006 -18"><span class='ocrx_word' id='word_1_14' title='bbox 302 541 336 596; x_wconf 92' lang='lat' dir='ltr'><strong>et</strong></span> <span class='ocrx_word' id='word_1_15' title='bbox 349 533 416 614; x_wconf 87' lang='lat' dir='ltr'><strong>ipse</strong></span> <span class='ocrx_word' id='word_1_16' title='bbox 432 531 631 596; x_wconf 76' lang='lat' dir='ltr'><strong>tetraeterida</strong></span> <span class='ocrx_word' id='word_1_17' title='bbox 647 527 786 595; x_wconf 86' lang='lat' dir='ltr'><strong>Solarem</strong></span> <span class='ocrx_word' id='word_1_18' title='bbox 800 530 917 594; x_wconf 82' lang='lat' dir='ltr'><strong>induco.</strong></span> <span class='ocrx_word' id='word_1_19' title='bbox 947 532 1027 594; x_wconf 89' lang='lat' dir='ltr'><strong>Nam</strong></span> <span class='ocrx_word' id='word_1_20' title='bbox 1042 530 1124 613; x_wconf 90' lang='lat' dir='ltr'><strong>quod</strong></span> <span class='ocrx_word' id='word_1_21' title='bbox 1137 548 1176 593; x_wconf 85' lang='lat' dir='ltr'><strong>ex</strong></span> <span class='ocrx_word' id='word_1_22' title='bbox 1191 529 1354 596; x_wconf 83' lang='lat' dir='ltr'><strong>scholiaste</strong></span> <span class='ocrx_word' id='word_1_23' title='bbox 1367 527 1493 592; x_wconf 84' lang='lat' dir='ltr'><strong>Pindari</strong></span> <span class='ocrx_word' id='word_1_24' title='bbox 1515 527 1628 600; x_wconf 74' lang='lat' dir='ltr'><strong>adducis</strong></span> 
     </span>
     <span class='ocr_line' id='line_1_4' title="bbox 300 616 1629 704; baseline -0.006 -19"><span class='ocrx_word' id='word_1_25' title='bbox 300 617 486 702; x_wconf 72' lang='grc' dir='ltr'><strong>ἆκεαιδικατῃ</strong></span> <span class='ocrx_word' id='word_1_26' title='bbox 503 623 623 698; x_wconf 73' lang='grc' dir='ltr'><strong>σεληεης</strong></span> <span class='ocrx_word' id='word_1_27' title='bbox 637 616 735 700; x_wconf 74' lang='grc' dir='ltr'><strong>ἄγεται</strong></span> <span class='ocrx_word' id='word_1_28' title='bbox 750 642 851 699; x_wconf 76' lang='lat' dir='ltr'><strong>uptote,</strong></span> <span class='ocrx_word' id='word_1_29' title='bbox 866 621 892 684; x_wconf 85' lang='lat' dir='ltr'><strong>is</strong></span> <span class='ocrx_word' id='word_1_30' title='bbox 907 619 981 684; x_wconf 79' lang='lat' dir='ltr'><strong>nihil</strong></span> <span class='ocrx_word' id='word_1_31' title='bbox 1003 621 1084 704; x_wconf 84' lang='lat' dir='ltr'><strong>aliud</strong></span> <span class='ocrx_word' id='word_1_32' title='bbox 1107 619 1181 684; x_wconf 89' lang='lat' dir='ltr'><strong>dicit</strong></span> <span class='ocrx_word' id='word_1_33' title='bbox 1202 635 1291 701; x_wconf 85' lang='lat' dir='ltr'><strong>quum</strong></span> <span class='ocrx_word' id='word_1_34' title='bbox 1312 619 1383 682; x_wconf 90' lang='lat' dir='ltr'><strong>hoc:</strong></span> <span class='ocrx_word' id='word_1_35' title='bbox 1408 619 1553 680; x_wconf 86' lang='lat' dir='ltr'><strong>ludicrum</strong></span> <span class='ocrx_word' id='word_1_36' title='bbox 1570 617 1629 679; x_wconf 86' lang='lat' dir='ltr'><strong>illud</strong></span> 
     </span>
     <span class='ocr_line' id='line_1_5' title="bbox 301 707 1629 783; baseline -0.006 -9"><span class='ocrx_word' id='word_1_37' title='bbox 301 709 342 774; x_wconf 89' lang='lat' dir='ltr'><strong>ad</strong></span> <span class='ocrx_word' id='word_1_38' title='bbox 356 711 462 774; x_wconf 90' lang='lat' dir='ltr'><strong>Lunae</strong></span> <span class='ocrx_word' id='word_1_39' title='bbox 477 711 574 774; x_wconf 85' lang='lat' dir='ltr'><strong>lacem</strong></span> <span class='ocrx_word' id='word_1_40' title='bbox 589 709 782 783; x_wconf 87' lang='lat' dir='ltr'><strong>celebratum,</strong></span> <span class='ocrx_word' id='word_1_41' title='bbox 798 730 858 772; x_wconf 91' lang='lat' dir='ltr'><strong>non</strong></span> <span class='ocrx_word' id='word_1_42' title='bbox 874 709 914 772; x_wconf 89' lang='lat' dir='ltr'><strong>ad</strong></span> <span class='ocrx_word' id='word_1_43' title='bbox 929 718 1044 772; x_wconf 88' lang='lat' dir='ltr'><strong>certum</strong></span> <span class='ocrx_word' id='word_1_44' title='bbox 1059 709 1171 772; x_wconf 89' lang='lat' dir='ltr'><strong>mensis</strong></span> <span class='ocrx_word' id='word_1_45' title='bbox 1185 708 1285 772; x_wconf 88' lang='lat' dir='ltr'><strong>Attici</strong></span> <span class='ocrx_word' id='word_1_46' title='bbox 1301 709 1389 772; x_wconf 87' lang='lat' dir='ltr'><strong>diem</strong></span> <span class='ocrx_word' id='word_1_47' title='bbox 1412 707 1482 771; x_wconf 89' lang='lat' dir='ltr'><strong>Nisi</strong></span> <span class='ocrx_word' id='word_1_48' title='bbox 1497 707 1573 770; x_wconf 89' lang='lat' dir='ltr'><strong>enim</strong></span> <span class='ocrx_word' id='word_1_49' title='bbox 1584 707 1629 768; x_wconf 88' lang='lat' dir='ltr'><strong>hoo</strong></span> 
     </span>
     <span class='ocr_line' id='line_1_6' title="bbox 299 795 1628 882; baseline -0.005 -18"><span class='ocrx_word' id='word_1_50' title='bbox 299 801 453 874; x_wconf 91' lang='lat' dir='ltr'><strong>innueret,</strong></span> <span class='ocrx_word' id='word_1_51' title='bbox 478 798 548 880; x_wconf 91' lang='lat' dir='ltr'><strong>quid</strong></span> <span class='ocrx_word' id='word_1_52' title='bbox 571 797 699 862; x_wconf 76' lang='lat' dir='ltr'><strong>adderet</strong></span> <span class='ocrx_word' id='word_1_53' title='bbox 722 799 860 878; x_wconf 68' lang='lat' dir='ltr'><strong>cainone?</strong></span> <span class='ocrx_word' id='word_1_54' title='bbox 891 799 1008 882; x_wconf 91' lang='lat' dir='ltr'><strong>Nempe</strong></span> <span class='ocrx_word' id='word_1_55' title='bbox 1029 800 1073 862; x_wconf 86' lang='lat' dir='ltr'><strong>ita</strong></span> <span class='ocrx_word' id='word_1_56' title='bbox 1092 799 1168 862; x_wconf 89' lang='lat' dir='ltr'><strong>haec</strong></span> <span class='ocrx_word' id='word_1_57' title='bbox 1187 818 1248 861; x_wconf 86' lang='lat' dir='ltr'><strong>vox</strong></span> <span class='ocrx_word' id='word_1_58' title='bbox 1271 795 1470 878; x_wconf 86' lang='lat' dir='ltr'><strong>intelligenda</strong></span> <span class='ocrx_word' id='word_1_59' title='bbox 1499 797 1531 858; x_wconf 92' lang='lat' dir='ltr'><strong>in</strong></span> <span class='ocrx_word' id='word_1_60' title='bbox 1555 795 1628 858; x_wconf 88' lang='lat' dir='ltr'><strong>sobo·</strong></span> 
     </span>
     <span class='ocr_line' id='line_1_7' title="bbox 301 883 1629 970; baseline -0.005 -18"><span class='ocrx_word' id='word_1_61' title='bbox 301 889 408 964; x_wconf 86' lang='lat' dir='ltr'><strong>liasta,</strong></span> <span class='ocrx_word' id='word_1_62' title='bbox 437 887 482 949; x_wconf 93' lang='lat' dir='ltr'><strong>uti</strong></span> <span class='ocrx_word' id='word_1_63' title='bbox 503 887 587 950; x_wconf 86' lang='lat' dir='ltr'><strong>illam</strong></span> <span class='ocrx_word' id='word_1_64' title='bbox 608 887 640 950; x_wconf 93' lang='lat' dir='ltr'><strong>in</strong></span> <span class='ocrx_word' id='word_1_65' title='bbox 655 887 830 970; x_wconf 82' lang='lat' dir='ltr'><strong>Thucydide</strong></span> <span class='ocrx_word' id='word_1_66' title='bbox 853 887 941 951; x_wconf 90' lang='lat' dir='ltr'><strong>nobis</strong></span> <span class='ocrx_word' id='word_1_67' title='bbox 961 908 995 951; x_wconf 90' lang='lat' dir='ltr'><strong>es</strong></span> <span class='ocrx_word' id='word_1_68' title='bbox 1016 889 1244 968; x_wconf 90' lang='lat' dir='ltr'><strong>interpretatus.</strong></span> <span class='ocrx_word' id='word_1_69' title='bbox 1288 887 1348 950; x_wconf 86' lang='lat' dir='ltr'><strong>Est</strong></span> <span class='ocrx_word' id='word_1_70' title='bbox 1371 886 1464 968; x_wconf 90' lang='lat' dir='ltr'><strong>igitur</strong></span> <span class='ocrx_word' id='word_1_71' title='bbox 1488 883 1629 967; x_wconf 88' lang='lat' dir='ltr'><strong>Olympias</strong></span> 
     </span>
     <span class='ocr_line' id='line_1_8' title="bbox 303 974 1630 1060; baseline -0.005 -19"><span class='ocrx_word' id='word_1_72' title='bbox 303 985 508 1058; x_wconf 86' lang='lat' dir='ltr'><strong>attemperata</strong></span> <span class='ocrx_word' id='word_1_73' title='bbox 529 977 568 1039; x_wconf 92' lang='lat' dir='ltr'><strong>ad</strong></span> <span class='ocrx_word' id='word_1_74' title='bbox 593 975 676 1040; x_wconf 88' lang='lat' dir='ltr'><strong>Solis</strong></span> <span class='ocrx_word' id='word_1_75' title='bbox 698 979 850 1054; x_wconf 90' lang='lat' dir='ltr'><strong>rationes,</strong></span> <span class='ocrx_word' id='word_1_76' title='bbox 872 976 942 1060; x_wconf 91' lang='lat' dir='ltr'><strong>qnia</strong></span> <span class='ocrx_word' id='word_1_77' title='bbox 962 997 1023 1040; x_wconf 89' lang='lat' dir='ltr'><strong>una</strong></span> <span class='ocrx_word' id='word_1_78' title='bbox 1047 976 1254 1040; x_wconf 82' lang='lat' dir='ltr'><strong>tetraiiteridis</strong></span> <span class='ocrx_word' id='word_1_79' title='bbox 1275 976 1400 1051; x_wconf 87' lang='lat' dir='ltr'><strong>Attica,</strong></span> <span class='ocrx_word' id='word_1_80' title='bbox 1425 974 1559 1056; x_wconf 87' lang='lat' dir='ltr'><strong>ejusdem</strong></span> <span class='ocrx_word' id='word_1_81' title='bbox 1579 992 1630 1036; x_wconf 88' lang='lat' dir='ltr'><strong>con</strong></span> 
     </span>
     <span class='ocr_line' id='line_1_9' title="bbox 301 1064 1630 1150; baseline -0.005 -18"><span class='ocrx_word' id='word_1_82' title='bbox 301 1067 425 1132; x_wconf 88' lang='lat' dir='ltr'><strong>Juliana</strong></span> <span class='ocrx_word' id='word_1_83' title='bbox 439 1065 642 1148; x_wconf 79' lang='lat' dir='ltr'><strong>prolixitatis,</strong></span> <span class='ocrx_word' id='word_1_84' title='bbox 664 1067 769 1130; x_wconf 90' lang='lat' dir='ltr'><strong>definit</strong></span> <span class='ocrx_word' id='word_1_85' title='bbox 785 1066 976 1150; x_wconf 86' lang='lat' dir='ltr'><strong>Olympiada.</strong></span> <span class='ocrx_word' id='word_1_86' title='bbox 1005 1067 1052 1131; x_wconf 90' lang='lat' dir='ltr'><strong>At</strong></span> <span class='ocrx_word' id='word_1_87' title='bbox 1072 1086 1133 1130; x_wconf 92' lang='lat' dir='ltr'><strong>non</strong></span> <span class='ocrx_word' id='word_1_88' title='bbox 1147 1066 1254 1130; x_wconf 90' lang='lat' dir='ltr'><strong>iisdem</strong></span> <span class='ocrx_word' id='word_1_89' title='bbox 1270 1065 1374 1129; x_wconf 89' lang='lat' dir='ltr'><strong>diebus</strong></span> <span class='ocrx_word' id='word_1_90' title='bbox 1395 1065 1531 1147; x_wconf 80' lang='lat' dir='ltr'><strong>politicis</strong></span> <span class='ocrx_word' id='word_1_91' title='bbox 1544 1064 1630 1126; x_wconf 85' lang='lat' dir='ltr'><strong>Heca·</strong></span> 
     </span>
     <span class='ocr_line' id='line_1_10' title="bbox 302 1153 1630 1239; baseline -0.004 -19"><span class='ocrx_word' id='word_1_92' title='bbox 302 1155 491 1220; x_wconf 88' lang='lat' dir='ltr'><strong>tombaeonis</strong></span> <span class='ocrx_word' id='word_1_93' title='bbox 508 1155 694 1220; x_wconf 90' lang='lat' dir='ltr'><strong>celebratum</strong></span> <span class='ocrx_word' id='word_1_94' title='bbox 710 1166 758 1219; x_wconf 91' lang='lat' dir='ltr'><strong>est</strong></span> <span class='ocrx_word' id='word_1_95' title='bbox 773 1156 933 1220; x_wconf 86' lang='lat' dir='ltr'><strong>ludicrum:</strong></span> <span class='ocrx_word' id='word_1_96' title='bbox 956 1156 1012 1222; x_wconf 89' lang='lat' dir='ltr'><strong>sed</strong></span> <span class='ocrx_word' id='word_1_97' title='bbox 1027 1155 1134 1220; x_wconf 87' lang='lat' dir='ltr'><strong>habuit</strong></span> <span class='ocrx_word' id='word_1_98' title='bbox 1147 1155 1206 1220; x_wconf 90' lang='lat' dir='ltr'><strong>hoc</strong></span> <span class='ocrx_word' id='word_1_99' title='bbox 1228 1175 1294 1219; x_wconf 92' lang='lat' dir='ltr'><strong>cum</strong></span> <span class='ocrx_word' id='word_1_100' title='bbox 1313 1155 1380 1239; x_wconf 89' lang='lat' dir='ltr'><strong>ipso</strong></span> <span class='ocrx_word' id='word_1_101' title='bbox 1396 1173 1468 1218; x_wconf 90' lang='lat' dir='ltr'><strong>vero</strong></span> <span class='ocrx_word' id='word_1_102' title='bbox 1483 1153 1630 1235; x_wconf 80' lang='lat' dir='ltr'><strong>plenilunio</strong></span> 
     </span>
     <span class='ocr_line' id='line_1_11' title="bbox 299 1245 1233 1328; baseline -0.001 -20"><span class='ocrx_word' id='word_1_103' title='bbox 299 1263 412 1328; x_wconf 88' lang='lat' dir='ltr'><strong>vagam</strong></span> <span class='ocrx_word' id='word_1_104' title='bbox 427 1245 530 1308; x_wconf 90' lang='lat' dir='ltr'><strong>sedem</strong></span> <span class='ocrx_word' id='word_1_105' title='bbox 543 1245 575 1308; x_wconf 94' lang='lat' dir='ltr'><strong>in</strong></span> <span class='ocrx_word' id='word_1_106' title='bbox 591 1245 649 1308; x_wconf 92' lang='lat' dir='ltr'><strong>hoc</strong></span> <span class='ocrx_word' id='word_1_107' title='bbox 663 1265 775 1309; x_wconf 90' lang='lat' dir='ltr'><strong>mense.</strong></span> <span class='ocrx_word' id='word_1_108' title='bbox 1228 1309 1233 1318; x_wconf 74' lang='grc'><em>,</em></span> 
     </span>
    </p>

    <p class='ocr_par' dir='ltr' id='par_1_3' title="bbox 299 1329 1632 1594">
     <span class='ocr_line' id='line_1_12' title="bbox 389 1329 1631 1416; baseline -0.002 -19"><span class='ocrx_word' id='word_1_109' title='bbox 389 1329 448 1416; x_wconf 81' lang='lat'><strong>22)</strong></span> <span class='ocrx_word' id='word_1_110' title='bbox 471 1333 575 1398; x_wconf 83' lang='lat' dir='ltr'><strong>Aliam</strong></span> <span class='ocrx_word' id='word_1_111' title='bbox 597 1355 666 1398; x_wconf 90' lang='lat' dir='ltr'><strong>ecce</strong></span> <span class='ocrx_word' id='word_1_112' title='bbox 690 1335 903 1416; x_wconf 87' lang='lat' dir='ltr'><strong>conjecturam.</strong></span> <span class='ocrx_word' id='word_1_113' title='bbox 938 1335 990 1398; x_wconf 91' lang='lat' dir='ltr'><strong>An</strong></span> <span class='ocrx_word' id='word_1_114' title='bbox 1012 1335 1080 1398; x_wconf 89' lang='lat' dir='ltr'><strong>ideo</strong></span> <span class='ocrx_word' id='word_1_115' title='bbox 1103 1334 1272 1416; x_wconf 89' lang='lat' dir='ltr'><strong>tergemina</strong></span> <span class='ocrx_word' id='word_1_116' title='bbox 1293 1335 1411 1401; x_wconf 88' lang='lat' dir='ltr'><strong>Hecate</strong></span> <span class='ocrx_word' id='word_1_117' title='bbox 1437 1331 1500 1396; x_wconf 88' lang='lat' dir='ltr'><strong>trin</strong></span> <span class='ocrx_word' id='word_1_118' title='bbox 1525 1329 1631 1414; x_wconf 85' lang='lat' dir='ltr'><strong>virginis</strong></span> 
     </span>
     <span class='ocr_line' id='line_1_13' title="bbox 301 1419 1632 1508; baseline -0.005 -20"><span class='ocrx_word' id='word_1_119' title='bbox 301 1444 356 1488; x_wconf 90' lang='lat' dir='ltr'><strong>ora</strong></span> <span class='ocrx_word' id='word_1_120' title='bbox 369 1424 506 1498; x_wconf 85' lang='lat' dir='ltr'><strong>Dianae,</strong></span> <span class='ocrx_word' id='word_1_121' title='bbox 530 1423 600 1507; x_wconf 89' lang='lat' dir='ltr'><strong>quia</strong></span> <span class='ocrx_word' id='word_1_122' title='bbox 613 1424 645 1488; x_wconf 90' lang='lat' dir='ltr'><strong>in</strong></span> <span class='ocrx_word' id='word_1_123' title='bbox 661 1425 848 1488; x_wconf 75' lang='lat' dir='ltr'><strong>octaeteride</strong></span> <span class='ocrx_word' id='word_1_124' title='bbox 874 1419 967 1508; x_wconf 89' lang='lat' dir='ltr'><strong>(qnae</strong></span> <span class='ocrx_word' id='word_1_125' title='bbox 989 1443 1107 1488; x_wconf 92' lang='lat' dir='ltr'><strong>omnem</strong></span> <span class='ocrx_word' id='word_1_126' title='bbox 1121 1423 1336 1506; x_wconf 81' lang='lat' dir='ltr'><strong>Dionysiorum</strong></span> <span class='ocrx_word' id='word_1_127' title='bbox 1355 1423 1549 1486; x_wconf 89' lang='lat' dir='ltr'><strong>Lenaeorum</strong></span> <span class='ocrx_word' id='word_1_128' title='bbox 1569 1421 1632 1484; x_wconf 89' lang='lat' dir='ltr'><strong>etin</strong></span> 
     </span>
     <span class='ocr_line' id='line_1_14' title="bbox 299 1508 1631 1594; baseline -0.005 -16"><span class='ocrx_word' id='word_1_129' title='bbox 299 1515 338 1578; x_wconf 91' lang='lat' dir='ltr'><strong>iis</strong></span> <span class='ocrx_word' id='word_1_130' title='bbox 354 1514 460 1577; x_wconf 90' lang='lat' dir='ltr'><strong>Lunae</strong></span> <span class='ocrx_word' id='word_1_131' title='bbox 481 1513 622 1594; x_wconf 88' lang='lat' dir='ltr'><strong>phasium</strong></span> <span class='ocrx_word' id='word_1_132' title='bbox 642 1515 825 1578; x_wconf 88' lang='lat' dir='ltr'><strong>varietatem</strong></span> <span class='ocrx_word' id='word_1_133' title='bbox 846 1508 1072 1594; x_wconf 78' lang='lat' dir='ltr'><strong>complectitur)</strong></span> <span class='ocrx_word' id='word_1_134' title='bbox 1099 1521 1147 1577; x_wconf 88' lang='lat' dir='ltr'><strong>ter</strong></span> <span class='ocrx_word' id='word_1_135' title='bbox 1167 1520 1302 1577; x_wconf 86' lang='lat' dir='ltr'><strong>mutatur</strong></span> <span class='ocrx_word' id='word_1_136' title='bbox 1324 1513 1428 1576; x_wconf 88' lang='lat' dir='ltr'><strong>Lunae</strong></span> <span class='ocrx_word' id='word_1_137' title='bbox 1451 1511 1549 1576; x_wconf 84' lang='lat' dir='ltr'><strong>iacies</strong></span> <span class='ocrx_word' id='word_1_138' title='bbox 1569 1509 1631 1573; x_wconf 92' lang='lat' dir='ltr'><strong>Dio-</strong></span> 
     </span>
    </p>
   </div>
   <div class='ocr_carea' id='block_1_3' title="bbox 201 1601 1634 1685">
    <p class='ocr_par' dir='ltr' id='par_1_4' title="bbox 201 1601 1634 1685">
     <span class='ocr_line' id='line_1_15' title="bbox 201 1601 1634 1685; baseline -0.004 -19"><span class='ocrx_word' id='word_1_139' title='bbox 201 1611 204 1620; x_wconf 83' lang='lat'><strong><em>‘</em></strong></span> <span class='ocrx_word' id='word_1_140' title='bbox 299 1602 416 1685; x_wconf 86' lang='lat' dir='ltr'><strong>nysiis?</strong></span> <span class='ocrx_word' id='word_1_141' title='bbox 445 1601 556 1665; x_wconf 85' lang='lat' dir='ltr'><strong>Primis</strong></span> <span class='ocrx_word' id='word_1_142' title='bbox 570 1621 631 1666; x_wconf 90' lang='lat' dir='ltr'><strong>non</strong></span> <span class='ocrx_word' id='word_1_143' title='bbox 647 1603 783 1679; x_wconf 89' lang='lat' dir='ltr'><strong>videtur,</strong></span> <span class='ocrx_word' id='word_1_144' title='bbox 804 1605 875 1685; x_wconf 88' lang='lat' dir='ltr'><strong>quia</strong></span> <span class='ocrx_word' id='word_1_145' title='bbox 889 1611 962 1666; x_wconf 92' lang='lat' dir='ltr'><strong>tnnc</strong></span> <span class='ocrx_word' id='word_1_146' title='bbox 983 1611 1032 1666; x_wconf 93' lang='lat' dir='ltr'><strong>est</strong></span> <span class='ocrx_word' id='word_1_147' title='bbox 1052 1603 1249 1679; x_wconf 82' lang='lat' dir='ltr'><strong>novilunium,</strong></span> <span class='ocrx_word' id='word_1_148' title='bbox 1271 1602 1411 1666; x_wconf 90' lang='lat' dir='ltr'><strong>secundis</strong></span> <span class='ocrx_word' id='word_1_149' title='bbox 1429 1607 1584 1685; x_wconf 72' lang='lat' dir='ltr'><strong>tayoaopor</strong></span> <span class='ocrx_word' id='word_1_150' title='bbox 1597 1607 1634 1662; x_wconf 85' lang='lat' dir='ltr'><strong>est</strong></span> 
     </span>
    </p>
   </div>
   <div class='ocr_carea' id='block_1_4' title="bbox 299 1691 1634 2312">
    <p class='ocr_par' dir='ltr' id='par_1_5' title="bbox 301 1691 1444 1774">
     <span class='ocr_line' id='line_1_16' title="bbox 301 1691 1444 1774; baseline -0.002 -18"><span class='ocrx_word' id='word_1_151' title='bbox 301 1702 335 1756; x_wconf 88' lang='lat' dir='ltr'><strong>et</strong></span> <span class='ocrx_word' id='word_1_152' title='bbox 349 1691 509 1765; x_wconf 90' lang='lat' dir='ltr'><strong>matutina,</strong></span> <span class='ocrx_word' id='word_1_153' title='bbox 524 1691 623 1755; x_wconf 90' lang='lat' dir='ltr'><strong>tertiis</strong></span> <span class='ocrx_word' id='word_1_154' title='bbox 639 1692 737 1773; x_wconf 88' lang='lat' dir='ltr'><strong>plena,</strong></span> <span class='ocrx_word' id='word_1_155' title='bbox 753 1694 869 1774; x_wconf 88' lang='lat' dir='ltr'><strong>quartis</strong></span> <span class='ocrx_word' id='word_1_156' title='bbox 885 1693 994 1756; x_wconf 88' lang='lat' dir='ltr'><strong>iterum</strong></span> <span class='ocrx_word' id='word_1_157' title='bbox 1009 1692 1198 1756; x_wconf 87' lang='lat' dir='ltr'><strong>dichotomos</strong></span> <span class='ocrx_word' id='word_1_158' title='bbox 1214 1700 1247 1755; x_wconf 94' lang='lat' dir='ltr'><strong>et</strong></span> <span class='ocrx_word' id='word_1_159' title='bbox 1261 1692 1444 1774; x_wconf 88' lang='lat' dir='ltr'><strong>vespertina.</strong></span> 
     </span>
    </p>

    <p class='ocr_par' dir='ltr' id='par_1_6' title="bbox 299 1777 1634 2042">
     <span class='ocr_line' id='line_1_17' title="bbox 390 1777 1633 1864; baseline -0.004 -18"><span class='ocrx_word' id='word_1_160' title='bbox 390 1777 448 1862; x_wconf 82' lang='lat'><strong>23)</strong></span> <span class='ocrx_word' id='word_1_161' title='bbox 471 1781 542 1846; x_wconf 90' lang='lat' dir='ltr'><strong>Jam</strong></span> <span class='ocrx_word' id='word_1_162' title='bbox 563 1789 595 1846; x_wconf 93' lang='lat' dir='ltr'><strong>et</strong></span> <span class='ocrx_word' id='word_1_163' title='bbox 610 1782 807 1845; x_wconf 77' lang='lat' dir='ltr'><strong>Plutarchum</strong></span> <span class='ocrx_word' id='word_1_164' title='bbox 822 1790 926 1858; x_wconf 89' lang='lat' dir='ltr'><strong>teneo,</strong></span> <span class='ocrx_word' id='word_1_165' title='bbox 949 1801 1038 1864; x_wconf 90' lang='lat' dir='ltr'><strong>quem</strong></span> <span class='ocrx_word' id='word_1_166' title='bbox 1052 1788 1086 1844; x_wconf 88' lang='lat' dir='ltr'><strong>tu</strong></span> <span class='ocrx_word' id='word_1_167' title='bbox 1101 1781 1206 1845; x_wconf 91' lang='lat' dir='ltr'><strong>itidem</strong></span> <span class='ocrx_word' id='word_1_168' title='bbox 1221 1783 1333 1845; x_wconf 89' lang='lat' dir='ltr'><strong>erroris</strong></span> <span class='ocrx_word' id='word_1_169' title='bbox 1349 1781 1460 1864; x_wconf 88' lang='lat' dir='ltr'><strong>arguis,</strong></span> <span class='ocrx_word' id='word_1_170' title='bbox 1477 1779 1550 1844; x_wconf 90' lang='lat' dir='ltr'><strong>dum</strong></span> <span class='ocrx_word' id='word_1_171' title='bbox 1564 1778 1633 1842; x_wconf 79' lang='lat' dir='ltr'><strong>affu-</strong></span> 
     </span>
     <span class='ocr_line' id='line_1_18' title="bbox 300 1869 1634 1954; baseline -0.002 -20"><span class='ocrx_word' id='word_1_172' title='bbox 300 1879 374 1945; x_wconf 85' lang='lat' dir='ltr'><strong>mat,</strong></span> <span class='ocrx_word' id='word_1_173' title='bbox 389 1870 523 1934; x_wconf 86' lang='lat' dir='ltr'><strong>Athenis</strong></span> <span class='ocrx_word' id='word_1_174' title='bbox 546 1892 601 1948; x_wconf 75' lang='lat' dir='ltr'><strong>cpe¹</strong></span> <span class='ocrx_word' id='word_1_175' title='bbox 611 1892 708 1950; x_wconf 74' lang='lat' dir='ltr'><strong>sperne</strong></span> <span class='ocrx_word' id='word_1_176' title='bbox 722 1894 777 1935; x_wconf 75' lang='lat' dir='ltr'><strong>tou</strong></span> <span class='ocrx_word' id='word_1_177' title='bbox 793 1872 1022 1954; x_wconf 62' lang='grc' dir='ltr'><strong>Βοηδρομιῶνος</strong></span> <span class='ocrx_word' id='word_1_178' title='bbox 1044 1891 1163 1953; x_wconf 84' lang='lat' dir='ltr'><strong>semper</strong></span> <span class='ocrx_word' id='word_1_179' title='bbox 1178 1871 1267 1936; x_wconf 85' lang='lat' dir='ltr'><strong>eximi</strong></span> <span class='ocrx_word' id='word_1_180' title='bbox 1283 1871 1414 1935; x_wconf 86' lang='lat' dir='ltr'><strong>solitam.</strong></span> <span class='ocrx_word' id='word_1_181' title='bbox 1443 1869 1559 1933; x_wconf 83' lang='lat' dir='ltr'><strong>Potest</strong></span> <span class='ocrx_word' id='word_1_182' title='bbox 1572 1869 1634 1932; x_wconf 86' lang='lat' dir='ltr'><strong>enim</strong></span> 
     </span>
     <span class='ocr_line' id='line_1_19' title="bbox 299 1959 1004 2042; baseline -0.001 -18"><span class='ocrx_word' id='word_1_183' title='bbox 299 1961 359 2026; x_wconf 91' lang='lat' dir='ltr'><strong>hoc</strong></span> <span class='ocrx_word' id='word_1_184' title='bbox 374 1959 438 2024; x_wconf 88' lang='lat' dir='ltr'><strong>lieri</strong></span> <span class='ocrx_word' id='word_1_185' title='bbox 452 1961 485 2023; x_wconf 93' lang='lat' dir='ltr'><strong>in</strong></span> <span class='ocrx_word' id='word_1_186' title='bbox 498 1979 567 2022; x_wconf 87' lang='lat' dir='ltr'><strong>mea</strong></span> <span class='ocrx_word' id='word_1_187' title='bbox 581 1960 686 2036; x_wconf 88' lang='lat' dir='ltr'><strong>forma,</strong></span> <span class='ocrx_word' id='word_1_188' title='bbox 701 1981 762 2024; x_wconf 90' lang='lat' dir='ltr'><strong>non</strong></span> <span class='ocrx_word' id='word_1_189' title='bbox 776 1968 881 2042; x_wconf 90' lang='lat' dir='ltr'><strong>potest</strong></span> <span class='ocrx_word' id='word_1_190' title='bbox 896 1961 928 2026; x_wconf 91' lang='lat' dir='ltr'><strong>in</strong></span> <span class='ocrx_word' id='word_1_191' title='bbox 942 1969 1004 2024; x_wconf 89' lang='lat' dir='ltr'><strong>tua.</strong></span> 
     </span>
    </p>

    <p class='ocr_par' dir='ltr' id='par_1_7' title="bbox 301 2045 1634 2312">
     <span class='ocr_line' id='line_1_20' title="bbox 390 2045 1633 2132; baseline -0.003 -20"><span class='ocrx_word' id='word_1_192' title='bbox 390 2045 659 2130; x_wconf 63' lang='lat' dir='ltr'><strong>senescentes</strong></span> <span class='ocrx_word' id='word_1_193' title='bbox 683 2069 800 2132; x_wconf 92' lang='lat' dir='ltr'><strong>quoque</strong></span> <span class='ocrx_word' id='word_1_194' title='bbox 822 2050 902 2132; x_wconf 88' lang='lat' dir='ltr'><strong>apud</strong></span> <span class='ocrx_word' id='word_1_195' title='bbox 926 2070 973 2113; x_wconf 91' lang='lat' dir='ltr'><strong>me</strong></span> <span class='ocrx_word' id='word_1_196' title='bbox 997 2050 1173 2115; x_wconf 87' lang='lat' dir='ltr'><strong>honestiore</strong></span> <span class='ocrx_word' id='word_1_197' title='bbox 1200 2050 1267 2114; x_wconf 89' lang='lat' dir='ltr'><strong>loeo</strong></span> <span class='ocrx_word' id='word_1_198' title='bbox 1293 2058 1356 2125; x_wconf 89' lang='lat' dir='ltr'><strong>est,</strong></span> <span class='ocrx_word' id='word_1_199' title='bbox 1382 2050 1453 2112; x_wconf 90' lang='lat' dir='ltr'><strong>dum</strong></span> <span class='ocrx_word' id='word_1_200' title='bbox 1475 2049 1633 2132; x_wconf 77' lang='lat' dir='ltr'><strong>loquenten</strong></span> 
     </span>
     <span class='ocr_line' id='line_1_21' title="bbox 301 2137 1634 2222; baseline -0.003 -20"><span class='ocrx_word' id='word_1_201' title='bbox 301 2139 418 2220; x_wconf 90' lang='lat' dir='ltr'><strong>accipio</strong></span> <span class='ocrx_word' id='word_1_202' title='bbox 434 2158 494 2200; x_wconf 94' lang='lat' dir='ltr'><strong>non</strong></span> <span class='ocrx_word' id='word_1_203' title='bbox 510 2138 548 2201; x_wconf 92' lang='lat' dir='ltr'><strong>de</strong></span> <span class='ocrx_word' id='word_1_204' title='bbox 564 2138 637 2202; x_wconf 89' lang='lat' dir='ltr'><strong>solis</strong></span> <span class='ocrx_word' id='word_1_205' title='bbox 652 2138 887 2220; x_wconf 88' lang='lat' dir='ltr'><strong>Lampsacenis,</strong></span> <span class='ocrx_word' id='word_1_206' title='bbox 909 2141 1016 2203; x_wconf 85' lang='lat' dir='ltr'><strong>sedda</strong></span> <span class='ocrx_word' id='word_1_207' title='bbox 1039 2139 1187 2204; x_wconf 87' lang='lat' dir='ltr'><strong>universis</strong></span> <span class='ocrx_word' id='word_1_208' title='bbox 1204 2139 1333 2204; x_wconf 84' lang='lat' dir='ltr'><strong>Graecis</strong></span> <span class='ocrx_word' id='word_1_209' title='bbox 1349 2137 1491 2222; x_wconf 76' lang='lat' dir='ltr'><strong>antiquie</strong></span> <span class='ocrx_word' id='word_1_210' title='bbox 1530 2137 1634 2200; x_wconf 84' lang='lat' dir='ltr'><strong>Etenim</strong></span> 
     </span>
     <span class='ocr_line' id='line_1_22' title="bbox 301 2226 1634 2312; baseline -0.003 -20"><span class='ocrx_word' id='word_1_211' title='bbox 301 2227 386 2292; x_wconf 90' lang='lat' dir='ltr'><strong>vides</strong></span> <span class='ocrx_word' id='word_1_212' title='bbox 401 2227 476 2308; x_wconf 89' lang='lat' dir='ltr'><strong>ipse,</strong></span> <span class='ocrx_word' id='word_1_213' title='bbox 493 2227 562 2292; x_wconf 89' lang='lat' dir='ltr'><strong>dum</strong></span> <span class='ocrx_word' id='word_1_214' title='bbox 578 2229 616 2292; x_wconf 94' lang='lat' dir='ltr'><strong>de</strong></span> <span class='ocrx_word' id='word_1_215' title='bbox 632 2249 687 2292; x_wconf 86' lang='lat' dir='ltr'><strong>sex</strong></span> <span class='ocrx_word' id='word_1_216' title='bbox 703 2229 867 2292; x_wconf 84' lang='lat' dir='ltr'><strong>exemtitiis</strong></span> <span class='ocrx_word' id='word_1_217' title='bbox 884 2229 989 2292; x_wconf 89' lang='lat' dir='ltr'><strong>diebus</strong></span> <span class='ocrx_word' id='word_1_218' title='bbox 1004 2229 1138 2312; x_wconf 90' lang='lat' dir='ltr'><strong>loquitur</strong></span> <span class='ocrx_word' id='word_1_219' title='bbox 1147 2229 1343 2304; x_wconf 85' lang='lat' dir='ltr'><strong>Aristoteles,</strong></span> <span class='ocrx_word' id='word_1_220' title='bbox 1358 2236 1393 2290; x_wconf 92' lang='lat' dir='ltr'><strong>ut</strong></span> <span class='ocrx_word' id='word_1_221' title='bbox 1408 2227 1446 2292; x_wconf 93' lang='lat' dir='ltr'><strong>de</strong></span> <span class='ocrx_word' id='word_1_222' title='bbox 1462 2246 1497 2290; x_wconf 90' lang='lat' dir='ltr'><strong>re</strong></span> <span class='ocrx_word' id='word_1_223' title='bbox 1515 2226 1634 2290; x_wconf 85' lang='lat' dir='ltr'><strong>omnibus</strong></span> 
     </span>
    </p>
   </div>
   <div class='ocr_carea' id='block_1_5' title="bbox 182 2315 1635 2399">
    <p class='ocr_par' dir='ltr' id='par_1_8' title="bbox 182 2315 1635 2399">
     <span class='ocr_line' id='line_1_23' title="bbox 182 2315 1635 2399; baseline -0.003 -17"><span class='ocrx_word' id='word_1_224' title='bbox 182 2319 185 2324; x_wconf 77' lang='grc'>’</span> <span class='ocrx_word' id='word_1_225' title='bbox 300 2317 460 2382; x_wconf 88' lang='lat' dir='ltr'><strong>notissima</strong></span> <span class='ocrx_word' id='word_1_226' title='bbox 474 2317 565 2399; x_wconf 93' lang='lat' dir='ltr'><strong>loqui.</strong></span> <span class='ocrx_word' id='word_1_227' title='bbox 597 2316 677 2380; x_wconf 90' lang='lat' dir='ltr'><strong>Sunt</strong></span> <span class='ocrx_word' id='word_1_228' title='bbox 690 2318 785 2398; x_wconf 90' lang='lat' dir='ltr'><strong>igitur</strong></span> <span class='ocrx_word' id='word_1_229' title='bbox 800 2325 833 2380; x_wconf 90' lang='lat' dir='ltr'><strong>et</strong></span> <span class='ocrx_word' id='word_1_230' title='bbox 846 2319 878 2381; x_wconf 92' lang='lat' dir='ltr'><strong>in</strong></span> <span class='ocrx_word' id='word_1_231' title='bbox 893 2338 962 2382; x_wconf 90' lang='lat' dir='ltr'><strong>mea</strong></span> <span class='ocrx_word' id='word_1_232' title='bbox 981 2319 1077 2382; x_wconf 81' lang='lat' dir='ltr'><strong>forma</strong></span> <span class='ocrx_word' id='word_1_233' title='bbox 1093 2319 1158 2382; x_wconf 89' lang='lat' dir='ltr'><strong>dies</strong></span> <span class='ocrx_word' id='word_1_234' title='bbox 1174 2318 1322 2382; x_wconf 81' lang='lat' dir='ltr'><strong>exemtitii</strong></span> <span class='ocrx_word' id='word_1_235' title='bbox 1338 2319 1401 2380; x_wconf 86' lang='lat' dir='ltr'><strong>lere</strong></span> <span class='ocrx_word' id='word_1_236' title='bbox 1417 2318 1595 2399; x_wconf 73' lang='lat' dir='ltr'><strong>quotannis,</strong></span> <span class='ocrx_word' id='word_1_237' title='bbox 1611 2315 1635 2378; x_wconf 91' lang='lat' dir='ltr'><strong>in</strong></span> 
     </span>
    </p>
   </div>
   <div class='ocr_carea' id='block_1_6' title="bbox 225 2405 1670 4903">
    <p class='ocr_par' dir='ltr' id='par_1_9' title="bbox 232 2405 1636 2582">
     <span class='ocr_line' id='line_1_24' title="bbox 232 2405 1636 2490; baseline -0.005 -20"><span class='ocrx_word' id='word_1_238' title='bbox 232 2411 238 2421; x_wconf 92' lang='lat'>&#39;</span> <span class='ocrx_word' id='word_1_239' title='bbox 301 2416 355 2472; x_wconf 89' lang='lat' dir='ltr'><strong>tua</strong></span> <span class='ocrx_word' id='word_1_240' title='bbox 369 2407 499 2480; x_wconf 86' lang='lat' dir='ltr'><strong>minime.</strong></span> <span class='ocrx_word' id='word_1_241' title='bbox 544 2405 587 2469; x_wconf 85' lang='lat' dir='ltr'><strong>Dt</strong></span> <span class='ocrx_word' id='word_1_242' title='bbox 602 2427 714 2490; x_wconf 90' lang='lat' dir='ltr'><strong>quaeso</strong></span> <span class='ocrx_word' id='word_1_243' title='bbox 731 2415 772 2482; x_wconf 91' lang='lat' dir='ltr'><strong>te,</strong></span> <span class='ocrx_word' id='word_1_244' title='bbox 788 2407 838 2490; x_wconf 92' lang='lat' dir='ltr'><strong>qui</strong></span> <span class='ocrx_word' id='word_1_245' title='bbox 854 2408 918 2471; x_wconf 89' lang='lat' dir='ltr'><strong>lieri</strong></span> <span class='ocrx_word' id='word_1_246' title='bbox 933 2409 1042 2489; x_wconf 89' lang='lat' dir='ltr'><strong>potnit,</strong></span> <span class='ocrx_word' id='word_1_247' title='bbox 1058 2415 1101 2483; x_wconf 88' lang='lat' dir='ltr'><strong>ut,</strong></span> <span class='ocrx_word' id='word_1_248' title='bbox 1117 2416 1186 2471; x_wconf 88' lang='lat' dir='ltr'><strong>tota</strong></span> <span class='ocrx_word' id='word_1_249' title='bbox 1202 2407 1334 2472; x_wconf 83' lang='lat' dir='ltr'><strong>Graecia</strong></span> <span class='ocrx_word' id='word_1_250' title='bbox 1350 2407 1419 2470; x_wconf 88' lang='lat' dir='ltr'><strong>anni</strong></span> <span class='ocrx_word' id='word_1_251' title='bbox 1435 2407 1565 2470; x_wconf 80' lang='lat' dir='ltr'><strong>formam</strong></span> <span class='ocrx_word' id='word_1_252' title='bbox 1579 2426 1596 2467; x_wconf 90' lang='lat' dir='ltr'><strong>a</strong></span> <span class='ocrx_word' id='word_1_253' title='bbox 1611 2413 1636 2464; x_wconf 87' lang='lat' dir='ltr'><strong>te</strong></span> 
     </span>
     <span class='ocr_line' id='line_1_25' title="bbox 246 2495 1635 2582; baseline -0.004 -22"><span class='ocrx_word' id='word_1_254' title='bbox 246 2501 251 2512; x_wconf 60' lang='lat'><em>¹</em></span> <span class='ocrx_word' id='word_1_255' title='bbox 302 2497 488 2578; x_wconf 81' lang='lat' dir='ltr'><strong>descriptam</strong></span> <span class='ocrx_word' id='word_1_256' title='bbox 504 2505 662 2577; x_wconf 89' lang='lat' dir='ltr'><strong>sequente,</strong></span> <span class='ocrx_word' id='word_1_257' title='bbox 685 2495 741 2560; x_wconf 90' lang='lat' dir='ltr'><strong>soli</strong></span> <span class='ocrx_word' id='word_1_258' title='bbox 757 2495 959 2579; x_wconf 86' lang='lat' dir='ltr'><strong>Lampsaceni</strong></span> <span class='ocrx_word' id='word_1_259' title='bbox 982 2506 1140 2582; x_wconf 83' lang='lat' dir='ltr'><strong>saperent,</strong></span> <span class='ocrx_word' id='word_1_260' title='bbox 1165 2517 1276 2560; x_wconf 89' lang='lat' dir='ltr'><strong>annum</strong></span> <span class='ocrx_word' id='word_1_261' title='bbox 1297 2497 1451 2560; x_wconf 88' lang='lat' dir='ltr'><strong>Lunarem</strong></span> <span class='ocrx_word' id='word_1_262' title='bbox 1472 2496 1635 2558; x_wconf 86' lang='lat' dir='ltr'><strong>definientes</strong></span> 
     </span>
    </p>

    <p class='ocr_par' dir='ltr' id='par_1_10' title="bbox 270 2584 1636 3024">
     <span class='ocr_line' id='line_1_26' title="bbox 270 2584 1636 2668; baseline -0.005 -18"><span class='ocrx_word' id='word_1_263' title='bbox 270 2655 274 2664; x_wconf 49' lang='grc'>,</span> <span class='ocrx_word' id='word_1_264' title='bbox 300 2585 416 2650; x_wconf 88' lang='lat' dir='ltr'><strong>dierum</strong></span> <span class='ocrx_word' id='word_1_265' title='bbox 431 2584 512 2659; x_wconf 84' lang='lat'><strong>354,</strong></span> <span class='ocrx_word' id='word_1_266' title='bbox 533 2586 568 2648; x_wconf 88' lang='lat' dir='ltr'><strong>ut</strong></span> <span class='ocrx_word' id='word_1_267' title='bbox 588 2605 659 2648; x_wconf 90' lang='lat' dir='ltr'><strong>vere</strong></span> <span class='ocrx_word' id='word_1_268' title='bbox 682 2585 750 2648; x_wconf 87' lang='lat' dir='ltr'><strong>est?</strong></span> <span class='ocrx_word' id='word_1_269' title='bbox 785 2586 870 2649; x_wconf 87' lang='lat' dir='ltr'><strong>Malo</strong></span> <span class='ocrx_word' id='word_1_270' title='bbox 893 2606 949 2668; x_wconf 92' lang='lat' dir='ltr'><strong>ego</strong></span> <span class='ocrx_word' id='word_1_271' title='bbox 972 2587 1120 2650; x_wconf 90' lang='lat' dir='ltr'><strong>univorsis</strong></span> <span class='ocrx_word' id='word_1_272' title='bbox 1142 2587 1221 2650; x_wconf 90' lang='lat' dir='ltr'><strong>hano</strong></span> <span class='ocrx_word' id='word_1_273' title='bbox 1243 2587 1375 2652; x_wconf 80' lang='lat' dir='ltr'><strong>tribuere</strong></span> <span class='ocrx_word' id='word_1_274' title='bbox 1396 2586 1593 2668; x_wconf 85' lang='lat' dir='ltr'><strong>sapientiam,</strong></span> <span class='ocrx_word' id='word_1_275' title='bbox 1610 2589 1636 2643; x_wconf 89' lang='lat' dir='ltr'><strong>nt</strong></span> 
     </span>
     <span class='ocr_line' id='line_1_27' title="bbox 300 2674 1636 2758; baseline -0.005 -20"><span class='ocrx_word' id='word_1_276' title='bbox 300 2675 581 2749; x_wconf 87' lang='lat' dir='ltr'><strong>animadverterint,</strong></span> <span class='ocrx_word' id='word_1_277' title='bbox 597 2675 639 2740; x_wconf 88' lang='lat'><strong>99</strong></span> <span class='ocrx_word' id='word_1_278' title='bbox 656 2675 788 2756; x_wconf 89' lang='lat' dir='ltr'><strong>quadras</strong></span> <span class='ocrx_word' id='word_1_279' title='bbox 803 2674 908 2739; x_wconf 90' lang='lat' dir='ltr'><strong>Lunae</strong></span> <span class='ocrx_word' id='word_1_280' title='bbox 924 2676 1048 2758; x_wconf 91' lang='lat' dir='ltr'><strong>implere</strong></span> <span class='ocrx_word' id='word_1_281' title='bbox 1071 2675 1224 2740; x_wconf 89' lang='lat' dir='ltr'><strong>biennium</strong></span> <span class='ocrx_word' id='word_1_282' title='bbox 1239 2675 1356 2751; x_wconf 88' lang='lat' dir='ltr'><strong>Solare,</strong></span> <span class='ocrx_word' id='word_1_283' title='bbox 1378 2675 1567 2756; x_wconf 82' lang='lat' dir='ltr'><strong>singularem</strong></span> <span class='ocrx_word' id='word_1_284' title='bbox 1580 2689 1636 2734; x_wconf 88' lang='lat' dir='ltr'><strong>voro</strong></span> 
     </span>
     <span class='ocr_line' id='line_1_28' title="bbox 299 2759 1636 2838; baseline -0.002 -8"><span class='ocrx_word' id='word_1_285' title='bbox 299 2784 412 2830; x_wconf 88' lang='lat' dir='ltr'><strong>aunum</strong></span> <span class='ocrx_word' id='word_1_286' title='bbox 426 2765 579 2826; x_wconf 88' lang='lat' dir='ltr'><strong>Lunarem</strong></span> <span class='ocrx_word' id='word_1_287' title='bbox 602 2783 640 2826; x_wconf 86' lang='lat' dir='ltr'><strong>ex</strong></span> <span class='ocrx_word' id='word_1_288' title='bbox 663 2765 704 2826; x_wconf 86' lang='lat'><strong>12</strong></span> <span class='ocrx_word' id='word_1_289' title='bbox 720 2765 870 2828; x_wconf 88' lang='lat' dir='ltr'><strong>absolutis</strong></span> <span class='ocrx_word' id='word_1_290' title='bbox 891 2766 1044 2830; x_wconf 89' lang='lat' dir='ltr'><strong>mensibus</strong></span> <span class='ocrx_word' id='word_1_291' title='bbox 1067 2773 1260 2830; x_wconf 86' lang='lat' dir='ltr'><strong>constantem</strong></span> <span class='ocrx_word' id='word_1_292' title='bbox 1282 2785 1349 2830; x_wconf 88' lang='lat' dir='ltr'><strong>esse</strong></span> <span class='ocrx_word' id='word_1_293' title='bbox 1373 2765 1489 2830; x_wconf 88' lang='lat' dir='ltr'><strong>dierum</strong></span> <span class='ocrx_word' id='word_1_294' title='bbox 1513 2759 1636 2838; x_wconf 66' lang='lat' dir='ltr'><strong>esaar</strong></span> 
     </span>
     <span class='ocr_line' id='line_1_29' title="bbox 300 2851 1636 2938; baseline -0.001 -22"><span class='ocrx_word' id='word_1_295' title='bbox 300 2853 385 2933; x_wconf 73' lang='lat' dir='ltr'><strong>cnjus</strong></span> <span class='ocrx_word' id='word_1_296' title='bbox 405 2853 521 2915; x_wconf 90' lang='lat' dir='ltr'><strong>numeri</strong></span> <span class='ocrx_word' id='word_1_297' title='bbox 536 2852 880 2938; x_wconf 91' lang='lat' dir='ltr'><strong>modulumordinavere</strong></span> <span class='ocrx_word' id='word_1_298' title='bbox 895 2864 1002 2938; x_wconf 87' lang='lat' dir='ltr'><strong>typum</strong></span> <span class='ocrx_word' id='word_1_299' title='bbox 1018 2855 1227 2938; x_wconf 87' lang='lat' dir='ltr'><strong>ephemeridis,</strong></span> <span class='ocrx_word' id='word_1_300' title='bbox 1241 2855 1465 2920; x_wconf 90' lang='lat' dir='ltr'><strong>observandum</strong></span> <span class='ocrx_word' id='word_1_301' title='bbox 1476 2855 1573 2918; x_wconf 88' lang='lat' dir='ltr'><strong>etiarn</strong></span> <span class='ocrx_word' id='word_1_302' title='bbox 1586 2851 1636 2914; x_wconf 87' lang='lat' dir='ltr'><strong>dis·</strong></span> 
     </span>
     <span class='ocr_line' id='line_1_30' title="bbox 300 2935 750 3024; baseline -0.004 -18"><span class='ocrx_word' id='word_1_303' title='bbox 300 2942 453 3006; x_wconf 87' lang='lat' dir='ltr'><strong>sentiente</strong></span> <span class='ocrx_word' id='word_1_304' title='bbox 469 2940 557 3004; x_wconf 91' lang='lat' dir='ltr'><strong>Luna</strong></span> <span class='ocrx_word' id='word_1_305' title='bbox 573 2941 699 3005; x_wconf 90' lang='lat' dir='ltr'><strong>alternis</strong></span> <span class='ocrx_word' id='word_1_306' title='bbox 713 2935 750 3024; x_wconf 81' lang='lat'><strong>⁸).</strong></span> 
     </span>
    </p>

    <p class='ocr_par' dir='ltr' id='par_1_11' title="bbox 225 3022 1638 3296">
     <span class='ocr_line' id='line_1_31' title="bbox 390 3022 1638 3117; baseline 0 -23"><span class='ocrx_word' id='word_1_307' title='bbox 390 3022 448 3112; x_wconf 81' lang='lat'><strong>25)</strong></span> <span class='ocrx_word' id='word_1_308' title='bbox 472 3029 552 3094; x_wconf 89' lang='lat' dir='ltr'><strong>Dedi</strong></span> <span class='ocrx_word' id='word_1_309' title='bbox 568 3050 614 3092; x_wconf 93' lang='lat' dir='ltr'><strong>me</strong></span> <span class='ocrx_word' id='word_1_310' title='bbox 629 3031 721 3094; x_wconf 91' lang='lat' dir='ltr'><strong>hodie</strong></span> <span class='ocrx_word' id='word_1_311' title='bbox 737 3031 934 3114; x_wconf 88' lang='lat' dir='ltr'><strong>conjecturis,</strong></span> <span class='ocrx_word' id='word_1_312' title='bbox 957 3053 1027 3097; x_wconf 90' lang='lat' dir='ltr'><strong>ecce</strong></span> <span class='ocrx_word' id='word_1_313' title='bbox 1043 3053 1133 3116; x_wconf 86' lang='lat' dir='ltr'><strong>qnam</strong></span> <span class='ocrx_word' id='word_1_314' title='bbox 1156 3033 1212 3096; x_wconf 92' lang='lat' dir='ltr'><strong>sim</strong></span> <span class='ocrx_word' id='word_1_315' title='bbox 1227 3033 1334 3117; x_wconf 91' lang='lat' dir='ltr'><strong>plenus</strong></span> <span class='ocrx_word' id='word_1_316' title='bbox 1346 3031 1466 3098; x_wconf 81' lang='lat' dir='ltr'><strong>harum</strong></span> <span class='ocrx_word' id='word_1_317' title='bbox 1509 3031 1588 3104; x_wconf 83' lang='lat' dir='ltr'><strong>Quid</strong></span> <span class='ocrx_word' id='word_1_318' title='bbox 1601 3037 1638 3092; x_wconf 87' lang='lat' dir='ltr'><strong>est</strong></span> 
     </span>
     <span class='ocr_line' id='line_1_32' title="bbox 300 3117 1638 3205; baseline -0.001 -21"><span class='ocrx_word' id='word_1_319' title='bbox 300 3117 384 3194; x_wconf 85' lang='lat' dir='ltr'><strong>illud,</strong></span> <span class='ocrx_word' id='word_1_320' title='bbox 403 3139 545 3194; x_wconf 87' lang='lat' dir='ltr'><strong>„numero</strong></span> <span class='ocrx_word' id='word_1_321' title='bbox 561 3120 645 3182; x_wconf 90' lang='lat' dir='ltr'><strong>Deus</strong></span> <span class='ocrx_word' id='word_1_322' title='bbox 661 3121 776 3202; x_wconf 91' lang='lat' dir='ltr'><strong>impare</strong></span> <span class='ocrx_word' id='word_1_323' title='bbox 791 3122 946 3203; x_wconf 86' lang='lat' dir='ltr'><strong>gaudet“?</strong></span> <span class='ocrx_word' id='word_1_324' title='bbox 978 3142 1084 3205; x_wconf 90' lang='lat' dir='ltr'><strong>nempe</strong></span> <span class='ocrx_word' id='word_1_325' title='bbox 1101 3124 1189 3187; x_wconf 76' lang='lat' dir='ltr'><strong>fluxit</strong></span> <span class='ocrx_word' id='word_1_326' title='bbox 1204 3143 1243 3186; x_wconf 86' lang='lat' dir='ltr'><strong>ex</strong></span> <span class='ocrx_word' id='word_1_327' title='bbox 1258 3123 1403 3204; x_wconf 81' lang='lat' dir='ltr'><strong>religione</strong></span> <span class='ocrx_word' id='word_1_328' title='bbox 1420 3121 1555 3198; x_wconf 84' lang='lat' dir='ltr'><strong>Graeca,</strong></span> <span class='ocrx_word' id='word_1_329' title='bbox 1570 3121 1638 3202; x_wconf 85' lang='lat' dir='ltr'><strong>cnjus</strong></span> 
     </span>
     <span class='ocr_line' id='line_1_33' title="bbox 225 3209 1637 3296; baseline 0.004 -29"><span class='ocrx_word' id='word_1_330' title='bbox 225 3259 226 3267; x_wconf 72' lang='grc'>,</span> <span class='ocrx_word' id='word_1_331' title='bbox 300 3209 425 3272; x_wconf 86' lang='lat' dir='ltr'><strong>nucleus</strong></span> <span class='ocrx_word' id='word_1_332' title='bbox 440 3209 594 3290; x_wconf 88' lang='lat' dir='ltr'><strong>mysteria</strong></span> <span class='ocrx_word' id='word_1_333' title='bbox 625 3211 782 3292; x_wconf 89' lang='lat' dir='ltr'><strong>Mysteriis</strong></span> <span class='ocrx_word' id='word_1_334' title='bbox 797 3231 868 3274; x_wconf 91' lang='lat' dir='ltr'><strong>vero</strong></span> <span class='ocrx_word' id='word_1_335' title='bbox 885 3211 1054 3276; x_wconf 88' lang='lat' dir='ltr'><strong>minoribus</strong></span> <span class='ocrx_word' id='word_1_336' title='bbox 1071 3220 1162 3296; x_wconf 92' lang='lat' dir='ltr'><strong>typus</strong></span> <span class='ocrx_word' id='word_1_337' title='bbox 1185 3211 1385 3296; x_wconf 89' lang='lat' dir='ltr'><strong>ephemeridis</strong></span> <span class='ocrx_word' id='word_1_338' title='bbox 1407 3231 1475 3276; x_wconf 92' lang='lat' dir='ltr'><strong>cum</strong></span> <span class='ocrx_word' id='word_1_339' title='bbox 1489 3212 1580 3276; x_wconf 91' lang='lat' dir='ltr'><strong>Luna</strong></span> <span class='ocrx_word' id='word_1_340' title='bbox 1598 3229 1637 3273; x_wconf 87' lang='lat' dir='ltr'><strong>re·</strong></span> 
     </span>
    </p>

    <p class='ocr_par' dir='ltr' id='par_1_12' title="bbox 287 3297 1670 4903">
     <span class='ocr_line' id='line_1_34' title="bbox 301 3297 1638 3386; baseline 0.006 -24"><span class='ocrx_word' id='word_1_341' title='bbox 301 3297 387 3362; x_wconf 90' lang='lat' dir='ltr'><strong>dibat</strong></span> <span class='ocrx_word' id='word_1_342' title='bbox 402 3299 433 3361; x_wconf 94' lang='lat' dir='ltr'><strong>in</strong></span> <span class='ocrx_word' id='word_1_343' title='bbox 447 3297 588 3379; x_wconf 87' lang='lat' dir='ltr'><strong>gratiam.</strong></span> <span class='ocrx_word' id='word_1_344' title='bbox 612 3301 720 3381; x_wconf 86' lang='lat' dir='ltr'><strong>Itaque</strong></span> <span class='ocrx_word' id='word_1_345' title='bbox 731 3321 809 3362; x_wconf 91' lang='lat' dir='ltr'><strong>anno</strong></span> <span class='ocrx_word' id='word_1_346' title='bbox 819 3301 915 3382; x_wconf 88' lang='lat' dir='ltr'><strong>pn&#39;mo</strong></span> <span class='ocrx_word' id='word_1_347' title='bbox 932 3309 964 3363; x_wconf 92' lang='lat' dir='ltr'><strong>et</strong></span> <span class='ocrx_word' id='word_1_348' title='bbox 979 3304 1071 3366; x_wconf 91' lang='lat' dir='ltr'><strong>tertio</strong></span> <span class='ocrx_word' id='word_1_349' title='bbox 1088 3311 1121 3365; x_wconf 95' lang='lat' dir='ltr'><strong>et</strong></span> <span class='ocrx_word' id='word_1_350' title='bbox 1135 3303 1240 3386; x_wconf 91' lang='lat' dir='ltr'><strong>quinto</strong></span> <span class='ocrx_word' id='word_1_351' title='bbox 1250 3311 1308 3366; x_wconf 91' lang='lat' dir='ltr'><strong>eto.</strong></span> <span class='ocrx_word' id='word_1_352' title='bbox 1324 3303 1481 3366; x_wconf 89' lang='lat' dir='ltr'><strong>celebrata</strong></span> <span class='ocrx_word' id='word_1_353' title='bbox 1497 3300 1638 3384; x_wconf 74' lang='lat' dir='ltr'><strong>mysteria</strong></span> 
     </span>
     <span class='ocr_line' id='line_1_35' title="bbox 299 3387 1638 3482; baseline 0.002 -33"><span class='ocrx_word' id='word_1_354' title='bbox 299 3393 374 3468; x_wconf 90' lang='lat' dir='ltr'><strong>puto</strong></span> <span class='ocrx_word' id='word_1_355' title='bbox 391 3387 547 3482; x_wconf 75' lang='lat' dir='ltr'><strong>sacrificiis</strong></span> <span class='ocrx_word' id='word_1_356' title='bbox 569 3396 602 3451; x_wconf 93' lang='lat' dir='ltr'><strong>et</strong></span> <span class='ocrx_word' id='word_1_357' title='bbox 617 3388 849 3452; x_wconf 88' lang='lat' dir='ltr'><strong>lustrationibus</strong></span> <span class='ocrx_word' id='word_1_358' title='bbox 866 3399 898 3453; x_wconf 92' lang='lat' dir='ltr'><strong>et</strong></span> <span class='ocrx_word' id='word_1_359' title='bbox 914 3399 1018 3456; x_wconf 88' lang='lat' dir='ltr'><strong>cetera</strong></span> <span class='ocrx_word' id='word_1_360' title='bbox 1038 3395 1181 3482; x_wconf 69' lang='grc' dir='ltr'><strong>θρηςκειᾳ</strong></span> <span class='ocrx_word' id='word_1_361' title='bbox 1197 3393 1413 3457; x_wconf 80' lang='lat' dir='ltr'><strong>satisfecerunt</strong></span> <span class='ocrx_word' id='word_1_362' title='bbox 1426 3391 1552 3468; x_wconf 89' lang='lat' dir='ltr'><strong>Lunae,</strong></span> <span class='ocrx_word' id='word_1_363' title='bbox 1573 3387 1638 3470; x_wconf 88' lang='lat' dir='ltr'><strong>quod</strong></span> 
     </span>
     <span class='ocr_line' id='line_1_36' title="bbox 299 3475 1637 3565; baseline 0.008 -27"><span class='ocrx_word' id='word_1_364' title='bbox 299 3495 354 3558; x_wconf 89' lang='lat' dir='ltr'><strong>per</strong></span> <span class='ocrx_word' id='word_1_365' title='bbox 369 3484 467 3540; x_wconf 86' lang='lat' dir='ltr'><strong>toturn</strong></span> <span class='ocrx_word' id='word_1_366' title='bbox 484 3497 594 3540; x_wconf 91' lang='lat' dir='ltr'><strong>annum</strong></span> <span class='ocrx_word' id='word_1_367' title='bbox 609 3477 844 3560; x_wconf 91' lang='lat' dir='ltr'><strong>praecedentem</strong></span> <span class='ocrx_word' id='word_1_368' title='bbox 861 3475 927 3561; x_wconf 88' lang='lat' dir='ltr'><strong>(qni</strong></span> <span class='ocrx_word' id='word_1_369' title='bbox 944 3488 1013 3544; x_wconf 91' lang='lat' dir='ltr'><strong>erat</strong></span> <span class='ocrx_word' id='word_1_370' title='bbox 1028 3501 1150 3546; x_wconf 93' lang='lat' dir='ltr'><strong>numero</strong></span> <span class='ocrx_word' id='word_1_371' title='bbox 1160 3479 1243 3565; x_wconf 89' lang='lat' dir='ltr'><strong>pari)</strong></span> <span class='ocrx_word' id='word_1_372' title='bbox 1261 3483 1299 3544; x_wconf 89' lang='lat' dir='ltr'><strong>de</strong></span> <span class='ocrx_word' id='word_1_373' title='bbox 1314 3481 1383 3563; x_wconf 89' lang='lat' dir='ltr'><strong>ipsa</strong></span> <span class='ocrx_word' id='word_1_374' title='bbox 1399 3489 1509 3546; x_wconf 88' lang='lat' dir='ltr'><strong>essent</strong></span> <span class='ocrx_word' id='word_1_375' title='bbox 1523 3476 1637 3548; x_wconf 79' lang='lat' dir='ltr'><strong>mosot</strong></span> 
     </span>
     <span class='ocr_line' id='line_1_37' title="bbox 300 3565 1636 3652; baseline 0.002 -26"><span class='ocrx_word' id='word_1_376' title='bbox 300 3565 438 3629; x_wconf 89' lang='lat' dir='ltr'><strong>dicentes</strong></span> <span class='ocrx_word' id='word_1_377' title='bbox 454 3567 653 3643; x_wconf 85' lang='lat' dir='ltr'><strong>novilunium,</strong></span> <span class='ocrx_word' id='word_1_378' title='bbox 676 3588 743 3630; x_wconf 91' lang='lat' dir='ltr'><strong>cum</strong></span> <span class='ocrx_word' id='word_1_379' title='bbox 759 3577 864 3632; x_wconf 91' lang='lat' dir='ltr'><strong>essent</strong></span> <span class='ocrx_word' id='word_1_380' title='bbox 880 3570 996 3650; x_wconf 86' lang='lat' dir='ltr'><strong>quadra</strong></span> <span class='ocrx_word' id='word_1_381' title='bbox 1010 3571 1042 3634; x_wconf 90' lang='lat' dir='ltr'><strong>in</strong></span> <span class='ocrx_word' id='word_1_382' title='bbox 1058 3573 1152 3635; x_wconf 92' lang='lat' dir='ltr'><strong>coelo.</strong></span> <span class='ocrx_word' id='word_1_383' title='bbox 1189 3571 1253 3635; x_wconf 90' lang='lat' dir='ltr'><strong>Sed</strong></span> <span class='ocrx_word' id='word_1_384' title='bbox 1269 3571 1352 3634; x_wconf 93' lang='lat' dir='ltr'><strong>cauti</strong></span> <span class='ocrx_word' id='word_1_385' title='bbox 1367 3571 1529 3652; x_wconf 91' lang='lat' dir='ltr'><strong>religionis</strong></span> <span class='ocrx_word' id='word_1_386' title='bbox 1543 3572 1636 3632; x_wconf 91' lang='lat' dir='ltr'><strong>inven-</strong></span> 
     </span>
     <span class='ocr_line' id='line_1_38' title="bbox 299 3655 1670 3735; baseline 0 -17"><span class='ocrx_word' id='word_1_387' title='bbox 299 3662 383 3720; x_wconf 87' lang='lat' dir='ltr'><strong>tores</strong></span> <span class='ocrx_word' id='word_1_388' title='bbox 399 3655 519 3720; x_wconf 91' lang='lat' dir='ltr'><strong>silentio</strong></span> <span class='ocrx_word' id='word_1_389' title='bbox 535 3676 599 3720; x_wconf 91' lang='lat' dir='ltr'><strong>rem</strong></span> <span class='ocrx_word' id='word_1_390' title='bbox 615 3666 797 3721; x_wconf 88' lang='lat' dir='ltr'><strong>censuemnt</strong></span> <span class='ocrx_word' id='word_1_391' title='bbox 811 3659 1024 3735; x_wconf 80' lang='lat' dir='ltr'><strong>involvendam</strong></span> <span class='ocrx_word' id='word_1_392' title='bbox 1040 3669 1072 3723; x_wconf 89' lang='lat' dir='ltr'><strong>et</strong></span> <span class='ocrx_word' id='word_1_393' title='bbox 1086 3661 1142 3724; x_wconf 90' lang='lat' dir='ltr'><strong>snb</strong></span> <span class='ocrx_word' id='word_1_394' title='bbox 1152 3669 1344 3724; x_wconf 89' lang='lat' dir='ltr'><strong>sacramento</strong></span> <span class='ocrx_word' id='word_1_395' title='bbox 1355 3659 1637 3728; x_wconf 76' lang='lat' dir='ltr'><strong>communicandam</strong></span> <span class='ocrx_word' id='word_1_396' title='bbox 1669 3711 1670 3714; x_wconf 69' lang='grc'>,</span> 
     </span>
     <span class='ocr_line' id='line_1_39' title="bbox 287 3743 1637 3833; baseline 0.005 -28"><span class='ocrx_word' id='word_1_397' title='bbox 287 3743 348 3826; x_wconf 85' lang='lat' dir='ltr'><strong>vel</strong></span> <span class='ocrx_word' id='word_1_398' title='bbox 369 3751 405 3806; x_wconf 89' lang='lat' dir='ltr'><strong>ut</strong></span> <span class='ocrx_word' id='word_1_399' title='bbox 426 3746 537 3827; x_wconf 90' lang='lat' dir='ltr'><strong>populo</strong></span> <span class='ocrx_word' id='word_1_400' title='bbox 559 3746 736 3826; x_wconf 86' lang='lat' dir='ltr'><strong>religionem</strong></span> <span class='ocrx_word' id='word_1_401' title='bbox 758 3749 978 3828; x_wconf 88' lang='lat' dir='ltr'><strong>persuaderent</strong></span> <span class='ocrx_word' id='word_1_402' title='bbox 999 3751 1105 3813; x_wconf 92' lang='lat' dir='ltr'><strong>utilem</strong></span> <span class='ocrx_word' id='word_1_403' title='bbox 1126 3751 1267 3833; x_wconf 89' lang='lat' dir='ltr'><strong>imperio,</strong></span> <span class='ocrx_word' id='word_1_404' title='bbox 1297 3769 1386 3832; x_wconf 86' lang='lat' dir='ltr'><strong>quam</strong></span> <span class='ocrx_word' id='word_1_405' title='bbox 1408 3749 1469 3832; x_wconf 90' lang='lat' dir='ltr'><strong>ipsi</strong></span> <span class='ocrx_word' id='word_1_406' title='bbox 1492 3764 1637 3814; x_wconf 83' lang='lat' dir='ltr'><strong>causarum</strong></span> 
     </span>
     <span class='ocr_line' id='line_1_40' title="bbox 297 3832 1638 3922; baseline 0.002 -26"><span class='ocrx_word' id='word_1_407' title='bbox 297 3832 388 3914; x_wconf 92' lang='lat' dir='ltr'><strong>periti</strong></span> <span class='ocrx_word' id='word_1_408' title='bbox 403 3833 633 3916; x_wconf 84' lang='lat' dir='ltr'><strong>vilipenderent,</strong></span> <span class='ocrx_word' id='word_1_409' title='bbox 648 3837 698 3900; x_wconf 91' lang='lat' dir='ltr'><strong>vel</strong></span> <span class='ocrx_word' id='word_1_410' title='bbox 713 3837 806 3899; x_wconf 88' lang='lat' dir='ltr'><strong>etiam</strong></span> <span class='ocrx_word' id='word_1_411' title='bbox 823 3839 976 3902; x_wconf 90' lang='lat' dir='ltr'><strong>contraria</strong></span> <span class='ocrx_word' id='word_1_412' title='bbox 990 3839 1118 3916; x_wconf 91' lang='lat' dir='ltr'><strong>ratione,</strong></span> <span class='ocrx_word' id='word_1_413' title='bbox 1139 3861 1216 3922; x_wconf 87' lang='lat' dir='ltr'><strong>qnae</strong></span> <span class='ocrx_word' id='word_1_414' title='bbox 1231 3840 1321 3922; x_wconf 88' lang='lat' dir='ltr'><strong>paulo</strong></span> <span class='ocrx_word' id='word_1_415' title='bbox 1337 3839 1475 3921; x_wconf 88' lang='lat' dir='ltr'><strong>longiore</strong></span> <span class='ocrx_word' id='word_1_416' title='bbox 1491 3840 1638 3904; x_wconf 84' lang='lat' dir='ltr'><strong>verborum</strong></span> 
     </span>
     <span class='ocr_line' id='line_1_41' title="bbox 298 3921 1638 4010; baseline 0.007 -24"><span class='ocrx_word' id='word_1_417' title='bbox 298 3921 413 3987; x_wconf 80' lang='lat' dir='ltr'><strong>ambitu</strong></span> <span class='ocrx_word' id='word_1_418' title='bbox 428 3921 558 4004; x_wconf 90' lang='lat' dir='ltr'><strong>indiget:</strong></span> <span class='ocrx_word' id='word_1_419' title='bbox 583 3945 689 4006; x_wconf 90' lang='lat' dir='ltr'><strong>nempe</strong></span> <span class='ocrx_word' id='word_1_420' title='bbox 704 3933 740 3989; x_wconf 92' lang='lat' dir='ltr'><strong>ut</strong></span> <span class='ocrx_word' id='word_1_421' title='bbox 754 3925 797 3989; x_wconf 93' lang='lat' dir='ltr'><strong>illi</strong></span> <span class='ocrx_word' id='word_1_422' title='bbox 815 3927 943 4006; x_wconf 92' lang='lat' dir='ltr'><strong>quidem,</strong></span> <span class='ocrx_word' id='word_1_423' title='bbox 959 3929 1008 4010; x_wconf 93' lang='lat' dir='ltr'><strong>qui</strong></span> <span class='ocrx_word' id='word_1_424' title='bbox 1024 3929 1179 4010; x_wconf 89' lang='lat' dir='ltr'><strong>religionis</strong></span> <span class='ocrx_word' id='word_1_425' title='bbox 1195 3937 1228 3991; x_wconf 92' lang='lat' dir='ltr'><strong>et</strong></span> <span class='ocrx_word' id='word_1_426' title='bbox 1242 3930 1353 3992; x_wconf 89' lang='lat' dir='ltr'><strong>rituum</strong></span> <span class='ocrx_word' id='word_1_427' title='bbox 1368 3929 1638 4004; x_wconf 74' lang='lat' dir='ltr'><strong>marmanuctores</strong></span> 
     </span>
     <span class='ocr_line' id='line_1_42' title="bbox 298 4009 1638 4102; baseline 0.007 -31"><span class='ocrx_word' id='word_1_428' title='bbox 298 4029 335 4072; x_wconf 87' lang='lat' dir='ltr'><strong>ea</strong></span> <span class='ocrx_word' id='word_1_429' title='bbox 350 4009 560 4093; x_wconf 90' lang='lat' dir='ltr'><strong>philosophiae</strong></span> <span class='ocrx_word' id='word_1_430' title='bbox 576 4013 673 4076; x_wconf 88' lang='lat' dir='ltr'><strong>forma</strong></span> <span class='ocrx_word' id='word_1_431' title='bbox 682 4015 795 4078; x_wconf 79' lang='lat' dir='ltr'><strong>fuerint</strong></span> <span class='ocrx_word' id='word_1_432' title='bbox 803 4015 919 4091; x_wconf 88' lang='lat' dir='ltr'><strong>imbuti,</strong></span> <span class='ocrx_word' id='word_1_433' title='bbox 935 4036 1025 4100; x_wconf 91' lang='lat' dir='ltr'><strong>quam</strong></span> <span class='ocrx_word' id='word_1_434' title='bbox 1034 4017 1163 4082; x_wconf 88' lang='lat' dir='ltr'><strong>tradidit</strong></span> <span class='ocrx_word' id='word_1_435' title='bbox 1170 4016 1358 4082; x_wconf 90' lang='lat' dir='ltr'><strong>Aristoteles</strong></span> <span class='ocrx_word' id='word_1_436' title='bbox 1366 4019 1638 4102; x_wconf 85' lang='lat' dir='ltr'><strong>Metaphysicorum</strong></span> 
     </span>
     <span class='ocr_line' id='line_1_43' title="bbox 296 4097 1638 4190; baseline -0.001 -25"><span class='ocrx_word' id='word_1_437' title='bbox 296 4097 368 4173; x_wconf 89' lang='grc' dir='ltr'><strong>ΧΠ,</strong></span> <span class='ocrx_word' id='word_1_438' title='bbox 384 4107 417 4162; x_wconf 93' lang='lat' dir='ltr'><strong>et</strong></span> <span class='ocrx_word' id='word_1_439' title='bbox 430 4104 639 4181; x_wconf 87' lang='lat' dir='ltr'><strong>persuaserint</strong></span> <span class='ocrx_word' id='word_1_440' title='bbox 654 4103 726 4180; x_wconf 92' lang='lat' dir='ltr'><strong>sibi,</strong></span> <span class='ocrx_word' id='word_1_441' title='bbox 748 4125 809 4170; x_wconf 93' lang='lat' dir='ltr'><strong>non</strong></span> <span class='ocrx_word' id='word_1_442' title='bbox 824 4104 902 4168; x_wconf 91' lang='lat' dir='ltr'><strong>alios</strong></span> <span class='ocrx_word' id='word_1_443' title='bbox 918 4126 986 4169; x_wconf 86' lang='lat' dir='ltr'><strong>esse</strong></span> <span class='ocrx_word' id='word_1_444' title='bbox 1002 4108 1102 4186; x_wconf 91' lang='lat' dir='ltr'><strong>Deos,</strong></span> <span class='ocrx_word' id='word_1_445' title='bbox 1125 4127 1215 4190; x_wconf 89' lang='lat' dir='ltr'><strong>quam</strong></span> <span class='ocrx_word' id='word_1_446' title='bbox 1235 4127 1311 4189; x_wconf 88' lang='lat' dir='ltr'><strong>qnae</strong></span> <span class='ocrx_word' id='word_1_447' title='bbox 1333 4116 1452 4180; x_wconf 87' lang='lat' dir='ltr'><strong>mentes</strong></span> <span class='ocrx_word' id='word_1_448' title='bbox 1473 4105 1638 4190; x_wconf 86' lang='lat' dir='ltr'><strong>praesident</strong></span> 
     </span>
     <span class='ocr_line' id='line_1_44' title="bbox 298 4190 1638 4280; baseline 0.01 -31"><span class='ocrx_word' id='word_1_449' title='bbox 298 4195 449 4251; x_wconf 87' lang='lat' dir='ltr'><strong>astrorum</strong></span> <span class='ocrx_word' id='word_1_450' title='bbox 473 4190 572 4270; x_wconf 90' lang='lat' dir='ltr'><strong>globis</strong></span> <span class='ocrx_word' id='word_1_451' title='bbox 594 4193 744 4275; x_wconf 90' lang='lat' dir='ltr'><strong>perpetim</strong></span> <span class='ocrx_word' id='word_1_452' title='bbox 774 4194 945 4275; x_wconf 85' lang='lat' dir='ltr'><strong>agitandis,</strong></span> <span class='ocrx_word' id='word_1_453' title='bbox 976 4205 1199 4280; x_wconf 89' lang='lat' dir='ltr'><strong>proptereaque</strong></span> <span class='ocrx_word' id='word_1_454' title='bbox 1229 4205 1262 4261; x_wconf 88' lang='lat' dir='ltr'><strong>et</strong></span> <span class='ocrx_word' id='word_1_455' title='bbox 1285 4205 1427 4262; x_wconf 87' lang='lat' dir='ltr'><strong>naturam</strong></span> <span class='ocrx_word' id='word_1_456' title='bbox 1450 4197 1586 4262; x_wconf 89' lang='lat' dir='ltr'><strong>Deorum</strong></span> <span class='ocrx_word' id='word_1_457' title='bbox 1612 4201 1638 4254; x_wconf 76' lang='lat' dir='ltr'><strong>tl</strong></span> 
     </span>
     <span class='ocr_line' id='line_1_45' title="bbox 297 4277 1638 4371; baseline 0.007 -32"><span class='ocrx_word' id='word_1_458' title='bbox 297 4277 396 4341; x_wconf 90' lang='lat' dir='ltr'><strong>cultus</strong></span> <span class='ocrx_word' id='word_1_459' title='bbox 411 4279 495 4359; x_wconf 89' lang='lat' dir='ltr'><strong>leges</strong></span> <span class='ocrx_word' id='word_1_460' title='bbox 510 4279 766 4362; x_wconf 87' lang='lat' dir='ltr'><strong>investigaverint</strong></span> <span class='ocrx_word' id='word_1_461' title='bbox 781 4304 819 4348; x_wconf 86' lang='lat' dir='ltr'><strong>ex</strong></span> <span class='ocrx_word' id='word_1_462' title='bbox 834 4286 902 4366; x_wconf 92' lang='lat' dir='ltr'><strong>lege</strong></span> <span class='ocrx_word' id='word_1_463' title='bbox 918 4291 1066 4350; x_wconf 90' lang='lat' dir='ltr'><strong>motuum:</strong></span> <span class='ocrx_word' id='word_1_464' title='bbox 1082 4295 1118 4350; x_wconf 92' lang='lat' dir='ltr'><strong>nt</strong></span> <span class='ocrx_word' id='word_1_465' title='bbox 1133 4288 1204 4371; x_wconf 90' lang='lat' dir='ltr'><strong>quia</strong></span> <span class='ocrx_word' id='word_1_466' title='bbox 1213 4285 1269 4351; x_wconf 86' lang='lat' dir='ltr'><strong>Sol</strong></span> <span class='ocrx_word' id='word_1_467' title='bbox 1283 4286 1395 4350; x_wconf 88' lang='lat' dir='ltr'><strong>rationi</strong></span> <span class='ocrx_word' id='word_1_468' title='bbox 1411 4297 1550 4368; x_wconf 88' lang='lat' dir='ltr'><strong>praeest,</strong></span> <span class='ocrx_word' id='word_1_469' title='bbox 1562 4284 1638 4350; x_wconf 80' lang='lat' dir='ltr'><strong>Luna</strong></span> 
     </span>
     <span class='ocr_line' id='line_1_46' title="bbox 297 4365 1637 4456; baseline 0.007 -29"><span class='ocrx_word' id='word_1_470' title='bbox 297 4365 445 4441; x_wconf 86' lang='lat' dir='ltr'><strong>sensibus,</strong></span> <span class='ocrx_word' id='word_1_471' title='bbox 461 4376 494 4429; x_wconf 91' lang='lat' dir='ltr'><strong>et</strong></span> <span class='ocrx_word' id='word_1_472' title='bbox 509 4370 651 4450; x_wconf 87' lang='lat' dir='ltr'><strong>analogia</strong></span> <span class='ocrx_word' id='word_1_473' title='bbox 665 4373 889 4453; x_wconf 88' lang='lat' dir='ltr'><strong>respondebat,</strong></span> <span class='ocrx_word' id='word_1_474' title='bbox 912 4377 991 4456; x_wconf 92' lang='lat' dir='ltr'><strong>quod</strong></span> <span class='ocrx_word' id='word_1_475' title='bbox 1008 4376 1088 4440; x_wconf 87' lang='lat' dir='ltr'><strong>sient</strong></span> <span class='ocrx_word' id='word_1_476' title='bbox 1103 4375 1186 4440; x_wconf 88' lang='lat' dir='ltr'><strong>Solis</strong></span> <span class='ocrx_word' id='word_1_477' title='bbox 1208 4377 1268 4440; x_wconf 90' lang='lat' dir='ltr'><strong>iter</strong></span> <span class='ocrx_word' id='word_1_478' title='bbox 1290 4385 1437 4440; x_wconf 88' lang='lat' dir='ltr'><strong>constans</strong></span> <span class='ocrx_word' id='word_1_479' title='bbox 1455 4387 1507 4440; x_wconf 91' lang='lat' dir='ltr'><strong>est</strong></span> <span class='ocrx_word' id='word_1_480' title='bbox 1522 4385 1555 4440; x_wconf 90' lang='lat' dir='ltr'><strong>et</strong></span> <span class='ocrx_word' id='word_1_481' title='bbox 1568 4384 1637 4438; x_wconf 87' lang='lat' dir='ltr'><strong>tem-</strong></span> 
     </span>
     <span class='ocr_line' id='line_1_47' title="bbox 294 4458 1637 4558; baseline 0.008 -42"><span class='ocrx_word' id='word_1_482' title='bbox 294 4458 529 4558; x_wconf 69' lang='lat' dir='ltr'><strong>pestatesanni</strong></span> <span class='ocrx_word' id='word_1_483' title='bbox 552 4459 744 4543; x_wconf 89' lang='lat' dir='ltr'><strong>circumagit,</strong></span> <span class='ocrx_word' id='word_1_484' title='bbox 766 4461 872 4526; x_wconf 87' lang='lat' dir='ltr'><strong>Lunae</strong></span> <span class='ocrx_word' id='word_1_485' title='bbox 894 4483 967 4528; x_wconf 89' lang='lat' dir='ltr'><strong>vero</strong></span> <span class='ocrx_word' id='word_1_486' title='bbox 989 4473 1091 4530; x_wconf 89' lang='lat' dir='ltr'><strong>motus</strong></span> <span class='ocrx_word' id='word_1_487' title='bbox 1112 4485 1209 4548; x_wconf 91' lang='lat' dir='ltr'><strong>vagus</strong></span> <span class='ocrx_word' id='word_1_488' title='bbox 1230 4473 1263 4528; x_wconf 90' lang='lat' dir='ltr'><strong>et</strong></span> <span class='ocrx_word' id='word_1_489' title='bbox 1285 4467 1335 4548; x_wconf 90' lang='lat' dir='ltr'><strong>qui</strong></span> <span class='ocrx_word' id='word_1_490' title='bbox 1355 4473 1563 4548; x_wconf 89' lang='lat' dir='ltr'><strong>tempestates</strong></span> <span class='ocrx_word' id='word_1_491' title='bbox 1577 4461 1637 4527; x_wconf 85' lang='lat' dir='ltr'><strong>anni</strong></span> 
     </span>
     <span class='ocr_line' id='line_1_48' title="bbox 295 4549 1636 4626; baseline 0.006 -18"><span class='ocrx_word' id='word_1_492' title='bbox 295 4552 502 4626; x_wconf 81' lang='lat' dir='ltr'><strong>praevertitur</strong></span> <span class='ocrx_word' id='word_1_493' title='bbox 516 4549 609 4624; x_wconf 90' lang='lat' dir='ltr'><strong>varie,</strong></span> <span class='ocrx_word' id='word_1_494' title='bbox 625 4551 669 4613; x_wconf 89' lang='lat' dir='ltr'><strong>sic</strong></span> <span class='ocrx_word' id='word_1_495' title='bbox 685 4551 779 4614; x_wconf 90' lang='lat' dir='ltr'><strong>etiam</strong></span> <span class='ocrx_word' id='word_1_496' title='bbox 794 4553 874 4614; x_wconf 90' lang='lat' dir='ltr'><strong>ratio</strong></span> <span class='ocrx_word' id='word_1_497' title='bbox 891 4574 910 4616; x_wconf 88' lang='lat' dir='ltr'><strong>a</strong></span> <span class='ocrx_word' id='word_1_498' title='bbox 927 4554 1066 4619; x_wconf 90' lang='lat' dir='ltr'><strong>sensibus</strong></span> <span class='ocrx_word' id='word_1_499' title='bbox 1082 4555 1162 4618; x_wconf 92' lang='lat' dir='ltr'><strong>ethi</strong></span> <span class='ocrx_word' id='word_1_500' title='bbox 1178 4554 1217 4617; x_wconf 91' lang='lat' dir='ltr'><strong>ab</strong></span> <span class='ocrx_word' id='word_1_501' title='bbox 1230 4555 1285 4618; x_wconf 90' lang='lat' dir='ltr'><strong>illa</strong></span> <span class='ocrx_word' id='word_1_502' title='bbox 1300 4555 1449 4619; x_wconf 88' lang='lat' dir='ltr'><strong>dissidere</strong></span> <span class='ocrx_word' id='word_1_503' title='bbox 1459 4563 1636 4620; x_wconf 85' lang='lat' dir='ltr'><strong>notarentur.</strong></span> 
     </span>
     <span class='ocr_line' id='line_1_49' title="bbox 296 4631 1636 4730; baseline 0.007 -34"><span class='ocrx_word' id='word_1_504' title='bbox 296 4631 480 4698; x_wconf 83' lang='lat' dir='ltr'><strong>Gensnerint</strong></span> <span class='ocrx_word' id='word_1_505' title='bbox 494 4635 598 4720; x_wconf 86' lang='lat' dir='ltr'><strong>itaque</strong></span> <span class='ocrx_word' id='word_1_506' title='bbox 613 4645 684 4702; x_wconf 92' lang='lat' dir='ltr'><strong>tunc</strong></span> <span class='ocrx_word' id='word_1_507' title='bbox 699 4641 892 4722; x_wconf 90' lang='lat' dir='ltr'><strong>potissimum</strong></span> <span class='ocrx_word' id='word_1_508' title='bbox 907 4643 976 4707; x_wconf 92' lang='lat' dir='ltr'><strong>Diis</strong></span> <span class='ocrx_word' id='word_1_509' title='bbox 997 4644 1246 4711; x_wconf 80' lang='lat' dir='ltr'><strong>satisfaciendum</strong></span> <span class='ocrx_word' id='word_1_510' title='bbox 1267 4645 1304 4708; x_wconf 91' lang='lat' dir='ltr'><strong>de</strong></span> <span class='ocrx_word' id='word_1_511' title='bbox 1325 4645 1479 4710; x_wconf 90' lang='lat' dir='ltr'><strong>erroribus</strong></span> <span class='ocrx_word' id='word_1_512' title='bbox 1498 4665 1555 4730; x_wconf 92' lang='lat' dir='ltr'><strong>per</strong></span> <span class='ocrx_word' id='word_1_513' title='bbox 1574 4661 1636 4706; x_wconf 89' lang='lat' dir='ltr'><strong>sen·</strong></span> 
     </span>
     <span class='ocr_line' id='line_1_50' title="bbox 296 4724 1637 4816; baseline 0.011 -32"><span class='ocrx_word' id='word_1_514' title='bbox 296 4741 385 4786; x_wconf 88' lang='lat' dir='ltr'><strong>suum</strong></span> <span class='ocrx_word' id='word_1_515' title='bbox 395 4724 556 4788; x_wconf 85' lang='lat' dir='ltr'><strong>illecebras</strong></span> <span class='ocrx_word' id='word_1_516' title='bbox 572 4729 747 4792; x_wconf 80' lang='lat' dir='ltr'><strong>strationis</strong></span> <span class='ocrx_word' id='word_1_517' title='bbox 762 4737 949 4796; x_wconf 89' lang='lat' dir='ltr'><strong>contemtum</strong></span> <span class='ocrx_word' id='word_1_518' title='bbox 959 4731 1110 4809; x_wconf 89' lang='lat' dir='ltr'><strong>admissis,</strong></span> <span class='ocrx_word' id='word_1_519' title='bbox 1126 4753 1192 4798; x_wconf 90' lang='lat' dir='ltr'><strong>omn</strong></span> <span class='ocrx_word' id='word_1_520' title='bbox 1207 4735 1276 4816; x_wconf 90' lang='lat' dir='ltr'><strong>ipsa</strong></span> <span class='ocrx_word' id='word_1_521' title='bbox 1289 4753 1401 4816; x_wconf 87' lang='lat' dir='ltr'><strong>magna</strong></span> <span class='ocrx_word' id='word_1_522' title='bbox 1409 4736 1547 4799; x_wconf 88' lang='lat' dir='ltr'><strong>Deorum</strong></span> <span class='ocrx_word' id='word_1_523' title='bbox 1560 4735 1637 4816; x_wconf 76' lang='lat' dir='ltr'><strong>signs</strong></span> 
     </span>
     <span class='ocr_line' id='line_1_51' title="bbox 296 4811 1637 4903; baseline 0.014 -34"><span class='ocrx_word' id='word_1_524' title='bbox 296 4811 359 4872; x_wconf 87' lang='lat' dir='ltr'><strong>suis</strong></span> <span class='ocrx_word' id='word_1_525' title='bbox 373 4813 504 4878; x_wconf 88' lang='lat' dir='ltr'><strong>motibus</strong></span> <span class='ocrx_word' id='word_1_526' title='bbox 519 4817 806 4900; x_wconf 79' lang='lat' dir='ltr'><strong>reconciliarentur?</strong></span> <span class='ocrx_word' id='word_1_527' title='bbox 835 4821 884 4884; x_wconf 90' lang='lat' dir='ltr'><strong>Ne</strong></span> <span class='ocrx_word' id='word_1_528' title='bbox 900 4843 972 4886; x_wconf 89' lang='lat' dir='ltr'><strong>vero</strong></span> <span class='ocrx_word' id='word_1_529' title='bbox 988 4821 1097 4903; x_wconf 91' lang='lat' dir='ltr'><strong>vulgus</strong></span> <span class='ocrx_word' id='word_1_530' title='bbox 1112 4823 1266 4887; x_wconf 90' lang='lat' dir='ltr'><strong>hominum</strong></span> <span class='ocrx_word' id='word_1_531' title='bbox 1280 4823 1405 4888; x_wconf 89' lang='lat' dir='ltr'><strong>traditis</strong></span> <span class='ocrx_word' id='word_1_532' title='bbox 1418 4824 1532 4891; x_wconf 86' lang='lat' dir='ltr'><strong>rituum</strong></span> <span class='ocrx_word' id='word_1_533' title='bbox 1547 4820 1637 4888; x_wconf 72' lang='lat' dir='ltr'><strong>causis</strong></span> 
     </span>
    </p>
   </div>
   <div class='ocr_carea' id='block_1_7' title="bbox 0 0 1710 5538">
    <p class='ocr_par' dir='ltr' id='par_1_13' title="bbox 0 0 1710 5538">
     <span class='ocr_line' id='line_1_52' title="bbox 0 0 1710 5538; baseline 0 0"><span class='ocrx_word' id='word_1_534' title='bbox 0 0 1710 5538; x_wconf 95' lang='lat' dir='ltr'><strong> </strong></span> 
     </span>
    </p>
   </div>
  </div>
 </body>
</html>
