3396 5540
266 237 330 298 412
786 234 894 298 Eelogae
920 234 1065 284 Chrouleae.

178 447 179 454 ο
265 408 542 491 Evangelistarum
563 407 596 472 in
618 407 730 472 ordine
759 428 947 474 eonsensum
971 409 1046 490 (etsi
1074 409 1213 490 dietum,
1230 407 1327 492 'quae
1353 408 1417 476 illis
1446 410 1587 492 potuerit

265 519 333 564 esse
354 519 453 564 causa
473 497 569 582 hujus
591 497 821 576 connexionis),
842 519 973 581 possum
996 500 1158 574 contraria
1179 499 1305 564 ratione
1330 498 1414 564 hanc
1440 497 1586 563 ambula·

267 587 387 652 tionem
420 585 650 670 discipulorum
685 585 804 652 Christi
836 607 893 670 per
926 591 999 652 sata
1036 589 1245 671 praemittere
1277 587 1399 652 carceri
1431 587 1589 653 Johauuis

266 675 443 758 Baptistae.
490 681 530 744 (ln
547 687 675 750 mugire:
699 687 751 742 noo
770 683 936 750 verisimile.)
978 676 1112 742 Constat
1138 677 1222 742 euim
1249 697 1288 740 ex
1309 675 1456 742 Johanne
1482 676 1587 740 Evau-

193 803 196 810 ·
266 764 396 846 gelista,
421 762 583 830 Christum
612 761 716 827 multa
745 764 879 844 gessisse
906 769 939 828 et
966 763 999 828 in
1027 764 1192 844 Galilaea,
1220 764 1361 848 primum
1391 785 1430 828 ex
1460 765 1590 830 deserto

265 871 438 930 reversum,
461 856 495 915 et
508 850 734 934 Hierosolymis
756 851 790 916 in
808 852 961 935 paschate
983 854 1059 918 anni
1076 858 1128 919 74.
1150 860 1186 918 et
1207 853 1367 936 posteain
1381 853 1509 918 Judaea
1529 872 1589 936 per

215 1009 218 1016 ,
265 960 389 1006 menses
417 941 543 1004 circiter
571 945 663 1020 octo,
694 960 779 1022 quae
798 940 1021 1024 Evangelietae
1050 943 1150 1008 ceteri
1176 949 1253 1008 ante
1281 941 1419 1018 vincula¹
1432 941 1589 1008 Johannis

265 1031 364 1114 plane
383 1030 545 1108 omittunt,
567 1033 682 1112 postea
702 1034 811 1094 tamen
832 1031 920 1094 varie
938 1031 1098 1110 inserunt,
1121 1030 1206 1096 aliua
1229 1030 1305 1096 alia.
1350 1031 1401 1096 Sic
1422 1029 1589 1096 historiam

264 1117 486 1201 flagellationis
506 1116 541 1182 in
554 1117 684 1201 templo,
706 1138 792 1200 quae
814 1122 898 1182 teste
912 1117 1058 1186 Johanno
1079 1119 1196 1186 aoeidit
1217 1119 1322 1202 primo
1337 1117 1491 1202 paschate
1511 1119 1588 1184 anni

266 1211 323 1286 74,
346 1207 445 1272 ceteri
467 1227 540 1272 cum
566 1207 635 1288 ipso
662 1206 767 1290 primo
796 1207 949 1291 paschate
978 1209 1149 1288 omittunt,
1179 1215 1292 1292 postes
1317 1228 1393 1274 vero
1414 1208 1451 1272 iu
1471 1207 1587 1272 ultimo

182 1333 185 1340 ·
263 1295 417 1380 paschate
437 1295 576 1360 inierunt
596 1295 695 1377 idque
718 1315 782 1362 non
804 1296 915 1360 eadem
936 1317 1045 1362 omnes
1063 1296 1126 1362 die.
1154 1301 1263 1382 Auget
1284 1295 1588 1362 verisimilitudinem

263 1385 322 1463 rei,
345 1383 431 1466 quod
444 1383 606 1449 lohannes
621 1389 695 1466 post
716 1383 838 1467 pascha
860 1386 999 1467 primum
1017 1384 1254 1469 simile-aliquid
1276 1391 1422 1450 recenset
1437 1386 1476 1465 ei,
1500 1385 1587 1468 quod

263 1474 394 1539 Marcus
417 1478 451 1536 et
471 1473 576 1538 Lucas
602 1471 813 1540 ambulationi
839 1494 899 1556 per
925 1481 1000 1540 sats
1026 1474 1210 1540 immediate
1236 1474 1459 1558 praemittunt.
1504 1473 1588 1552 Quid

263 1563 347 1628 enim
369 1562 471 1645 magis
498 1567 549 1626 est
570 1560 736 1651 credibile,
768 1583 866 1646 quam
892 1583 958 1646 quo
987 1569 1133 1646 tempore
1161 1562 1309 1645 discipuli
1329 1561 1484 1628 Johannis
1507 1582 1584 1645 que·

264 1657 383 1716 rumtur
409 1649 497 1734 apud
519 1649 700 1717 iohannem
722 1649 762 1716 de
784 1651 900 1717 Christi
927 1651 1088 1736 ‹liscipulis
1108 1650 1352 1736 ,baptizantibus
1379 1650 1476 1716 etde
1499 1653 1585 1734 puri-

178 1783 182 1790 ·
262 1739 412 1806 ficatione
439 1739 637 1806 ludaeorum
670 1759 742 1804 oum
774 1740 951 1824 pharisaeis
984 1739 1200 1805 contendunt:
1234 1739 1345 1804 eodem
1377 1745 1525 1824 tempore
1555 1745 1590 1802 et

262 1827 448 1913 pharisaeos
459 1827 622 1911 discipulis
630 1827 747 1894 Christi
757 1829 846 1894 litem
854 1850 979 1894 movere
990 1829 1158 1916 dejejuniis
1170 1825 1587 1912 discipulorumlohannis'l

350 1916 455 1982 Mrrlta
476 1916 539 1984 aha
561 1922 638 1981 sunt
652 1917 686 1982 in
699 1917 804 1988 tribus
819 1917 1039 2000 EvangeHstis,
1062 1938 1147 1999 quae
1169 1937 1295 1982 summa
1316 1915 1586 1982 verisimilitudine

261 2007 468 2092 trajiciuntur
482 2027 502 2072 a
516 2005 604 2084 locis,
621 2005 676 2072 ubi
690 2005 795 2072 relata
814 2013 889 2072 sunt
908 2006 950 2072 ab
965 2007 1013 2086 iis,
1036 2005 1079 2072 ml
1093 2007 1184 2072 initia
1204 2005 1455 2090 praedicationis
1471 2005 1588 2071 Christi
1611 2039 1615 2045 ·

261 2095 295 2160 in
305 2095 442 2176 Judaea,
457 2114 497 2160 ex
514 2094 668 2163 iohannis
685 2095 856 2176 Evangelio
871 2101 959 2174 nota,
979 2101 1054 2162 ante
1067 2095 1194 2180 vincvda
1204 2094 1368 2162 iohannis.
1396 2101 1437 2166 (lu
1455 2107 1586 2170 magun

263 2205 429 2340 sinn
446 2197 1007 2353 resumerent?
1025 2191 1143 2353 set,
1166 2185 1253 2355 ln
1274 2203 1380 2337 sss
1401 2183 1588 2338 ress

261 2362 445 2446 percontati
465 2361 604 2440 fuerant,
627 2365 664 2424 ut
679 2362 851 2444 plurimum
870 2361 1016 2440 Gahlaei,
1038 2361 1200 2427 lohannes
1222 2383 1296 2426 vero
1311 2381 1329 2426 e
1344 2360 1495 2426 Galilaea
1516 2381 1587 2424 cum

263 2451 391 2516 Christo
418 2449 522 2535 primo
548 2449 659 2513 stertim
688 2452 839 2534 paschate
861 2450 1098 2534 Hierosolymas
1125 2451 1237 2516 iverat.
1282 2449 1399 2530 Itaque
1421 2448 1588 2516 adsentior

260 2540 392 2606 Irenaeo
420 2539 595 2604 affirmanti
622 2537 661 2604 de
689 2540 859 2634 losanae,
884 2539 972 2622 quod
1003 2539 1136 2603 ultimus
1166 2540 1307 2605 omnium
1335 2537 1503 2622 scripserit
1531 2538 1589 2602 hoc

262 2628 418 2707 consilio,
440 2633 477 2692 ut
498 2624 692 2708 Euangeliou
720 2630 854 2694 historia
881 2649 975 2693 suum
1001 2629 1241 2694 nancisceretur
1268 2627 1409 2694 ordinem
1431 2649 1453 2692 a
1475 2629 1588 2691 ceteris

262 2717 455 2800 neglectum.
500 2715 558 2780 Est
584 2713 681 2797 igitur
703 2719 857 2786 Johannis
879 2717 1103 2802 Evangelium,
1134 2717 1323 2801 praesertim
1349 2718 1436 2782 circa
1463 2717 1588 2780 nucula

256 2805 416 2872 dolmnnis
443 2811 626 2886 κατορθωμα
655 2807 819 2890 quoddam
847 2812 1029 2872 ceterorum
1060 2805 1185 2870 ratione
1211 2806 1347 2884 ordinis,
1381 2803 1471 2886 quod
1499 2805 1589 2874 soils

261 2895 313 2960 vel
335 2915 375 2959 ex
396 2896 467 2979 ipso
494 2899 606 2958 tenore
632 2894 778 2961 dictionis
800 2895 1002 2963 Johanuinae
1028 2899 1121 2976 patet
1143 2894 1229 2978 (doh.
1255 2901 1284 2960 3.
1307 2916 1336 2962 v.
1361 2899 1412 2973 22,
1439 2899 1494 2972 23,
1518 2898 1587 2974 illl:

260 2982 340 3048 Post
356 2983 478 3064 puecha
501 2981 706 3066 (lunamve)
727 2983 825 3050 Jesrss
847 2983 1031 3064 baptizabat
1052 2985 1088 3048 la
1108 2981 1248 3063 Jmlaea,
1273 2979 1459 3063 baptisatur
1481 2989 1585 3048 oveten

260 3077 292 3138 ct
311 3070 481 3149 Jolronsee,
504 3071 643 3136 seutdom
664 3074 746 3138 erim
768 3075 886 3139 misas
905 3072 1015 3153 fuerat
1035 3069 1198 3137 uolam
1218 3073 1254 3135 ia
1275 3091 1451 3136 corruas:

353 3163 395 3227 Et
417 3158 498 3244 quid
519 3161 653 3227 multis?
675 3163 903 3245 aggrediamur
921 3181 1013 3244 opus,
1032 3159 1188 3246 judicium
1207 3161 1330 3226 Irenaei
1352 3165 1536 3240 sequentes,
1557 3165 1588 3224 et

261 3255 512 3353 transponamus
534 3251 665 3316 unicum
686 3251 803 3316 saltem
824 3249 1014 3318 versiculum
1036 3249 1167 3330 tMatth.
1188 3256 1221 3313 4.
1243 3271 1272 3314 v.
1296 3255 1346 3313 12.
1369 3256 1403 3314 et
1424 3249 1588 3314 dimidium

261 3339 365 3406 Marci
389 3345 419 3404 1.
444 3345 498 3418 1¹4)
521 3335 555 3403 in
577 3338 685 3405 locum
707 3339 852 3420 snumtl',
875 3339 1163 3421 continuemnsque
1185 3338 1236 3404 hic
1255 3337 1505 3420 hvangeliorum
1526 3336 1584 3402 leo·

263 3427 396 3508 tionem,
423 3427 485 3492 hoc
512 3425 669 3496 versiculo
696 3429 913 3515 dissimulato:
941 3426 1047 3493 arrbito
1074 3426 1245 3514 retulgebit
1275 3425 1476 3492 admirabilis
1505 3428 1587 3492 nitor
1688 3503 1689 3520 ἵ

261 3517 471 3600 Evangelicae
508 3514 660 3582 historiae
698 3539 738 3582 ex
768 3518 879 3584 ordine
916 3515 1078 3580 restituto.
1131 3516 1313 3580 l'ecerimus
1345 3513 1379 3581 id
1414 3537 1482 3580 nou
1526 3516 1587 3580 sine

263 3604 418 3671 iohannis
431 3605 655 3687 Evangelistae
678 3607 870 3672 auctoritate
890 3609 955 3684 iam
971 3604 1065 3670 modo
1088 3603 1240 3686 allegata,
1263 3624 1323 3670 uec
1337 3603 1476 3668 deerunt
1499 3604 1587 3668 nobis

262 3692 410 3777 exempla
433 3693 497 3758 alia
519 3696 806 3779 transpositionem
831 3694 947 3758 talium
968 3694 1000 3758 iu
1023 3692 1168 3758 omnihus
1194 3691 1316 3773 tribus,
1343 3695 1537 3776 praesertim
1557 3693 1587 3756 iu

260 3781 437 3862 Matthaec,
459 3801 520 3846 nec
535 3785 747 3867 Evangelistis
761 3785 879 3850 falsum
898 3783 1072 3864 quicquum
1093 3783 1285 3865 imputatur.
1319 3781 1375 3846 Bis
1397 3783 1483 3846 enim
1498 3783 1587 3847 lasus
1624 3845 1628 3856 ,

260 3871 294 3936 ἰιι
318 3869 464 3936 Galilaea
487 3874 594 3955 eoepit
620 3874 819 3938 innotescere
841 3871 1005 3938 miraculis
1028 3876 1060 3936 et
1082 3871 1413 3962 doctrina,0pri1num
1440 3891 1588 3935 reversus

261 3980 302 4024 ex
323 3960 464 4037 deserto,
486 3966 566 4025 tunc
586 3962 672 4028 enim
693 3963 779 4034 (Joh.
798 3967 828 4026 2.
851 3983 881 4024 v.
903 3967 955 4040 11)
982 3960 1074 4026 »lecit
1099 3961 1226 4026 initium
1253 3959 1418 4042 signorum
1440 3959 1536 4025 lesus
1558 3960 1587 4022 in

262 4049 353 4114 Cana
381 4047 545 4114 Galilaeae
572 4057 604 4114 et
627 4050 839 4116 martilestavit
860 4049 993 4132 gloriam
1016 4071 1137 4114 suam«
1191 4049 1314 4113 lterum
1343 4069 1417 4112 cnm
1447 4047 1588 4113 audisset

259 4137 364 4216 lesus,
386 4137 474 4220 quod
495 4139 657 4204 ,lohannes
679 4139 820 4204 traditus
843 4143 928 4203 esset
951 4138 1080 4216 llllatth.
1095 4145 1126 4204 4.
1141 4159 1171 4203 v.
1187 4138 1260 4218 12);
1287 4137 1348 4202 nEt
1370 4143 1408 4202 ut
1431 4137 1586 4220 cognovit,

260 4227 338 4309 quia
353 4225 511 4309 pharisaei
526 4228 707 4308 andierunt,
730 4227 818 4311 qued
833 4227 925 4294 Jesus
947 4227 1056 4310 plures
1072 4227 1245 4310 discipulos
1259 4227 1338 4291 facit
1353 4245 1454 4309 quam
1468 4226 1585 4292 lohan-

260 4335 328 4394 nes,
350 4315 508 4382 Judaeem
530 4317 661 4400 reliquit
684 4322 716 4381 et
737 4317 867 4384 secessit
887 4317 920 4384 in
933 4315 1121 4388 ,Galilaeam
1143 4323 1177 4380 et
1197 4315 1284 4382 venit
1304 4317 1424 4382 iterum
1446 4315 1481 4380 in
1502 4317 1588 4381 Cana

339 4529 364 4596 'l
395 4535 450 4588 Irno
475 4536 573 4588 saltem
599 4531 809 4610 interpretemur
832 4541 1006 4606 προδοοηοαι,
1031 4533 1047 4586 i.
1071 4553 1095 4590 e.
1117 4533 1249 4604 proditus,
1270 4531 1473 4610 conspiratione
1493 4533 1581 4602 phari-

260 4630 386 4668 saeorunr
412 4631 472 4668 curn
492 4617 609 4676 Herode,
637 4615 663 4670 in
684 4615 761 4683 cujus
782 4615 884 4669 ditione
905 4615 1076 4684 baptizabat,
1099 4614 1201 4668 insidiis
1223 4613 1373 4683 appetitus,
1394 4616 1434 4668 sic
1456 4623 1485 4666 ut
1504 4629 1585 4681 eoge-

260 4703 337 4748 retur
357 4693 455 4764 lugere
477 4695 504 4748 in
525 4694 653 4748 ditionovn
675 4695 868 4763 Philippicis
890 4695 1014 4764 pervertit
1035 4695 1210 4763 baptizando.
1242 4695 1315 4749 Nihil
1337 4712 1407 4764 opns
1428 4693 1582 4748 defensione

260 4774 484 4842 transpositionis,
507 4791 566 4828 curn
587 4775 630 4828 liic
649 4793 703 4830 non
724 4775 760 4828 sit
780 4791 847 4844 opus
869 4776 928 4846 ipsa
949 4776 1177 4844 transpositum
1198 4774 1314 4831 sufficiat
1338 4775 1537 4845 interpretatio.
