3400 5538
661 241 769 308 11414444
789 242 936 292 chronicae.
1398 249 1462 307 479

133 437 249 481 sorum
273 415 559 503 441444444141,
587 416 765 501 loquuntur
791 417 823 482 14
846 435 961 498 genere
988 417 1027 482 de
1049 415 1210 482 veteribus
1232 417 1374 484 1444414.
1421 421 1463 486 Et

134 513 331 584 44144441,
355 505 429 570 11144
444 506 647 574 Constantini
668 505 867 588 temporibus
889 507 1018 590 saepius
1038 527 1104 570 uno
1118 525 1203 570 anno
1225 507 1291 572 duo
1313 506 1463 574 habuisse

134 595 303 677 paschata,
326 594 430 660 altero
445 594 579 663 nullum.
613 594 666 661 Sic
679 598 821 660 testatur
835 613 939 659 canon
951 594 1165 678 Apostolicus,
1180 613 1305 660 errasse
1318 594 1462 662 Judaecs

135 683 225 748 circa
247 683 368 766 pascha
397 684 542 767 proxime
565 683 682 749 Christi
704 690 863 767 tempora.
908 684 1016 762 Quare
1044 681 1192 748 omnibus
1220 683 1323 749 modis
1352 686 1460 751 verisi-

134 771 227 836 milia
248 772 326 838 dicit
345 770 547 856 Epiphanius
568 772 609 838 de
631 773 720 856 cyclo
748 791 906 837 annorum
929 777 992 851 84,
1016 771 1051 836 14
1074 775 1164 857 cujus
1192 773 1280 836 exitu
1310 773 1462 839 acciderit

134 866 285 943 4441444
307 859 465 950 11441441
487 862 597 926 tridui.
643 861 742 946 Cujus
764 859 844 944 cycli
866 859 1127 944 414444111414114
1148 859 1226 928 fuit:
1246 860 1392 926 1444414
1419 868 1459 929 14

134 949 373 1026 intercalarunt
401 969 526 1014 menses
551 957 569 1016 4
592 949 727 1015 alternis
755 949 869 1035 plenos
891 955 924 1013 et
946 969 1058 1029 caros,
1085 953 1117 1014 et
1138 956 1308 1032 praeterea
1334 950 1403 1016 4144
1428 957 1458 1017 5.

134 1037 253 1120 114444
275 1039 370 1122 primi
395 1043 434 1105 14
457 1039 534 1104 anui
559 1038 954 1118 14144444141441103,
981 1037 1141 1104 41144114
1169 1039 1246 1104 suni
1272 1038 1341 1104 dics
1365 1045 1461 1122 1108,

135 1129 237 1192 41414
259 1147 385 1210 semper
405 1127 551 1202 alternis,
574 1129 667 1194 toties
690 1132 708 1192 5
732 1126 844 1196 diebus
866 1127 973 1192 minus
995 1125 1193 1208 colligentes,
1218 1147 1316 1210 quam
1338 1128 1459 1196 habent

135 1217 216 1280 anni
241 1221 280 1280 14
296 1217 429 1292 ,1411441
470 1213 708 1282 Series-autem
732 1221 750 1280 b
773 1222 908 1288 444136
932 1220 966 1280 41
987 1215 1088 1280 sexies
1113 1220 1323 1301 14444134,
1346 1217 1460 1300 itaque

137 1303 330 1388 4441114444
357 1305 498 1371 444184
521 1304 721 1371 embolimaei
749 1303 948 1388 sequebatur
975 1304 1058 1369 alius
1087 1303 1314 1370 embolimaeus
1343 1310 1462 1372 mensis

135 1395 263 1477 plenus,
286 1395 373 1459 4114
395 1394 588 1460 4114444484
608 1414 767 1460 annorum
788 1393 853 1462 fine
875 1413 981 1473 cavus,
1005 1393 1102 1457 41414
1123 1398 1212 1458 totus
1233 1394 1339 1478 cyclus
1361 1393 1461 1462 inerit

135 1503 296 1548 annorum
318 1486 388 1561 168,
413 1481 531 1566 quibus
553 1482 593 1549 44
611 1482 742 1548 modulo
764 1482 901 1548 totidem
917 1501 1081 1568 'annorum
1098 1480 1302 1548 Julianorum
1323 1483 1462 1549 decessit

136 1571 205 1635 dies
228 1593 304 1652 uua,
327 1577 460 1656 propter
489 1591 601 1637 cavum
630 1571 875 1636 embolimaeum
892 1591 1042 1636 mensem
1063 1569 1183 1636 influe
1205 1590 1363 1637 annorum
1389 1577 1461 1637 188.

138 1659 209 1727 Η44
236 1660 331 1725 modo
361 1681 446 1726 4444
467 1658 598 1726 Juliano
627 1659 761 1726 decessit
791 1660 927 1744 septima
956 1677 1032 1744 pars
1061 1659 1160 1724 horae
1185 1665 1218 1724 41
1243 1660 1277 1724 14
1303 1667 1343 1726 14
1369 1664 1466 1727 44414

136 1749 307 1838 11144144,
332 1749 425 1840 quod·
435 1748 616 1835 Epiphanio
638 1755 687 1814 est
707 1747 788 1816 hora
810 1769 887 1830 uua,
909 1747 1021 1816 dividit
1043 1749 1127 1814 enim
1149 1753 1254 1814 totum
1274 1759 1460 1834 4444444444

135 1839 170 1902 14
192 1838 289 1904 horas
315 1842 365 1904 12.
780 1883 790 1898 .

225 1925 269 1990 Et
290 1927 368 2011 quia
388 1929 520 2011 praeter
546 1927 725 2010 opinionem
751 1925 815 1990 huc
836 1947 908 1991 sum
933 1925 1112 2008 ingressus,
1134 1925 1257 1992 'addam
1284 1925 1396 2008 aliqua
1416 1927 1459 1994 ad

135 2014 336 2080 intellectum
368 2015 463 2101 hujus
496 2015 575 2100 cycli
608 2015 812 2100 pertinentia.
871 2015 975 2098 Igitur
1007 2014 1133 2096 gemina
1167 2027 1216 2080 est
1242 2011 1462 2083 'consideratio

135 2125 305 2184 annorum,
328 2106 486 2170 meusium
508 2105 687 2182 41414444,
711 2103 816 2169 altera
838 2103 964 2184 calculi,
988 2102 1197 2170 4114444444.
1232 2103 1271 2168 14
1286 2123 1380 2170 usum
1395 2105 1460 2170 hon

136 2193 339 2276 recipiuntur
368 2193 483 2275 horae,
513 2194 608 2260 4114
636 2192 770 2258 calculo.
815 2191 891 2258 Jam
909 2191 1112 2276 Epiphanius
1139 2191 1284 2274 loquitur
1311 2192 1352 2257 de
1379 2199 1460 2258 tem·

135 2281 269 2365 poribus
298 2281 432 2363 calculi,
462 2283 495 2348 in
522 2303 588 2365 quo
617 2302 720 2353 annus
746 2279 897 2348 Julianus
927 2287 977 2346 441
1002 2279 1062 2363 ipsi
1089 2279 1120 2346 d.
1146 2287 1208 2348 361
1237 2281 1268 2350 1.
1292 2287 1323 2361 3,
1345 2284 1461 2348 mensis

136 2371 277 2436 Lunaris
299 2371 400 2438 omnis
423 2371 453 2436 4.
478 2375 519 2436 29
542 2371 574 2436 h.
592 2377 623 2437 6.
656 2372 705 2436 Ex
725 2369 786 2434 hoc
808 2369 963 2455 sequitur,
987 2371 1083 2436 etiam
1104 2369 1310 2434 intercalares
1333 2391 1459 2446 menses

136 2459 199 2542 ipsi
222 2479 291 2523 4444
314 2460 346 2525 4.
371 2465 410 2526 29
433 2460 503 2525 hb
525 2460 559 2524 14
582 2457 716 2525 calculo.
752 2455 787 2522 Si
807 2458 867 2524 hoc
888 2479 1009 2536 verum,
1033 2478 1108 2540 ergo
1129 2457 1164 2522 in
1179 2479 1247 2522 -usu
1269 2457 1366 2523 aliter
1387 2458 1459 2525 ficri

135 2569 203 2613 non
224 2548 342 2631 441411,
365 2547 443 2631 4414
465 2569 590 2614 menses
611 2547 821 2626 intercalares
843 2554 951 2612 444441
972 2546 1105 2611 alternis
1126 2545 1211 2631 pleni
1234 2551 1267 2612 et
1283 2547 1362 2628 cavi,
1386 2570 1461 2632 pro·

136 2637 207 2720 prio
231 2643 264 2702 et
285 2643 435 2722 separato
457 2637 575 2716 ordine,
599 2637 740 2720 quinon
762 2634 969 2728 perturbaret
996 2634 1138 2700 ordinem
1160 2635 1299 2700 eundem
1319 2636 1353 2700 in
1375 2637 1460 2702 ordi·

135 2726 237 2792 444114
262 2731 301 2792 12
324 2725 496 2805 mensibus,
520 2725 578 2790 444
601 2745 674 2790 eum
695 2730 824 2790 tantum
845 2725 1038 2790 imitaretur.
1076 2721 1228 2807 Sequitur
1249 2744 1334 2808 ergo,
1359 2746 1460 2791 annos

140 2819 181 2878 14
203 2815 328 2899 priores
350 2813 498 2880 habetisne
524 2814 665 2897 primum
687 2818 720 2878 et
741 2814 890 2878 ultinmm
915 2812 1038 2895 plenos.
1082 2811 1187 2895 litque
1209 2813 1284 2878 hinc
1311 2813 1460 2896 intelligi·

136 2923 220 2982 mus,
237 2903 270 2969 14
286 2902 374 2987 4444
390 2903 586 2988 Epiphanius
599 2923 666 2968 non
679 2901 762 2968 dixit
776 2921 934 2986 expresse,
953 2901 1079 2986 cyclum
1092 2901 1232 2985 primum
1250 2906 1290 2966 14
1304 2921 1463 2968 annorum

136 2993 240 3064 141444
254 3013 320 3057 444
336 2991 387 3057 414
411 2993 585 3058 auctiorem
599 2993 632 3057 in
646 3013 706 3056 usu
721 2991 859 3075 politico,
877 3009 977 3073 quam
992 2990 1117 3074 cyclum
1130 2990 1316 3056 secundum.
1341 2989 1464 3056 Eodem

136 3081 244 3160 modo,
267 3081 346 3164 quis
360 3081 456 3146 etiam
470 3081 508 3148 14
518 3085 559 3145 84
574 3082 666 3146 annis
677 3079 762 3146 fiunt
775 3099 899 3145 meuses
913 3079 1119 3144 intercalares
1134 3099 1268 3144 numero
1281 3079 1399 3164 impari
1411 3085 1463 3161 31,

136 3189 270 3235 necesse
291 3174 342 3234 441
360 3170 468 3252 igitur,
492 3170 526 3235 in
547 3171 639 3236 annis
661 3169 790 3235 4111484
811 3168 958 3252 proxime
980 3165 1190 3250 sequentibus
1211 3173 1344 3253 propter
1367 3174 1462 3233 natu·

139 3258 244 3323 ralem
275 3258 392 3324 seriem
421 3258 589 3344 plenorum
610 3263 642 3324 41
664 3279 815 3324 carorum
843 3257 980 3322 alternis
1009 3256 1300 3322 4114431444444
1327 3257 1466 3324 444414

136 3348 243 3412 miuus
272 3347 436 3427 habuisse,
470 3349 596 3412 414144
623 3347 685 3414 144
714 3346 846 3430 quidem
875 3365 1027 3430 expresse
1056 3344 1139 3410 dicit
1159 3344 1374 3428 Epiphanius,
1406 3347 1464 3412 444
1497 3419 1502 3428 ,

136 3442 268 3501 tantum
289 3436 348 3502 dat
368 3434 610 3519 intelligendum
632 3456 672 3501 es
694 3455 746 3514 4ο,
776 3433 864 3518 4444
886 3435 945 3514 411,
969 3433 1004 3498 14
1029 3437 1069 3498 14
1091 3433 1186 3500 44414
1207 3433 1307 3500 adimi
1328 3433 1464 3500 solidam

137 3545 238 3590 uuam
264 3524 377 3590 horam
403 3545 444 3590 ex
468 3545 565 3590 cursu
586 3523 675 3590 Solis*
695 3524 819 3588 dierum
842 3525 905 3588 361
932 3522 964 3587 1.
990 3527 1019 3587 3.
1063 3522 1148 3587 Nam
1170 3521 1222 3587 sic¹
1241 3523 1275 3588 iu
1302 3524 1460 3588 4441484

137 3613 488 3692 4414444144614444,
512 3611 573 3678 hoc
594 3610 898 3681 44141444141414.
932 3611 1018 3692 Ergo
1038 3610 1072 3675 iu
1095 3608 1144 3675 bis
1161 3615 1210 3676 84¹
1225 3612 1317 3678 anuis
1340 3611 1465 3696 integer

137 3703 209 3767 4144
237 3702 406 3782 adimitur,
441 3702 592 3768 41414444
625 3723 684 3786 per
716 3701 849 3766 dictam'
873 3699 991 3764 scriem
1023 3697 1264 3764 intercalarium
1296 3701 1463 3781 mensium,

138 3790 274 3856 alternis
298 3790 465 3875 plenorum
492 3797 526 3856 ct
552 3809 715 3856 carorum.
760 3791 868 3872 Atque
895 3787 976 3852 haec
1002 3787 1043 3852 dc
1065 3785 1224 3854 mensibus
1251 3787 1467 3875 Epiphaniaui

138 3879 265 3946 calculi.
970 3913 975 3926 ·

228 3969 276 4033 De
306 3969 393 4034 horis
422 3989 582 4034 annorum
611 3965 847 4050 appendicibus
878 3969 929 4030 est
957 3963 1069 4048 aliqua
1098 3963 1279 4032 difficultas.
1325 3964 1410 4031 Sane
1432 3970 1466 4030 et

138 4057 238 4122 rerba
260 4062 293 4122 41
316 4055 460 4123 44144144
481 4056 542 4122 144
563 4054 685 4134 volunt
709 4054 806 4121 horas
829 4054 957 4119 1114414
980 4053 1200 4120 1114444414
1223 4055 1365 4138 praecise
1388 4073 1463 4120 con·

138 4147 253 4212 1441444
274 4167 374 4210 uuam
396 4145 490 4224 diem,
518 4145 618 4210 41414
641 4165 762 4209 aunum
792 4143 907 4230 calculi
927 4141 1035 4229 ,141444
1065 4141 1095 4206 4.
1121 4147 1184 4209 314
1207 4143 1239 4210 1.
1262 4148 1282 4207 4
1305 4142 1459 4228 praecise.

138 4235 222 4301 Nam
245 4236 292 4300 sic
315 4235 348 4298 in
372 4235 466 4299 annis
492 4240 541 4314 14,
566 4235 599 4298 in
621 4233 740 4317 quibus
762 4239 839 4298 sunt
861 4252 985 4296 menses
1010 4235 1072 4296 113
1095 4231 1225 4316 (singuli
1247 4231 1278 4296 d.
1304 4237 1344 4297 29
1368 4231 1398 4296 h.
1421 4228 1464 4311 6),

139 4319 302 4390 accedam
324 4322 424 4400 horae
446 4323 641 4408 appendices
665 4325 722 4401 56,
744 4321 805 4386 144
832 4327 882 4387 est
904 4320 935 4385 d.
959 4325 981 4384 4
1004 4325 1037 4384 41
1059 4319 1090 4385 h.
1115 4324 1151 4401 83
1178 4319 1285 4387 omnia
1306 4319 1340 4384 iu
1362 4339 1466 4384 uuam

138 4411 300 4478 samniam
330 4415 476 4496 conjecta
503 4411 623 4478 1441441
652 4409 693 4475 4.’
717 4415 803 4478 5108
831 4410 864 4474 h.
888 4413 918 4476 2.
963 4408 1048 4474 Hinc
1065 4413 1134 4496 jam
1156 4407 1353 4493 Epiphanius
1371 4405 1466 4493 jubet

138 4503 269 4568 auferre
299 4521 419 4565 annum
445 4501 615 4566 lulianum
641 4500 672 4566 d
701 4503 764 4564 365
797 4498 829 4563 1.
859 4502 878 4562 3
911 4497 1038 4582 quoties
1065 4517 1244 4581 possumus.
1289 4495 1465 4562 Possumus

137 4599 251 4658 autem
282 4589 440 4656 tredecies
471 4595 504 4654 et
533 4588 655 4656 habeut
683 4588 760 4652 anni
787 4586 910 4652 1411441
944 4591 983 4651 13
1014 4585 1082 4652 4144
1112 4589 1200 4650 4748
1230 4583 1262 4649 1.
1287 4588 1315 4664 3,
1348 4583 1466 4668 quibua

137 4681 259 4747 ablatis
287 4679 335 4745 ait
361 4678 499 4762 relinqui
534 4677 603 4744 dies
626 4681 690 4742 360
712 4675 817 4740 miuus
848 4695 915 4740 una
935 4675 1032 4755 hora,
1056 4674 1145 4758 quod
1164 4673 1253 4738 eides
1269 4672 1344 4738 'esse
1364 4673 1465 4738 44414·

135 4773 267 4850 simum,
300 4767 328 4833 si
356 4767 455 4832 horae
476 4766 668 4850 appendices
690 4766 755 4833 sint
776 4762 919 4850 praecise
942 4768 974 4827 4.
1019 4766 1063 4827 At
1085 4767 1198 4828 444144
1218 4759 1304 4825 idem
1326 4761 1466 4846 Epipha-
