3400 5538
272 219 335 280 482
553 174 554 182 i
797 216 905 280 Eclossaa
928 215 1073 266 Chronicaa.

271 400 367 451 dentes
394 397 518 450 fortassis
545 396 677 466 antiquae
703 393 836 465 opinionis
862 393 1009 465 vestigium
1034 411 1193 466 expressum
1218 395 1378 468 reliquerint
1404 395 1458 450 sslis
1484 397 1583 450 rcrbb:

274 476 487 546 „Hierosolymis
513 474 730 542 commemoratio
757 474 844 528 sancti
871 473 1010 529 latronis.“
1055 475 1113 537 Quo
1144 475 1214 529 enim
1243 476 1296 530 alio
1324 475 1367 530 die
1395 492 1432 529 ex
1459 475 1513 528 hac
1533 477 1589 528 rita

271 571 352 628 quam
386 556 510 609 Christus
544 557 615 608 latro
648 545 795 624 migravit?
845 557 906 616 Qua
938 573 974 608 ex
1006 555 1142 609 sententia
1172 555 1287 608 efficitur
1319 557 1415 624 plane,
1453 554 1588 609 Christ-um

271 637 387 689 occisum
408 653 461 690 non
483 632 528 688 33.
551 634 652 687 aetatis
674 651 754 697 armo,
775 651 834 687 cnm
859 636 901 689 15.
917 635 998 687 Luna
1011 635 1109 688 mensis
1123 635 1217 696 Nisam
1239 635 1359 705 quodie,
1380 635 1453 688 haud
1471 635 1589 696 dubium,

270 716 374 769 occisus
396 723 438 768 est
459 714 592 775 Christus,
614 732 646 766 eo
668 731 738 768 arrno
759 733 812 768 non
833 715 959 768 inciderit
978 714 1005 766 in
1025 715 1119 768 Martii
1140 715 1211 768 diem
1232 717 1277 768 25.
1307 715 1351 768 Ex
1367 731 1469 784 magno
1479 721 1587 784 patrum

270 813 380 850 numero
401 811 504 863 paucos
524 795 697 866 proferamus¹
716 794 742 847 in
763 795 834 848 hanc
855 793 1025 848 sententiam.
1066 796 1110 847 De
1127 811 1217 847 mense
1231 794 1403 848 consentiunt
1416 795 1588 865 Augustinus

269 877 316 930 lib.
338 875 384 928 IV.
412 877 445 926 de
467 873 600 926 Trinitate
627 891 687 942 cap.
709 875 735 937 5,
757 881 785 926 et
806 874 852 928 lib.
873 874 975 927 XVIII.
996 875 1031 926 de
1052 873 1130 927 Cirit.
1151 873 1205 927 Dei
1224 891 1283 943 cap.
1306 875 1356 928 ult.
1377 873 1515 928 Mortuus
1537 881 1590 932 cst.

269 955 364 1025 inquit,
392 954 504 1006 duobus
526 953 651 1006 Conuiuis
679 970 752 1018 coss,
778 951 804 1006 8.
827 951 886 1006 Col.
907 953 1033 1022 Aprilis.
1075 954 1251 1008 Cassiodorus
1277 956 1311 1007 de
1343 953 1507 1017 consualibus,
1543 954 1588 1007 alii
1689 1003 1690 1006 ,

268 1038 303 1088 de
329 1051 399 1088 anno
425 1033 503 1096 simul
530 1039 559 1086 et
583 1033 640 1100 die;
668 1041 725 1087 tum
749 1035 827 1088 Beda
852 1035 886 1087 de
911 1033 1017 1088 ratione
1043 1039 1202 1102 temporum,
1228 1052 1250 1088 c.
1272 1034 1319 1088 45.
1357 1033 1462 1094 Habet,
1490 1034 1584 1104 inquit,

268 1116 300 1167 ni
315 1113 421 1183 fallor,
443 1113 576 1166 ecelesiae
593 1114 677 1182 fides,
699 1113 839 1166 dominum
859 1115 891 1166 s‘o
910 1130 995 1166 conns
1012 1113 1085 1182 plus
1106 1129 1190 1183 quarn
1205 1113 1250 1174 33,
1266 1115 1352 1166 ansus
1372 1130 1463 1182 nepam
1479 1114 1519 1167 ud
1536 1130 1590 1167 suu
1689 1105 1690 1152 ἓ

268 1203 395 1263 tempora
411 1194 564 1262 passionis
587 1194 712 1252 etaiam,-
732 1193 872 1262 cereisque
893 1191 1030 1255 Romanis,
1051 1193 1096 1246 ubi
1118 1192 1181 1246 anni
1198 1210 1216 1247 a
1231 1193 1331 1257 Christi
1351 1201 1439 1246 morte
1460 1194 1590 1262 descripti

268 1283 355 1336 erant,
372 1272 398 1325 id
413 1272 564 1326 confirmari
579 1279 706 1345 testatur.
731 1272 838 1327 Deinde
855 1271 1078 1342 subjicithaod
1092 1281 1184 1326 autem
1196 1271 1221 1326 8.
1237 1273 1295 1326 Cal.
1310 1271 1405 1342 April.
1422 1275 1586 1343 mesenus
1649 1303 1656 1316 ·

265 1352 591 1406 t·.0‹11.enrnndemdte
607 1355 776 1412 resurrexit,
797 1352 948 1404 multorum
963 1351 1021 1403 tate
1042 1352 1188 1404 doctorum
1208 1353 1462 1406 ecclesiasticorum
1477 1363 1587 1406 constat

266 1435 409 1486 sententia
429 1432 584 1502 culpatum.
626 1435 693 1486 lum
713 1432 874 1502 Sigebertus
896 1433 931 1485 ad
952 1447 1051 1484 annum
1071 1431 1174 1485 Christi
1190 1433 1255 1488 532.
1271 1432 1433 1502 Dionysium
1450 1433 1588 1488 hbbatem

267 1519 389 1574 accusat,
411 1511 489 1581 quasi
511 1512 565 1564 suis
586 1512 833 1581 computat-ionibus
853 1517 978 1565 veterum
996 1511 1100 1582 placita
1120 1519 1149 1564 et
1163 1512 1352 1583 evarrgelicam
1369 1513 1515 1566 veritatem
1531 1515 1604 1566 loco·

265 1593 403 1654 movisset,
425 1591 616 1662 Christumque
637 1593 681 1645 die
704 1593 749 1648 25.
770 1591 865 1646 Martii
885 1591 984 1645 obiisse
1004 1591 1123 1644 affirmat
1144 1608 1214 1645 anno
1236 1592 1282 1646 34.
1315 1593 1359 1645 Sic
1379 1593 1468 1662 legito
1489 1594 1583 1654 locum,

267 1683 299 1726 ut
321 1671 379 1742 ejus
400 1670 471 1725 ratio
493 1665 637 1734 constet*).

345 1753 456 1813 Verum',
477 1751 526 1828 ais,
548 1742 619 1805 <eormx
629 1742 724 1806 Martii
744 1752 815 1804 diem
835 1769 888 1813 pon
908 1751 1033 1818 incidisse
1051 1749 1081 1804 in
1101 1747 1197 1805 leriam
1213 1757 1329 1813 sextam,
1350 1767 1404 1825 quo
1419 1751 1464 1805 dic
1478 1759 1587 1805 constat

264 1831 402 1885 Christum
423 1831 547 1893 occisum,
569 1831 650 1903 idque
670 1849 707 1884 ex
728 1831 810 1884 litera
830 1828 982 1898 dominicali
1003 1837 1128 1884 constare
1143 1829 1320 1893 manifestius,
1341 1849 1424 1902 quam
1436 1833 1584 1886 utsubter·

265 1911 342 1982 fugio
369 1910 404 1963 sit
429 1911 512 1964 loeus.
553 1913 630 1965 Haec
649 1911 721 1964 ratio
742 1911 872 1984 quosdam
891 1910 1027 1979 compulit,
1048 1917 1080 1963 ut
1100 1910 1200 1964 Christi
1220 1917 1334 1964 mortem
1357 1911 1542 1965 transferrent
1560 1911 1587 1966 in

265 1990 419 2060 proximum
447 1986 531 2053 dieni;
559 1999 634 2044 certe
661 1988 816 2059 Onuphrius
844 1997 872 2042 et
899 1991 934 2043 ad
960 1987 1046 2043 fastos
1067 1993 1224 2045 consulares
1246 1999 1276 2043 et
1295 1989 1321 2046 in
1341 1991 1475 2044 chronicis
1498 1992 1524 2044 id
1546 1999 1586 2044 est

265 2076 384 2132 secutus,
406 2076 435 2123 et
454 2072 631 2140 Maurolyeus
651 2071 679 2124 in
699 2088 748 2124 suo
767 2069 977 2140 Martyrologio,
999 2069 1099 2124 relicta
1119 2072 1162 2123 die
1184 2071 1230 2124 25.
1252 2070 1353 2132 Martii,
1374 2089 1469 2124 necem
1485 2071 1586 2124 Christi

265 2149 422 2220 designarit
448 2150 492 2203 dia
523 2153 568 2204 26.
614 2150 682 2204 Mihi
708 2157 800 2204 tamen
827 2167 914 2220 grave
935 2149 1093 2212 videbatur,
1114 2151 1159 2204 vel
1184 2149 1213 2204 in
1239 2167 1274 2203 ea
1298 2167 1329 2203 re
1356 2151 1392 2204 ab
1412 2151 1586 2222 antiquorum

265 2247 398 2284 consensu
419 2235 448 2283 et
468 2230 673 2302 martyrologiis
694 2231 843 2306 discedere.
878 2231 974 2300 quue
994 2247 1090 2283 rerum
1108 2237 1184 2298 puto,
1206 2231 1277 2301 quod
1297 2231 1401 2284 Paulus
1420 2231 1492 2284 Foro
1515 2249 1582 2284 sem·

264 2326 314 2379 per
335 2311 416 2362 docet
435 2317 506 2379 part.
528 2311 575 2365 lib.
596 2311 658 2364 XII.
680 2328 702 2365 c.
725 2311 752 2371 3,
774 2327 811 2362 ex
831 2310 942 2379 antiquo
965 2326 1056 2363 errore
1078 2312 1258 2372 sacerdotum,
1280 2312 1314 2362 de
1334 2327 1387 2381 quo
1408 2317 1466 2364 tum
1476 2311 1586 2366 Solinus

265 2389 328 2459 agit
351 2397 409 2443 tum
434 2389 590 2444 Macrobius
612 2389 668 2456 (lib.
691 2393 711 2444 I.
734 2391 825 2443 Satur.
847 2391 870 2442 'c.
894 2383 950 2452 12),
978 2406 1030 2458 quo
1055 2405 1104 2458 per
1125 2389 1259 2443 inscitiam
1284 2391 1457 2459 computandi
1479 2391 1585 2444 initium

264 2470 328 2524 enni
358 2469 445 2522 tribus
474 2471 570 2522 diebus
599 2476 822 2540 postposuerant,
853 2485 890 2522 ox
920 2467 1031 2538 ejusque
1062 2469 1161 2522 erroris
1185 2467 1375 2538 correctione,
1404 2487 1477 2540 quae
1501 2470 1582 2539 jussu

264 2549 385 2619 Augusti
410 2549 487 2604 facte
513 2557 563 2612 est,
590 2566 689 2604 norum
710 2551 810 2603 natum
836 2565 964 2611 errorem,
991 2566 1044 2618 quo
1070 2548 1134 2602 anni
1155 2548 1260 2602 initium
1281 2566 1334 2602 uno
1356 2549 1400 2603 die
1420 2557 1484 2618 post
1504 2567 1585 2620 quam

265 2630 379 2682 deberet
398 2630 560 2698 ponebatur,
587 2629 662 2698 cnjus
689 2628 789 2682 erroris
814 2628 934 2710 vestigia
954 2629 1021 2682 satis
1042 2634 1142 2698 aperta
1155 2629 1189 2682 in
1210 2637 1334 2684 veterum
1354 2630 1584 2684 calculationibus

264 2715 377 2761 exstare
398 2709 424 2762 in
446 2725 480 2762 ea
500 2715 595 2763 nostra
615 2709 798 2778 disputatione
818 2710 853 2761 de
874 2710 925 2776 hoc
946 2716 1108 2778 argumento
1128 2707 1392 2771 monstravimus“).
1413 2710 1461 2763 Sic
1470 2710 1583 2770 facturn,

263 2796 296 2842 ut
315 2787 374 2842 dies
394 2787 496 2856 primus
518 2788 648 2860 cujusque
668 2789 767 2842 mensis
787 2789 946 2849 haberetur,
967 2787 1014 2858 qui
1033 2805 1064 2866 re
1085 2805 1154 2841 veru
1173 2791 1309 2842 secundus
1329 2795 1399 2854 erat,
1421 2807 1456 2842 ac
1476 2791 1523 2844 25.
1539 2789 1586 2859 qui

264 2875 327 2928 erat
353 2869 398 2922 26.
446 2869 508 2930 Qua
538 2869 621 2924 etiam
651 2868 758 2922 ratione
788 2867 989 2938 intelligamus,
1023 2867 1161 2922 Christum
1191 2868 1235 2923 die
1268 2868 1383 2922 Veneris
1414 2879 1583 2939 conceptum.

263 2954 358 3000 natum
376 2947 420 3002 die
435 2948 584 3011 Dominico‚
605 2947 646 3002 uti
666 2949 750 3017 uulgo
765 2963 928 3018 magnorum
941 2947 1059 3000 virorum
1074 2947 1163 3017 opinio
1178 2947 1273 3011 habet,
1294 2948 1431 3018 quodnisi
1447 2949 1476 3002 in
1492 2966 1586 3002 errore

264 3027 452 3081 animadverso
480 3033 605 3082 constare
631 3046 686 3082 non
710 3033 816 3097 potest;
843 3044 931 3098 neque
958 3029 1028 3080 enim
1055 3043 1087 3080 eo
1108 3044 1187 3091 anno,
1216 3046 1268 3097 quo
1289 3028 1413 3081 Christus
1435 3037 1584 3099 conceptus

265 3112 308 3160 est
334 3115 363 3160 et
387 3115 478 3169 natus,
505 3108 563 3160 dies
591 3109 636 3162 25.
658 3106 751 3168 Martii
772 3106 799 3160 in
819 3107 890 3160 diem
911 3107 1025 3160 Veneris
1046 3105 1147 3169 incidit,
1174 3108 1222 3159 sed
1243 3108 1271 3160 in
1291 3108 1362 3162 diem
1381 3108 1467 3172 doris,
1495 3127 1585 3180 neque

264 3185 425 3240 Decembris
446 3187 511 3240 item
533 3187 578 3242 25.
600 3187 629 3242 in
648 3187 720 3242 diem
740 3185 908 3249 dominicam,
929 3188 978 3240 sed
998 3186 1025 3240 in
1045 3187 1211 3242 sabbathum
1232 3184 1355 3252 etam).

609 3333 610 3340 ,
714 3269 716 3276 ’
749 3279 912 3346 Hactenus
943 3278 1101 3344 Mariana.

264 3367 307 3430 Et
330 3370 398 3450 jam
427 3367 543 3432 harum
566 3367 759 3451 Eclogarum
786 3365 830 3431 ad
852 3367 1071 3450 quaestionem
1092 3365 1319 3433 nobilissimam
1344 3368 1480 3435 desero
1503 3391 1588 3436 anno

540 3457 696 3540 passionis
719 3456 1048 3610 Dfflifliffissigue
1066 3457 1309 3540 pertinentium,
1332 3524 1335 3528 ,

268 3672 478 3680 -·-—-——-—

274 3747 277 3754 ·
371 3724 398 3788 ⁴*)
427 3727 479 3776 imo
507 3728 546 3778 10.
570 3729 625 3778 Cal.
644 3743 741 3794 passus,
760 3728 785 3778 8.
806 3727 860 3778 Cal.
880 3729 1022 3776 resurrexit.
1053 3726 1215 3777 Perturbavit
1233 3729 1300 3777 anim
1318 3727 1363 3776 hos
1383 3733 1499 3778 auctores
1518 3744 1586 3778 error

263 3797 354 3846 calculi
380 3797 488 3856 Judaici,
516 3799 591 3848 biduo
615 3801 699 3849 Lunae
725 3803 874 3864 anticipans,
903 3805 949 3847 aut
973 3805 1040 3848 certe
1066 3811 1186 3848 ascensus
1212 3800 1364 3863 aequinoctii
1389 3802 1417 3848 in
1441 3801 1504 3849 alios
1523 3801 1582 3850 dies.

265 3867 391 3933 Sigebertl
410 3871 492 3932 opinio
512 3883 528 3918 a
545 3871 663 3920 Mariana
680 3871 785 3920 detensa
803 3883 943 3934 perperam,
969 3869 1088 3918 Mariana
1105 3885 1156 3918 non
1174 3870 1252 3919 habet
1270 3873 1469 3920 consentientem
1486 3873 1585 3922 seriam.

316 3951 321 3964 ¹
352 3937 397 4002 **)
424 3941 542 3990 Mariana
569 3942 670 4005 culpam
697 3942 867 3991 dissentientis
895 3942 973 3990 reniae
1002 3943 1099 3990 confert
1125 3943 1152 3990 in
1180 3944 1360 3991 correctionem
1387 3943 1513 4007 Augusti,
1540 3943 1585 3991 sed

264 4025 374 4059 errorem
393 4012 447 4060 Cal.
467 4011 575 4061 Romam
592 4013 662 4062 nullo
680 4021 814 4076 praeterea
832 4019 897 4062 teste
916 4013 1009 4070 linnat,
1028 4015 1096 4061 circa
1112 4012 1178 4062 haec
1196 4014 1298 4077 quidem
1316 4019 1440 4076 tempora.

335 4081 397 4143 Μ)
425 4081 482 4132 Non
500 4097 561 4132 sane
586 4085 612 4132 in
631 4097 696 4134 anno
714 4084 882 4148 praecedente
901 4085 1000 4132 initium
1018 4097 1104 4141 aerae,
1123 4090 1150 4132 at
1163 4091 1230 4134 certa
1243 4085 1344 4134 biennio
1358 4093 1430 4143 ante,
1446 4085 1489 4150 qui
1505 4098 1583 4134 annus

263 4153 361 4219 magnis
380 4153 431 4204 illis
450 4155 509 4202 viris
528 4157 627 4204 eratin
646 4156 737 4204 animo.
949 4165 954 4176 ·
