3428 5542
278 283 341 355 118
840 297 1060 394 remensem

92 483 94 495 ·
137 506 142 515 .
275 449 407 514 Judaee
425 465 534 512 meaa
550 444 744 528 potiemur,
764 442 862 524 ipsum
878 439 996 506 scilicet
1014 441 1184 505 Romarm
1204 437 1362 521 imperinm
1377 439 1435 502 sibi
1452 437 1626 511 snbdment,

275 546 363 602 tanto
379 538 479 601 studio
494 550 594 599 rerum
607 534 828 606 Parthicarum,
850 539 899 596 tot
916 529 1103 612 myriadibus
1121 530 1307 593 ,ludaeorum
1328 537 1416 592 trans
1435 526 1625 608 Euphratem

274 627 500 700 habitantibus,
527 621 606 686 uude
634 623 756 685 venisse
779 619 864 702 Magi
894 619 1120 694 existimantnrr
1152 637 1219 681 cum
1249 618 1394 682 haereret
1415 617 1449 680 in
1472 614 1625 678 huminum

274 713 434 790 memoria,
455 713 577 794 quantis
593 709 711 774 damnis
733 717 805 774 ante
827 727 924 772 anuos
946 707 1074 788 triginta
1096 707 1189 770 luerit
1210 707 1323 770 affecta
1338 705 1431 788 Syria
1453 725 1474 767 a
1487 703 1624 778 Parthis,

274 805 462 885 Antigonum
477 801 509 865 iu
523 800 673 864 Jndeeam
686 799 932 864 restituentibus.
967 797 1035 860 Nec
1057 795 1196 860 didieiles
1210 795 1367 860 Remanos
1388 794 1482 858 inisse
1503 811 1563 874 par
1578 801 1624 856 est

275 894 372 968 credi,
393 890 550 974 atquibus
565 908 648 952 more
663 889 764 970 patrio
778 887 892 950 licebat
907 886 1029 961 tollere,
1051 885 1180 948 educare
1199 903 1307 948 recens
1327 890 1419 947 natos
1433 883 1549 946 liberos
1571 901 1623 963 pro

274 983 377 1056 libitu,
410 980 519 1062 quique
542 985 614 1041 ante
637 997 732 1041 annos
757 977 919 1057 sexaginta
941 975 1062 1039 circiter
1084 973 1231 1038 Cicerone
1253 971 1446 1052 etAntonio
1471 967 1562 1036 Coss
1587 971 1624 1033 ob

275 1089 398 1135 oausam
417 1070 509 1151 plane
532 1067 672 1141 eandem,
694 1083 764 1129 eam
776 1066 974 1148 prodigiam,
997 1069 1123 1127 metere
1138 1059 1228 1126 Jede'o
1242 1061 1410 1136 Murcido,
1432 1060 1625 1142 Romaefo·

136 1147 139 1160 '
275 1167 357 1222 earm
371 1165 450 1220 esset
460 1155 593 1239 publice,
617 1175 676 1238 pero
692 1155 954 1228 denuntiabatur,
976 1170 1078 1236 regem
1090 1152 1208 1235 populo
1223 1152 1369 1216 Rectene
1382 1157 1533 1216 mumma
1544 1169 1625 1231 par-

274 1249 389 1322 turire,
414 1247 694 1310 senatusconsulto
711 1250 872 1319 caverant,
893 1250 928 1306 ut
946 1261 1050 1316 armo,
1072 1243 1127 1324 pue·
1141 1259 1176 1304 ee
1191 1258 1274 1307 oreae
1287 1249 1383 1306 anem
1396 1245 1484 1313 erret,
1507 1240 1624 1304 educo-

274 1345 371 1411 retor,
387 1337 446 1399 etse·
457 1353 640 1418 pouoorron,
656 1336 710 1417 pai
722 1333 875 1418 procidere
887 1351 1003 1398 aceres
1012 1332 1179 1428 'habebant
1200 1333 1420 1397 immoratione
1427 1331 1567 1415 jecman,
1588 1348 1625 1392 ue

275 1427 308 1492 id
322 1433 424 1490 ratum
438 1424 611 1488 haberetur.

361 1515 502 1578 Herodes
524 1532 591 1576 curn
605 1513 675 1576 filiis
697 1531 734 1574 ac
750 1512 853 1576 forsan
876 1520 909 1575 et
924 1511 1049 1576 Christo
1071 1519 1144 1574 nato
1159 1529 1271 1574 aunum
1289 1528 1381 1572 uuum
1402 1516 1435 1572 et
1448 1508 1542 1590 paulo
1558 1527 1624 1570 am-

273 1605 353 1687 plius
369 1602 601 1686 supervixisset,
624 1620 703 1664 auno
718 1600 770 1662 42.
785 1601 878 1666 fllium
892 1601 1103 1682 Antipatrum,
1127 1600 1354 1681 cujuslratrum
1369 1599 1453 1661 necis
1469 1605 1624 1660 meterem

277 1702 310 1757 et
324 1693 539 1774 instigatorem
552 1691 747 1774 praecipuum
769 1691 896 1774 ideoque
912 1707 1037 1754 exosum
1052 1691 1205 1764 omnibus,
1227 1690 1398 1752 convictum
1412 1687 1507 1750 etiam
1523 1705 1625 1750 coram

274 1781 422 1855 Quintilio
437 1783 523 1844 Varo
549 1780 696 1843 destinati
710 1780 880 1861 parricidii,
900 1786 1058 1862 potestate
1075 1779 1336 1842 animadvertendi
1353 1779 1392 1842 ab
1406 1778 1551 1857 Angusta
1566 1776 1625 1838 im-

273 1879 413 1955 petrata,
434 1889 490 1952 per
506 1869 670 1933 satellitem
686 1869 813 1945 occidit,
838 1870 879 1933 14
895 1869 1000 1932 diebus
1022 1875 1094 1934 ante
1108 1869 1226 1950 pascha
1241 1875 1333 1949 atque
1357 1861 1400 1948 (si
1416 1865 1557 1928 11111141.
1574 1866 1625 1928 26.

273 1960 452 2025 Decembris
462 1959 603 2023 Christus
618 1951 725 2039 natus)
742 1959 849 2022 eodem
863 1966 999 2040 tempore
1016 1965 1048 2020 et
1063 1958 1211 2022 infantum
1226 1957 1351 2020 caedem
1368 1955 1500 2035 adjicere
1514 1955 1624 2036 potnit,

274 2051 344 2132 quie
365 2049 540 2112 Macrobius
567 2047 654 2110 unius
676 2055 797 2110 tantum
816 2047 870 2112 filii
896 2047 1032 2111 meminit
1059 2066 1126 2110 omn
1146 2046 1314 2109 infantibus
1336 2045 1437 2108 occisi.
1484 2042 1623 2125 Quinque

234 2171 241 2179 ·
274 2139 381 2204 diebus
396 2146 476 2219 post,
499 2138 579 2200 circa
596 2138 624 2198 2.
641 2136 759 2200 scilicet
773 2137 906 2219 Aprilis,
927 2142 1063 2198 mortuns
1079 2143 1128 2198 est
1141 2135 1281 2199 Herodes
1295 2133 1497 2198 Hierichunti.
1529 2132 1624 2214 Cujus

161 2209 177 2286 ἰ
272 2228 326 2290 lilii
340 2228 528 2302 Archelaus,
549 2226 689 2288 Herodes
705 2233 737 2287 et
751 2227 917 2308 Philippus,
937 2226 1067 2288 Romam
1082 2225 1263 2304 navigantes
1278 2231 1400 2287 aestate
1416 2231 1581 2305 sequente,
1604 2245 1624 2285 a

272 2317 409 2382 Caesare
417 2316 561 2396 Angusto
575 2333 702 2394 reguum
716 2334 771 2396 pro
788 2325 821 2378 s'e
837 2315 961 2397 quisque
975 2315 1133 2395 petebant,
1148 2314 1343 2396 praesidente
1352 2312 1524 2392 injudicio,
1534 2313 1624 2392 jussu

272 2406 371 2488 patris
384 2405 542 2485 Augusti,
566 2402 600 2468 0.
617 2402 752 2468 Caesare
773 2405 851 2479 lilio;
876 2403 1038 2467 eratenim
1058 2411 1131 2466 aute
1146 2403 1299 2467 biennium
1320 2424 1342 2468 a
1354 2409 1446 2483 patr-e
1467 2403 1503 2466 ia
1510 2402 1624 2484 soram

273 2495 435 2566 deductura,
449 2500 485 2556 ut
498 2494 657 2556 interesset
672 2491 813 2556 consiliis
825 2491 969 2575 police,
985 2492 1233 2575 qnodAugnstns
1247 2493 1313 2574 ipse
1328 2492 1463 2572 prodidit
1477 2491 1510 2554 in
1520 2491 1623 2572 lapide

273 2584 447 2665 Ancyrauo.
477 2584 636 2663 Augustus
652 2583 764 2645 auditis
779 2584 907 2645 filiomm
920 2582 1052 2647 Herodis
1067 2582 1241 2663 postulatis,
1263 2600 1348 2644 mora
1362 2581 1508 2644 nonnulla
1523 2580 1622 2645 iuter-

272 2672 375 2754 posita
390 2671 513 2734 taudem
522 2670 676 2735 Archelao
693 2671 847 2734 dimidium
862 2671 985 2735 ditionis
1000 2671 1194 2735 Herodianae
1211 2671 1276 2734 sine
1291 2671 1377 2752 regio
1392 2669 1492 2744 titulo,
1507 2671 1623 2734 Herodi

273 2759 454 2835 Galilaeem,
468 2761 610 2842 Philippo
618 2761 865 2824 Trachonitidem
881 2761 1062 2842 assignavit,
1079 2760 1182 2844 itaque
1198 2760 1279 2824 circa
1294 2767 1470 2833 autumnum
1485 2761 1559 2822 anni
1573 2759 1623 2821 42.

271 2837 302 2914 id
326 2855 412 2913 suam
434 2849 558 2932 quisque
582 2849 728 2914 ditionem
750 2858 968 2915 concesserunt
991 2869 1102 2931 easque
1130 2851 1334 2913 excoluerunt
1370 2851 1454 2912 Tunc
1468 2849 1624 2929 Jcsephns

272 2938 418 3002 divinitus
434 2939 560 3002 edoctus
575 2957 701 3019 puerum
715 2939 737 3002 J
738 2957 821 3002 esum
836 2940 968 3003 nondum
982 2940 1103 3014 bimum,
1127 2939 1225 3002 adhuc
1240 2939 1357 3002 recenti
1372 2939 1454 3001 fama
1469 2937 1621 3002 mucesci-

272 3028 339 3091 ouie
354 3027 482 3090 filiomm
497 3028 642 3103 Herodis,
665 3047 755 3109 quam
769 3029 801 3091 iu
815 3030 960 3111 Aegypto
975 3030 1108 3092 noudum
1131 3036 1301 3110 acceperat,
1315 3029 1365 3090 rel
1382 3023 1433 3109 (ut
1447 3027 1622 3109 Epiphanio

271 3116 343 3197 quid
358 3113 541 3198 tribuamus)
557 3117 677 3180 biennio
692 3126 774 3198 post,
789 3119 880 3181 rebus
890 3119 956 3199 jam
971 3119 1142 3199 lirmapaoe
1153 3119 1338 3200 compositis,
1354 3119 1416 3179 fere
1433 3117 1622 3198 quadrimum

130 3251 134 3257 .
271 3223 310 3267 ex
323 3206 468 3287 Aegypto
483 3205 613 3280 reduxit,
634 3225 833 3272 concessums
847 3208 878 3269 in
892 3208 1042 3271 Jndeeam
1058 3226 1144 3271 snam
1157 3208 1297 3288 patriam
1336 3205 1400 3269 Sed
1415 3222 1483 3268 cum
1498 3207 1621 3269 Arche-

269 3292 352 3356 laum
367 3295 486 3376 patriae
510 3315 583 3360 suae
600 3296 751 3358 dominum
772 3303 937 3372 metueret,
959 3317 997 3361 ue
1013 3297 1168 3360 codicillos
1190 3297 1319 3360 haberet
1339 3317 1360 3358 a
1381 3302 1471 3376 patre
1488 3295 1621 3370 relictos,

207 3386 212 3408 ²
270 3391 324 3446 ant
345 3384 482 3464 parentis
505 3384 698 3448 consiliorum
720 3385 801 3452 circa
822 3386 947 3450 caedem
966 3387 1115 3449 infantum
1134 3386 1289 3467 particeps
1302 3379 1467 3466 (atquem
1481 3385 1622 3449 Herodes

270 3489 477 3536 successorem
499 3480 685 3554 testamepto
709 3470 921 3557 instituerat),
945 3495 1000 3556 per
1025 3475 1198 3538 emissarios
1223 3475 1435 3538 admoueretur
1459 3475 1497 3536 de
1523 3475 1622 3538 reditu

151 3585 158 3606 =
267 3561 409 3642 Jcsephi,
431 3562 565 3638 Mariae,
586 3563 663 3626 Jesu
677 3565 762 3644 pueri
779 3565 972 3645 fugitivomm
993 3560 1081 3646 (qnid
1096 3564 1176 3628 enim
1190 3564 1217 3626 si
1230 3563 1370 3627 Herodes
1393 3563 1531 3626 infantes
1546 3583 1619 3628 eon·

268 3651 434 3732 quisiturns
450 3649 573 3714 tabulas
589 3671 699 3715 censue
715 3653 833 3716 adivit?
864 3654 1013 3735 quomodo
1036 3661 1108 3716 tuuc
1124 3671 1248 3735 sperare
1262 3653 1364 3735 potnit
1377 3651 1534 3734 Jcsephns
1550 3673 1621 3716 sno·

267 3757 334 3802 rum
348 3739 470 3802 nomina
485 3740 631 3804 fefellisse
638 3735 678 3820 1),
693 3743 802 3804 maluit
816 3743 848 3805 in
863 3743 965 3824 patria
975 3743 1092 3806 Mariae
1103 3743 1260 3806 Nazareth
1270 3739 1431 3806 Galilaeae
1448 3743 1504 3805 snb
1520 3743 1621 3806 Hem-

171 3825 177 3834 '
268 3827 315 3890 dis
331 3829 500 3892 tetrarchia
515 3829 681 3892 considere.
708 3830 850 3895 Christus
866 3831 997 3896 odicium
1006 3832 1169 3907 inchoarit,
1185 3836 1316 3912 accepto
1326 3830 1527 3912 baptismate,
1543 3853 1621 3896 anuo

269 3915 450 3992 leutherii,
464 3917 587 3982 Juliano
604 3913 654 3982 73.
671 3939 768 3983 anuos
782 3929 873 3984 uatus
889 3922 932 3984 32
953 3921 1003 3984 vel
1023 3922 1201 4003 pauloplns,
1215 3920 1318 4002 itaque
1333 3920 1422 4003 quasi
1438 3921 1621 3986 tricenarius

266 4006 414 4068 communi
429 4006 560 4070 formula
575 4007 719 4089 loquendi
735 4009 790 4070 hc.
948 3989 970 4036 '⁸

353 4096 575 4176 Desuutigitur
590 4105 714 4160 nostrae
731 4118 831 4173 aerae,
846 4117 907 4180 qua
914 4099 1005 4162 hodie
1015 4099 1126 4163 utimur
1134 4115 1191 4181 per
1198 4099 1362 4181 Europam,
1378 4099 1450 4161 anui
1465 4098 1622 4164 minimum

266 4191 396 4266 quatuor
411 4193 444 4248 et
459 4185 600 4250 lortamis
611 4187 737 4250 'ommno
754 4188 892 4270 quinque.
929 4189 1039 4271 ltaque
1056 4208 1143 4270 quem
1158 4203 1349 4253 numeremus
1368 4187 1463 4263 1606,
1485 4209 1546 4271 quo
1562 4191 1622 4254 ista

266 4273 374 4348 scribo,
388 4274 416 4338 is
432 4283 481 4338 est
495 4275 544 4337 rel
562 4272 647 4339 1610
667 4276 718 4338 'vel
736 4273 829 4340 1611.
859 4277 957 4342 Nemo
973 4285 1089 4353 tamen,
1106 4278 1155 4360 qui
1172 4279 1291 4360 sapiat,
1304 4285 1473 4360 propterea
1489 4281 1622 4344 suaserit

264 4361 411 4426 usitatam
431 4371 480 4426 tot
502 4363 612 4428 seculis
635 4384 739 4428 aeram
761 4366 926 4448 deponere:
951 4369 1078 4443 sufficit,
1100 4376 1135 4431 ut
1150 4367 1295 4442 sciamus,
1317 4365 1437 4433 initium
1460 4369 1529 4451 ejus
1545 4370 1621 4434 sumi

264 4451 303 4516 ab
318 4469 398 4516 anno
414 4453 519 4535 quinto
532 4455 582 4516 vel
597 4461 687 4518 sento
703 4456 817 4520 aetatis
834 4455 958 4520 Christi.

832 4631 1041 4698 FINIS.
