<?xml version="1.0" encoding="UTF-8"?>
<!DOCTYPE html PUBLIC "-//W3C//DTD XHTML 1.0 Transitional//EN"
    "http://www.w3.org/TR/xhtml1/DTD/xhtml1-transitional.dtd">
<html xmlns="http://www.w3.org/1999/xhtml" xml:lang="en" lang="en">
 <head>
  <title>
</title>
<meta http-equiv="Content-Type" content="text/html;charset=utf-8" />
  <meta name='ocr-system' content='tesseract 3.04.00' />
  <meta name='ocr-capabilities' content='ocr_page ocr_carea ocr_par ocr_line ocrx_word'/>
</head>
<body>
  <div class='ocr_page' id='page_1' title='image "./joanniskepleria00unkngoog_0456.png"; bbox 0 0 3396 5540; ppageno 0'>
   <div class='ocr_carea' id='block_1_1' title="bbox 671 214 1471 282">
    <p class='ocr_par' dir='ltr' id='par_1_1' title="bbox 671 214 1471 282">
     <span class='ocr_line' id='line_1_1' title="bbox 671 214 1471 282; baseline 0.018 -16"><span class='ocrx_word' id='word_1_1' title='bbox 671 214 779 282; x_wconf 80' lang='lat' dir='ltr'>Eclcgae</span> <span class='ocrx_word' id='word_1_2' title='bbox 804 218 950 268; x_wconf 78' lang='lat' dir='ltr'>Clrronlcac.</span> <span class='ocrx_word' id='word_1_3' title='bbox 1408 221 1471 280; x_wconf 76' lang='lat'>437</span> 
     </span>
    </p>
   </div>
   <div class='ocr_carea' id='block_1_2' title="bbox 146 387 1474 3228">
    <p class='ocr_par' dir='ltr' id='par_1_2' title="bbox 147 387 1474 1801">
     <span class='ocr_line' id='line_1_2' title="bbox 238 387 1474 476; baseline 0.002 -22"><span class='ocrx_word' id='word_1_4' title='bbox 238 387 294 454; x_wconf 89' lang='lat' dir='ltr'>Sin</span> <span class='ocrx_word' id='word_1_5' title='bbox 318 395 422 456; x_wconf 83' lang='lat' dir='ltr'>autem</span> <span class='ocrx_word' id='word_1_6' title='bbox 453 390 627 470; x_wconf 76' lang='lat' dir='ltr'><strong>existimas,</strong></span> <span class='ocrx_word' id='word_1_7' title='bbox 660 393 755 456; x_wconf 88' lang='lat' dir='ltr'>etiam</span> <span class='ocrx_word' id='word_1_8' title='bbox 782 412 873 458; x_wconf 89' lang='lat' dir='ltr'>arne</span> <span class='ocrx_word' id='word_1_9' title='bbox 900 391 1022 474; x_wconf 86' lang='lat' dir='ltr'>aliquid</span> <span class='ocrx_word' id='word_1_10' title='bbox 1046 391 1217 476; x_wconf 73' lang='lat' dir='ltr'>superaddi</span> <span class='ocrx_word' id='word_1_11' title='bbox 1248 413 1356 476; x_wconf 80' lang='lat' dir='ltr'>posse,</span> <span class='ocrx_word' id='word_1_12' title='bbox 1388 393 1474 474; x_wconf 88' lang='lat' dir='ltr'>quod</span> 
     </span>
     <span class='ocr_line' id='line_1_3' title="bbox 148 477 1474 564; baseline 0.002 -22"><span class='ocrx_word' id='word_1_13' title='bbox 148 477 294 543; x_wconf 84' lang='lat' dir='ltr'>fortassis</span> <span class='ocrx_word' id='word_1_14' title='bbox 316 479 418 561; x_wconf 91' lang='lat' dir='ltr'>ipsum</span> <span class='ocrx_word' id='word_1_15' title='bbox 442 480 537 544; x_wconf 88' lang='lat' dir='ltr'>etiam</span> <span class='ocrx_word' id='word_1_16' title='bbox 561 479 773 564; x_wconf 76' lang='lat' dir='ltr'>Epiphaniam</span> <span class='ocrx_word' id='word_1_17' title='bbox 797 482 942 560; x_wconf 89' lang='lat' dir='ltr'>latuerit,</span> <span class='ocrx_word' id='word_1_18' title='bbox 972 501 1067 564; x_wconf 87' lang='lat' dir='ltr'>quarn</span> <span class='ocrx_word' id='word_1_19' title='bbox 1094 481 1274 562; x_wconf 87' lang='lat' dir='ltr'>opinionem</span> <span class='ocrx_word' id='word_1_20' title='bbox 1297 480 1401 544; x_wconf 88' lang='lat' dir='ltr'>nullus</span> <span class='ocrx_word' id='word_1_21' title='bbox 1425 487 1474 545; x_wconf 89' lang='lat' dir='ltr'>est</span> 
     </span>
     <span class='ocr_line' id='line_1_4' title="bbox 149 567 1472 654; baseline 0.001 -24"><span class='ocrx_word' id='word_1_22' title='bbox 149 567 416 634; x_wconf 87' lang='lat' dir='ltr'>barmonistarum</span> <span class='ocrx_word' id='word_1_23' title='bbox 447 567 501 650; x_wconf 88' lang='lat' dir='ltr'>qni</span> <span class='ocrx_word' id='word_1_24' title='bbox 527 567 567 634; x_wconf 90' lang='lat' dir='ltr'>de</span> <span class='ocrx_word' id='word_1_25' title='bbox 589 589 623 634; x_wconf 89' lang='lat' dir='ltr'>se</span> <span class='ocrx_word' id='word_1_26' title='bbox 644 569 715 651; x_wconf 90' lang='lat' dir='ltr'>ipso</span> <span class='ocrx_word' id='word_1_27' title='bbox 738 591 802 634; x_wconf 89' lang='lat' dir='ltr'>non</span> <span class='ocrx_word' id='word_1_28' title='bbox 825 569 1063 654; x_wconf 78' lang='lat' dir='ltr'>praesumserit:</span> <span class='ocrx_word' id='word_1_29' title='bbox 1089 589 1146 650; x_wconf 83' lang='lat' dir='ltr'>age</span> <span class='ocrx_word' id='word_1_30' title='bbox 1167 589 1218 632; x_wconf 90' lang='lat' dir='ltr'>me</span> <span class='ocrx_word' id='word_1_31' title='bbox 1240 569 1366 649; x_wconf 80' lang='lat' dir='ltr'>audias,</span> <span class='ocrx_word' id='word_1_32' title='bbox 1395 591 1472 652; x_wconf 92' lang='lat' dir='ltr'>qno·</span> 
     </span>
     <span class='ocr_line' id='line_1_5' title="bbox 149 656 1473 741; baseline 0 -21"><span class='ocrx_word' id='word_1_33' title='bbox 149 656 245 722; x_wconf 90' lang='lat' dir='ltr'>modo</span> <span class='ocrx_word' id='word_1_34' title='bbox 277 663 412 739; x_wconf 86' lang='lat' dir='ltr'>quatuor</span> <span class='ocrx_word' id='word_1_35' title='bbox 441 656 499 720; x_wconf 91' lang='lat' dir='ltr'>illa</span> <span class='ocrx_word' id='word_1_36' title='bbox 528 658 682 741; x_wconf 77' lang='lat' dir='ltr'>paschata</span> <span class='ocrx_word' id='word_1_37' title='bbox 704 657 871 736; x_wconf 88' lang='lat' dir='ltr'>Chemnitii</span> <span class='ocrx_word' id='word_1_38' title='bbox 896 657 1038 740; x_wconf 80' lang='lat' dir='ltr'>redigam</span> <span class='ocrx_word' id='word_1_39' title='bbox 1068 657 1195 720; x_wconf 84' lang='lat' dir='ltr'>iniria.</span> <span class='ocrx_word' id='word_1_40' title='bbox 1242 657 1380 724; x_wconf 88' lang='lat' dir='ltr'>Primum</span> <span class='ocrx_word' id='word_1_41' title='bbox 1401 657 1473 722; x_wconf 87' lang='lat' dir='ltr'>eub-</span> 
     </span>
     <span class='ocr_line' id='line_1_6' title="bbox 148 738 1473 830; baseline 0.002 -22"><span class='ocrx_word' id='word_1_42' title='bbox 148 742 254 810; x_wconf 90' lang='lat' dir='ltr'>scribo</span> <span class='ocrx_word' id='word_1_43' title='bbox 275 765 347 808; x_wconf 89' lang='lat' dir='ltr'>cum</span> <span class='ocrx_word' id='word_1_44' title='bbox 370 745 544 812; x_wconf 87' lang='lat' dir='ltr'>Chemnitio</span> <span class='ocrx_word' id='word_1_45' title='bbox 567 738 743 812; x_wconf 82' lang='lat' dir='ltr'>sententiae</span> <span class='ocrx_word' id='word_1_46' title='bbox 765 748 902 826; x_wconf 82' lang='lat' dir='ltr'>irenaei,</span> <span class='ocrx_word' id='word_1_47' title='bbox 928 754 994 810; x_wconf 89' lang='lat' dir='ltr'>tres</span> <span class='ocrx_word' id='word_1_48' title='bbox 1023 747 1144 830; x_wconf 84' lang='lat' dir='ltr'>priores</span> <span class='ocrx_word' id='word_1_49' title='bbox 1168 745 1385 826; x_wconf 84' lang='lat' dir='ltr'>Evangelistas</span> <span class='ocrx_word' id='word_1_50' title='bbox 1408 767 1473 810; x_wconf 91' lang='lat' dir='ltr'>uon</span> 
     </span>
     <span class='ocr_line' id='line_1_7' title="bbox 148 833 1473 915; baseline 0 -17"><span class='ocrx_word' id='word_1_51' title='bbox 148 833 241 898; x_wconf 83' lang='lat' dir='ltr'>ualde</span> <span class='ocrx_word' id='word_1_52' title='bbox 263 853 391 898; x_wconf 78' lang='lat' dir='ltr'>maesse</span> <span class='ocrx_word' id='word_1_53' title='bbox 413 833 557 900; x_wconf 78' lang='lat' dir='ltr'>ordinem</span> <span class='ocrx_word' id='word_1_54' title='bbox 579 835 734 901; x_wconf 82' lang='lat' dir='ltr'>dictorrnn</span> <span class='ocrx_word' id='word_1_55' title='bbox 750 842 783 903; x_wconf 89' lang='lat' dir='ltr'>et</span> <span class='ocrx_word' id='word_1_56' title='bbox 798 837 953 900; x_wconf 78' lang='lat' dir='ltr'>lactonun</span> <span class='ocrx_word' id='word_1_57' title='bbox 969 834 1096 911; x_wconf 79' lang='lat' dir='ltr'>Christi,</span> <span class='ocrx_word' id='word_1_58' title='bbox 1121 833 1179 897; x_wconf 88' lang='lat' dir='ltr'>sed</span> <span class='ocrx_word' id='word_1_59' title='bbox 1202 835 1306 915; x_wconf 90' lang='lat' dir='ltr'>potins</span> <span class='ocrx_word' id='word_1_60' title='bbox 1321 834 1362 897; x_wconf 89' lang='lat' dir='ltr'>de</span> <span class='ocrx_word' id='word_1_61' title='bbox 1378 834 1473 898; x_wconf 84' lang='lat' dir='ltr'>rebus</span> 
     </span>
     <span class='ocr_line' id='line_1_8' title="bbox 147 920 1471 1008; baseline -0.002 -20"><span class='ocrx_word' id='word_1_62' title='bbox 147 923 225 1006; x_wconf 89' lang='lat' dir='ltr'>ipsis</span> <span class='ocrx_word' id='word_1_63' title='bbox 247 923 343 986; x_wconf 81' lang='lat' dir='ltr'>luisse</span> <span class='ocrx_word' id='word_1_64' title='bbox 365 920 526 1005; x_wconf 87' lang='lat' dir='ltr'>sollicitos,</span> <span class='ocrx_word' id='word_1_65' title='bbox 552 945 633 1006; x_wconf 88' lang='lat' dir='ltr'>qnae</span> <span class='ocrx_word' id='word_1_66' title='bbox 656 945 712 1008; x_wconf 89' lang='lat' dir='ltr'>per</span> <span class='ocrx_word' id='word_1_67' title='bbox 735 944 769 988; x_wconf 87' lang='lat' dir='ltr'>se</span> <span class='ocrx_word' id='word_1_68' title='bbox 791 925 952 991; x_wconf 85' lang='lat' dir='ltr'>sufficiunt</span> <span class='ocrx_word' id='word_1_69' title='bbox 974 923 1016 988; x_wconf 91' lang='lat' dir='ltr'>ad</span> <span class='ocrx_word' id='word_1_70' title='bbox 1032 929 1176 988; x_wconf 89' lang='lat' dir='ltr'>nostram</span> <span class='ocrx_word' id='word_1_71' title='bbox 1197 921 1351 1001; x_wconf 78' lang='lat' dir='ltr'>salutem3</span> <span class='ocrx_word' id='word_1_72' title='bbox 1373 921 1471 988; x_wconf 88' lang='lat' dir='ltr'>Jcan·</span> 
     </span>
     <span class='ocr_line' id='line_1_9' title="bbox 147 1010 1471 1100; baseline -0.002 -24"><span class='ocrx_word' id='word_1_73' title='bbox 147 1032 222 1076; x_wconf 89' lang='lat' dir='ltr'>uem</span> <span class='ocrx_word' id='word_1_74' title='bbox 244 1031 328 1090; x_wconf 83' lang='lat' dir='ltr'>vero,</span> <span class='ocrx_word' id='word_1_75' title='bbox 353 1012 407 1092; x_wconf 80' lang='lat' dir='ltr'>qui</span> <span class='ocrx_word' id='word_1_76' title='bbox 427 1011 537 1078; x_wconf 90' lang='lat' dir='ltr'>ultimo</span> <span class='ocrx_word' id='word_1_77' title='bbox 559 1013 693 1097; x_wconf 86' lang='lat' dir='ltr'>scripsit,</span> <span class='ocrx_word' id='word_1_78' title='bbox 718 1013 750 1075; x_wconf 91' lang='lat' dir='ltr'>id</span> <span class='ocrx_word' id='word_1_79' title='bbox 766 1014 891 1080; x_wconf 87' lang='lat' dir='ltr'>&#39;consilii</span> <span class='ocrx_word' id='word_1_80' title='bbox 914 1011 1072 1091; x_wconf 85' lang='lat' dir='ltr'>habuisse,</span> <span class='ocrx_word' id='word_1_81' title='bbox 1096 1016 1131 1074; x_wconf 91' lang='lat' dir='ltr'>ut</span> <span class='ocrx_word' id='word_1_82' title='bbox 1149 1010 1313 1100; x_wconf 86' lang='lat' dir='ltr'>historiam</span> <span class='ocrx_word' id='word_1_83' title='bbox 1329 1011 1471 1092; x_wconf 83' lang='lat' dir='ltr'>Evange-</span> 
     </span>
     <span class='ocr_line' id='line_1_10' title="bbox 147 1099 1473 1185; baseline -0.001 -21"><span class='ocrx_word' id='word_1_84' title='bbox 147 1101 245 1164; x_wconf 88' lang='lat' dir='ltr'>lieam</span> <span class='ocrx_word' id='word_1_85' title='bbox 274 1099 484 1180; x_wconf 79' lang='lat' dir='ltr'>distingueret</span> <span class='ocrx_word' id='word_1_86' title='bbox 513 1102 675 1166; x_wconf 84' lang='lat' dir='ltr'>notatione</span> <span class='ocrx_word' id='word_1_87' title='bbox 704 1108 879 1185; x_wconf 84' lang='lat' dir='ltr'>temporum</span> <span class='ocrx_word' id='word_1_88' title='bbox 906 1110 937 1166; x_wconf 88' lang='lat' dir='ltr'>et</span> <span class='ocrx_word' id='word_1_89' title='bbox 960 1102 1075 1166; x_wconf 89' lang='lat' dir='ltr'>omissa</span> <span class='ocrx_word' id='word_1_90' title='bbox 1101 1099 1279 1182; x_wconf 86' lang='lat' dir='ltr'>suppleret,</span> <span class='ocrx_word' id='word_1_91' title='bbox 1312 1101 1431 1181; x_wconf 88' lang='lat' dir='ltr'>scripta</span> <span class='ocrx_word' id='word_1_92' title='bbox 1452 1121 1473 1163; x_wconf 91' lang='lat' dir='ltr'>a</span> 
     </span>
     <span class='ocr_line' id='line_1_11' title="bbox 148 1188 1473 1274; baseline -0.002 -22"><span class='ocrx_word' id='word_1_93' title='bbox 148 1191 262 1254; x_wconf 84' lang='lat' dir='ltr'>ceteris</span> <span class='ocrx_word' id='word_1_94' title='bbox 288 1194 324 1252; x_wconf 89' lang='lat' dir='ltr'>ut</span> <span class='ocrx_word' id='word_1_95' title='bbox 346 1188 516 1270; x_wconf 80' lang='lat' dir='ltr'>plmhnum</span> <span class='ocrx_word' id='word_1_96' title='bbox 542 1191 713 1274; x_wconf 79' lang='lat' dir='ltr'>omitteret.</span> <span class='ocrx_word' id='word_1_97' title='bbox 760 1191 829 1255; x_wconf 88' lang='lat' dir='ltr'>Etsi</span> <span class='ocrx_word' id='word_1_98' title='bbox 856 1190 1023 1273; x_wconf 83' lang='lat' dir='ltr'>polliceor„</span> <span class='ocrx_word' id='word_1_99' title='bbox 1056 1209 1106 1258; x_wconf 86' lang='lat' dir='ltr'>ure</span> <span class='ocrx_word' id='word_1_100' title='bbox 1134 1188 1194 1252; x_wconf 88' lang='lat' dir='ltr'>hoe</span> <span class='ocrx_word' id='word_1_101' title='bbox 1220 1189 1378 1255; x_wconf 82' lang='lat' dir='ltr'>axiomata</span> <span class='ocrx_word' id='word_1_102' title='bbox 1406 1209 1473 1251; x_wconf 91' lang='lat' dir='ltr'>non</span> 
     </span>
     <span class='ocr_line' id='line_1_12' title="bbox 149 1276 1473 1358; baseline -0.002 -16"><span class='ocrx_word' id='word_1_103' title='bbox 149 1278 329 1357; x_wconf 83' lang='lat' dir='ltr'>abusmum,</span> <span class='ocrx_word' id='word_1_104' title='bbox 352 1277 414 1340; x_wconf 91' lang='lat' dir='ltr'>nisi</span> <span class='ocrx_word' id='word_1_105' title='bbox 437 1285 549 1342; x_wconf 85' lang='lat' dir='ltr'>eontra</span> <span class='ocrx_word' id='word_1_106' title='bbox 563 1278 711 1356; x_wconf 77' lang='lat' dir='ltr'>Andreae</span> <span class='ocrx_word' id='word_1_107' title='bbox 728 1278 876 1344; x_wconf 89' lang='lat' dir='ltr'>Osiandri</span> <span class='ocrx_word' id='word_1_108' title='bbox 899 1279 1054 1349; x_wconf 88' lang='lat' dir='ltr'>duritiem,</span> <span class='ocrx_word' id='word_1_109' title='bbox 1080 1278 1141 1358; x_wconf 72' lang='lat' dir='ltr'>qud,</span> <span class='ocrx_word' id='word_1_110' title='bbox 1165 1276 1320 1340; x_wconf 82' lang='lat' dir='ltr'>uelatum</span> <span class='ocrx_word' id='word_1_111' title='bbox 1338 1295 1473 1356; x_wconf 86' lang='lat' dir='ltr'>unguem</span> 
     </span>
     <span class='ocr_line' id='line_1_13' title="bbox 147 1364 1473 1452; baseline -0.002 -22"><span class='ocrx_word' id='word_1_112' title='bbox 147 1365 190 1430; x_wconf 89' lang='lat' dir='ltr'>ab</span> <span class='ocrx_word' id='word_1_113' title='bbox 220 1366 333 1430; x_wconf 87' lang='lat' dir='ltr'>ordine</span> <span class='ocrx_word' id='word_1_114' title='bbox 362 1365 635 1448; x_wconf 86' lang='lat' dir='ltr'>Evangelistarum&#39;</span> <span class='ocrx_word' id='word_1_115' title='bbox 668 1367 828 1448; x_wconf 86' lang='lat' dir='ltr'>discedat,</span> <span class='ocrx_word' id='word_1_116' title='bbox 863 1368 1031 1452; x_wconf 87' lang='lat' dir='ltr'>pleraque·</span> <span class='ocrx_word' id='word_1_117' title='bbox 1049 1366 1136 1430; x_wconf 89' lang='lat' dir='ltr'>dieta</span> <span class='ocrx_word' id='word_1_118' title='bbox 1166 1370 1199 1428; x_wconf 90' lang='lat' dir='ltr'>et</span> <span class='ocrx_word' id='word_1_119' title='bbox 1231 1364 1318 1430; x_wconf 85' lang='lat' dir='ltr'>iacta</span> <span class='ocrx_word' id='word_1_120' title='bbox 1354 1365 1473 1429; x_wconf 86' lang='lat' dir='ltr'>Christi</span> 
     </span>
     <span class='ocr_line' id='line_1_14' title="bbox 148 1448 1473 1538; baseline -0.002 -20"><span class='ocrx_word' id='word_1_121' title='bbox 148 1455 300 1537; x_wconf 78' lang='lat' dir='ltr'>duplicat,</span> <span class='ocrx_word' id='word_1_122' title='bbox 325 1461 360 1518; x_wconf 91' lang='lat' dir='ltr'>ut</span> <span class='ocrx_word' id='word_1_123' title='bbox 382 1457 570 1538; x_wconf 85' lang='lat' dir='ltr'>ejectionem</span> <span class='ocrx_word' id='word_1_124' title='bbox 586 1459 762 1522; x_wconf 80' lang='lat' dir='ltr'>ementitum</span> <span class='ocrx_word' id='word_1_125' title='bbox 786 1465 819 1521; x_wconf 88' lang='lat' dir='ltr'>et</span> <span class='ocrx_word' id='word_1_126' title='bbox 840 1457 1041 1521; x_wconf 81' lang='lat' dir='ltr'>vendentium</span> <span class='ocrx_word' id='word_1_127' title='bbox 1064 1477 1081 1518; x_wconf 91' lang='lat' dir='ltr'>e</span> <span class='ocrx_word' id='word_1_128' title='bbox 1104 1453 1234 1538; x_wconf 89' lang='lat' dir='ltr'>templo,</span> <span class='ocrx_word' id='word_1_129' title='bbox 1259 1453 1343 1534; x_wconf 90' lang='lat' dir='ltr'>quod</span> <span class='ocrx_word' id='word_1_130' title='bbox 1358 1448 1473 1517; x_wconf 47' lang='lat' dir='ltr'>*Chem-</span> 
     </span>
     <span class='ocr_line' id='line_1_15' title="bbox 148 1540 1474 1628; baseline -0.003 -20"><span class='ocrx_word' id='word_1_131' title='bbox 148 1546 246 1608; x_wconf 85' lang='lat' dir='ltr'>mtius</span> <span class='ocrx_word' id='word_1_132' title='bbox 267 1545 301 1608; x_wconf 89' lang='lat' dir='ltr'>in</span> <span class='ocrx_word' id='word_1_133' title='bbox 323 1543 385 1608; x_wconf 87' lang='lat' dir='ltr'>bac</span> <span class='ocrx_word' id='word_1_134' title='bbox 407 1543 542 1608; x_wconf 85' lang='lat' dir='ltr'>historia</span> <span class='ocrx_word' id='word_1_135' title='bbox 563 1545 715 1624; x_wconf 89' lang='lat' dir='ltr'>imitatur,</span> <span class='ocrx_word' id='word_1_136' title='bbox 741 1564 810 1610; x_wconf 82' lang='lat' dir='ltr'>erun</span> <span class='ocrx_word' id='word_1_137' title='bbox 832 1546 865 1610; x_wconf 89' lang='lat' dir='ltr'>in</span> <span class='ocrx_word' id='word_1_138' title='bbox 887 1565 1003 1628; x_wconf 87' lang='lat' dir='ltr'>genere</span> <span class='ocrx_word' id='word_1_139' title='bbox 1031 1543 1182 1622; x_wconf 85' lang='lat' dir='ltr'>affirmet,</span> <span class='ocrx_word' id='word_1_140' title='bbox 1199 1540 1383 1606; x_wconf 32' lang='lat' dir='ltr'>‘absurdam</span> <span class='ocrx_word' id='word_1_141' title='bbox 1405 1562 1474 1605; x_wconf 88' lang='lat' dir='ltr'>essa</span> 
     </span>
     <span class='ocr_line' id='line_1_16' title="bbox 148 1630 1472 1712; baseline 0 -16"><span class='ocrx_word' id='word_1_142' title='bbox 148 1632 334 1696; x_wconf 88' lang='lat' dir='ltr'>harmoniae</span> <span class='ocrx_word' id='word_1_143' title='bbox 364 1631 574 1698; x_wconf 88' lang='lat' dir='ltr'>instituendae</span> <span class='ocrx_word' id='word_1_144' title='bbox 602 1634 756 1699; x_wconf 88' lang='lat' dir='ltr'>rationem</span> <span class='ocrx_word' id='word_1_145' title='bbox 784 1643 816 1700; x_wconf 90' lang='lat' dir='ltr'>et</span> <span class='ocrx_word' id='word_1_146' title='bbox 848 1633 1015 1701; x_wconf 87' lang='lat' dir='ltr'>consensui</span> <span class='ocrx_word' id='word_1_147' title='bbox 1043 1633 1141 1698; x_wconf 90' lang='lat' dir='ltr'>totius</span> <span class='ocrx_word' id='word_1_148' title='bbox 1171 1630 1370 1712; x_wconf 88' lang='lat' dir='ltr'>antiquitatis</span> <span class='ocrx_word' id='word_1_149' title='bbox 1399 1649 1472 1696; x_wconf 86' lang='lat' dir='ltr'>con-</span> 
     </span>
     <span class='ocr_line' id='line_1_17' title="bbox 148 1715 553 1801; baseline -0.002 -16"><span class='ocrx_word' id='word_1_150' title='bbox 148 1722 334 1801; x_wconf 68' lang='lat' dir='ltr'>trariam‘l)</span> <span class='ocrx_word' id='word_1_151' title='bbox 549 1715 553 1726; x_wconf 86' lang='lat'>&#39;</span> 
     </span>
    </p>

    <p class='ocr_par' dir='ltr' id='par_1_3' title="bbox 146 1806 1474 3228">
     <span class='ocr_line' id='line_1_18' title="bbox 240 1806 1473 1893; baseline -0.001 -20"><span class='ocrx_word' id='word_1_152' title='bbox 240 1809 308 1892; x_wconf 85' lang='lat' dir='ltr'>Ego</span> <span class='ocrx_word' id='word_1_153' title='bbox 335 1810 443 1892; x_wconf 81' lang='lat' dir='ltr'>itaque</span> <span class='ocrx_word' id='word_1_154' title='bbox 473 1807 588 1874; x_wconf 86' lang='lat' dir='ltr'>iestmn</span> <span class='ocrx_word' id='word_1_155' title='bbox 617 1809 697 1878; x_wconf 87' lang='lat' dir='ltr'>illud</span> <span class='ocrx_word' id='word_1_156' title='bbox 725 1811 820 1877; x_wconf 82' lang='lat' dir='ltr'>duan.</span> <span class='ocrx_word' id='word_1_157' title='bbox 846 1818 875 1875; x_wconf 76' lang='lat' dir='ltr'>a.</span> <span class='ocrx_word' id='word_1_158' title='bbox 906 1829 1104 1893; x_wconf 87' lang='lat' dir='ltr'>nequaquam</span> <span class='ocrx_word' id='word_1_159' title='bbox 1132 1829 1191 1893; x_wconf 87' lang='lat' dir='ltr'>pro</span> <span class='ocrx_word' id='word_1_160' title='bbox 1219 1828 1282 1872; x_wconf 92' lang='lat' dir='ltr'>uno</span> <span class='ocrx_word' id='word_1_161' title='bbox 1311 1828 1351 1871; x_wconf 89' lang='lat' dir='ltr'>ex</span> <span class='ocrx_word' id='word_1_162' title='bbox 1373 1806 1473 1872; x_wconf 87' lang='lat' dir='ltr'>tribus</span> 
     </span>
     <span class='ocr_line' id='line_1_19' title="bbox 147 1895 1471 1985; baseline -0.004 -21"><span class='ocrx_word' id='word_1_163' title='bbox 147 1897 333 1964; x_wconf 83' lang='lat' dir='ltr'>solennibus</span> <span class='ocrx_word' id='word_1_164' title='bbox 361 1897 482 1982; x_wconf 88' lang='lat' dir='ltr'>habeo,</span> <span class='ocrx_word' id='word_1_165' title='bbox 514 1899 572 1964; x_wconf 89' lang='lat' dir='ltr'>sed</span> <span class='ocrx_word' id='word_1_166' title='bbox 593 1920 653 1983; x_wconf 87' lang='lat' dir='ltr'>pro</span> <span class='ocrx_word' id='word_1_167' title='bbox 680 1901 821 1985; x_wconf 88' lang='lat' dir='ltr'>phurim,</span> <span class='ocrx_word' id='word_1_168' title='bbox 853 1898 938 1983; x_wconf 91' lang='lat' dir='ltr'>quod</span> <span class='ocrx_word' id='word_1_169' title='bbox 965 1900 1036 1963; x_wconf 90' lang='lat' dir='ltr'>ideo</span> <span class='ocrx_word' id='word_1_170' title='bbox 1059 1895 1123 1962; x_wconf 86' lang='lat' dir='ltr'>uon</span> <span class='ocrx_word' id='word_1_171' title='bbox 1153 1898 1297 1960; x_wconf 89' lang='lat' dir='ltr'>nominat</span> <span class='ocrx_word' id='word_1_172' title='bbox 1318 1895 1471 1970; x_wconf 73' lang='lat' dir='ltr'>ioannes,</span> 
     </span>
     <span class='ocr_line' id='line_1_20' title="bbox 146 1985 1471 2072; baseline -0.003 -20"><span class='ocrx_word' id='word_1_173' title='bbox 146 1987 224 2069; x_wconf 85' lang='lat' dir='ltr'>quia</span> <span class='ocrx_word' id='word_1_174' title='bbox 244 1988 279 2050; x_wconf 91' lang='lat' dir='ltr'>in</span> <span class='ocrx_word' id='word_1_175' title='bbox 294 1987 418 2050; x_wconf 83' lang='lat' dir='ltr'>Graeca</span> <span class='ocrx_word' id='word_1_176' title='bbox 439 1986 547 2068; x_wconf 89' lang='lat' dir='ltr'>lingua</span> <span class='ocrx_word' id='word_1_177' title='bbox 567 1989 677 2054; x_wconf 89' lang='lat' dir='ltr'>tritum</span> <span class='ocrx_word' id='word_1_178' title='bbox 693 2013 757 2054; x_wconf 94' lang='lat' dir='ltr'>non</span> <span class='ocrx_word' id='word_1_179' title='bbox 779 1995 858 2070; x_wconf 88' lang='lat' dir='ltr'>erat,</span> <span class='ocrx_word' id='word_1_180' title='bbox 883 1994 918 2053; x_wconf 89' lang='lat' dir='ltr'>ut</span> <span class='ocrx_word' id='word_1_181' title='bbox 933 1986 1064 2072; x_wconf 85' lang='lat' dir='ltr'>paseha,</span> <span class='ocrx_word' id='word_1_182' title='bbox 1089 1985 1286 2068; x_wconf 85' lang='lat' dir='ltr'>scenopegia,</span> <span class='ocrx_word' id='word_1_183' title='bbox 1311 1986 1471 2050; x_wconf 88' lang='lat' dir='ltr'>encaenia.</span> 
     </span>
     <span class='ocr_line' id='line_1_21' title="bbox 148 2070 1474 2160; baseline -0.002 -20"><span class='ocrx_word' id='word_1_184' title='bbox 148 2075 295 2140; x_wconf 83' lang='lat' dir='ltr'>Christus</span> <span class='ocrx_word' id='word_1_185' title='bbox 325 2077 408 2140; x_wconf 91' lang='lat' dir='ltr'>enim</span> <span class='ocrx_word' id='word_1_186' title='bbox 436 2080 571 2160; x_wconf 89' lang='lat' dir='ltr'>majores</span> <span class='ocrx_word' id='word_1_187' title='bbox 601 2075 712 2144; x_wconf 86' lang='lat' dir='ltr'>habuit</span> <span class='ocrx_word' id='word_1_188' title='bbox 747 2080 890 2144; x_wconf 89' lang='lat' dir='ltr'>rationes</span> <span class='ocrx_word' id='word_1_189' title='bbox 924 2075 1061 2144; x_wconf 91' lang='lat' dir='ltr'>adeundi</span> <span class='ocrx_word' id='word_1_190' title='bbox 1081 2081 1216 2152; x_wconf 79' lang='lat' dir='ltr'>coetus,</span> <span class='ocrx_word' id='word_1_191' title='bbox 1253 2094 1348 2156; x_wconf 91' lang='lat' dir='ltr'>quam</span> <span class='ocrx_word' id='word_1_192' title='bbox 1381 2070 1474 2154; x_wconf 79' lang='lat' dir='ltr'>vulgo</span> 
     </span>
     <span class='ocr_line' id='line_1_22' title="bbox 146 2162 1472 2250; baseline -0.002 -22"><span class='ocrx_word' id='word_1_193' title='bbox 146 2163 362 2244; x_wconf 79' lang='lat' dir='ltr'>ludaeorum3</span> <span class='ocrx_word' id='word_1_194' title='bbox 384 2171 419 2228; x_wconf 86' lang='lat' dir='ltr'>et</span> <span class='ocrx_word' id='word_1_195' title='bbox 441 2186 514 2230; x_wconf 88' lang='lat' dir='ltr'>vero</span> <span class='ocrx_word' id='word_1_196' title='bbox 529 2163 735 2250; x_wconf 69' lang='lat' dir='ltr'>«ierosolymis</span> <span class='ocrx_word' id='word_1_197' title='bbox 757 2168 790 2231; x_wconf 90' lang='lat' dir='ltr'>in</span> <span class='ocrx_word' id='word_1_198' title='bbox 809 2166 979 2250; x_wconf 88' lang='lat' dir='ltr'>metropoli</span> <span class='ocrx_word' id='word_1_199' title='bbox 1001 2163 1120 2228; x_wconf 90' lang='lat' dir='ltr'>nullum</span> <span class='ocrx_word' id='word_1_200' title='bbox 1142 2162 1347 2238; x_wconf 74' lang='lat' dir='ltr'>iestumsiue</span> <span class='ocrx_word' id='word_1_201' title='bbox 1370 2171 1472 2234; x_wconf 82' lang='lat' dir='ltr'>coetu,</span> 
     </span>
     <span class='ocr_line' id='line_1_23' title="bbox 147 2249 1474 2338; baseline -0.002 -22"><span class='ocrx_word' id='word_1_202' title='bbox 147 2253 340 2338; x_wconf 86' lang='lat' dir='ltr'>praesertim</span> <span class='ocrx_word' id='word_1_203' title='bbox 355 2255 386 2316; x_wconf 91' lang='lat' dir='ltr'>in</span> <span class='ocrx_word' id='word_1_204' title='bbox 403 2253 532 2336; x_wconf 89' lang='lat' dir='ltr'>templo.</span> <span class='ocrx_word' id='word_1_205' title='bbox 563 2253 789 2337; x_wconf 84' lang='lat' dir='ltr'>Frequentiam</span> <span class='ocrx_word' id='word_1_206' title='bbox 811 2257 906 2338; x_wconf 88' lang='lat' dir='ltr'>igitur</span> <span class='ocrx_word' id='word_1_207' title='bbox 922 2254 1066 2319; x_wconf 91' lang='lat' dir='ltr'>Christus</span> <span class='ocrx_word' id='word_1_208' title='bbox 1089 2251 1186 2316; x_wconf 91' lang='lat' dir='ltr'>etiam</span> <span class='ocrx_word' id='word_1_209' title='bbox 1202 2251 1234 2314; x_wconf 92' lang='lat' dir='ltr'>in</span> <span class='ocrx_word' id='word_1_210' title='bbox 1250 2251 1332 2316; x_wconf 81' lang='lat' dir='ltr'>festo</span> <span class='ocrx_word' id='word_1_211' title='bbox 1348 2249 1474 2334; x_wconf 89' lang='lat' dir='ltr'>phurim</span> 
     </span>
     <span class='ocr_line' id='line_1_24' title="bbox 147 2339 1471 2428; baseline -0.003 -22"><span class='ocrx_word' id='word_1_212' title='bbox 147 2343 281 2420; x_wconf 79' lang='lat' dir='ltr'>inuenit,</span> <span class='ocrx_word' id='word_1_213' title='bbox 310 2363 376 2406; x_wconf 88' lang='lat' dir='ltr'>non</span> <span class='ocrx_word' id='word_1_214' title='bbox 404 2342 507 2408; x_wconf 77' lang='lat' dir='ltr'>minuis</span> <span class='ocrx_word' id='word_1_215' title='bbox 534 2363 630 2428; x_wconf 89' lang='lat' dir='ltr'>quam</span> <span class='ocrx_word' id='word_1_216' title='bbox 656 2347 689 2410; x_wconf 92' lang='lat' dir='ltr'>in</span> <span class='ocrx_word' id='word_1_217' title='bbox 717 2345 876 2410; x_wconf 88' lang='lat' dir='ltr'>encaeniis</span> <span class='ocrx_word' id='word_1_218' title='bbox 901 2343 988 2426; x_wconf 84' lang='lat' dir='ltr'>(Joh.</span> <span class='ocrx_word' id='word_1_219' title='bbox 1016 2349 1054 2406; x_wconf 84' lang='lat' dir='ltr'>ld</span> <span class='ocrx_word' id='word_1_220' title='bbox 1089 2363 1117 2404; x_wconf 88' lang='lat' dir='ltr'>v.</span> <span class='ocrx_word' id='word_1_221' title='bbox 1143 2345 1209 2418; x_wconf 76' lang='lat'><strong>22).</strong></span> <span class='ocrx_word' id='word_1_222' title='bbox 1256 2339 1360 2404; x_wconf 82' lang='lat' dir='ltr'>Causa</span> <span class='ocrx_word' id='word_1_223' title='bbox 1386 2358 1471 2416; x_wconf 83' lang='lat' dir='ltr'>vero,</span> 
     </span>
     <span class='ocr_line' id='line_1_25' title="bbox 146 2431 1472 2516; baseline -0.002 -22"><span class='ocrx_word' id='word_1_224' title='bbox 146 2452 205 2494; x_wconf 86' lang='lat' dir='ltr'>cur</span> <span class='ocrx_word' id='word_1_225' title='bbox 229 2431 359 2496; x_wconf 89' lang='lat' dir='ltr'>omnino</span> <span class='ocrx_word' id='word_1_226' title='bbox 380 2451 498 2512; x_wconf 88' lang='lat' dir='ltr'>negem,</span> <span class='ocrx_word' id='word_1_227' title='bbox 519 2431 633 2496; x_wconf 87' lang='lat' dir='ltr'>fastum</span> <span class='ocrx_word' id='word_1_228' title='bbox 652 2433 713 2498; x_wconf 92' lang='lat' dir='ltr'>boo</span> <span class='ocrx_word' id='word_1_229' title='bbox 734 2435 831 2498; x_wconf 77' lang='lat' dir='ltr'>inisse</span> <span class='ocrx_word' id='word_1_230' title='bbox 854 2431 975 2516; x_wconf 86' lang='lat' dir='ltr'>pascha</span> <span class='ocrx_word' id='word_1_231' title='bbox 994 2437 1049 2494; x_wconf 91' lang='lat' dir='ltr'>aut</span> <span class='ocrx_word' id='word_1_232' title='bbox 1065 2435 1270 2513; x_wconf 83' lang='lat' dir='ltr'>pentecosten</span> <span class='ocrx_word' id='word_1_233' title='bbox 1286 2433 1342 2491; x_wconf 93' lang='lat' dir='ltr'>aut</span> <span class='ocrx_word' id='word_1_234' title='bbox 1362 2447 1472 2492; x_wconf 88' lang='lat' dir='ltr'>soeno-</span> 
     </span>
     <span class='ocr_line' id='line_1_26' title="bbox 148 2515 1471 2603; baseline -0.001 -20"><span class='ocrx_word' id='word_1_235' title='bbox 148 2521 288 2603; x_wconf 85' lang='lat' dir='ltr'>pegiam,</span> <span class='ocrx_word' id='word_1_236' title='bbox 321 2519 389 2586; x_wconf 89' lang='lat' dir='ltr'>lluit</span> <span class='ocrx_word' id='word_1_237' title='bbox 412 2541 452 2584; x_wconf 89' lang='lat' dir='ltr'>ex</span> <span class='ocrx_word' id='word_1_238' title='bbox 474 2529 620 2602; x_wconf 87' lang='lat' dir='ltr'>suscepto</span> <span class='ocrx_word' id='word_1_239' title='bbox 651 2523 819 2591; x_wconf 83' lang='lat' dir='ltr'>axiomata.</span> <span class='ocrx_word' id='word_1_240' title='bbox 865 2522 946 2585; x_wconf 90' lang='lat' dir='ltr'>Nam</span> <span class='ocrx_word' id='word_1_241' title='bbox 969 2521 997 2584; x_wconf 90' lang='lat' dir='ltr'>si</span> <span class='ocrx_word' id='word_1_242' title='bbox 1017 2517 1163 2584; x_wconf 83' lang='lat' dir='ltr'>loannes·</span> <span class='ocrx_word' id='word_1_243' title='bbox 1187 2515 1352 2580; x_wconf 89' lang='lat' dir='ltr'>consilium</span> <span class='ocrx_word' id='word_1_244' title='bbox 1379 2518 1471 2598; x_wconf 87' lang='lat' dir='ltr'>cepit,</span> 
     </span>
     <span class='ocr_line' id='line_1_27' title="bbox 147 2603 1474 2692; baseline -0.003 -20"><span class='ocrx_word' id='word_1_245' title='bbox 147 2609 362 2690; x_wconf 72' lang='lat' dir='ltr'>instinguendi</span> <span class='ocrx_word' id='word_1_246' title='bbox 383 2607 549 2674; x_wconf 87' lang='lat' dir='ltr'>historiam</span> <span class='ocrx_word' id='word_1_247' title='bbox 571 2609 792 2692; x_wconf 84' lang='lat' dir='ltr'>Evangelicam</span> <span class='ocrx_word' id='word_1_248' title='bbox 815 2612 907 2676; x_wconf 87' lang='lat' dir='ltr'>certis</span> <span class='ocrx_word' id='word_1_249' title='bbox 930 2605 1095 2674; x_wconf 75' lang='lat' dir='ltr'>limitibusr</span> <span class='ocrx_word' id='word_1_250' title='bbox 1118 2606 1211 2668; x_wconf 88' lang='lat' dir='ltr'>nimis</span> <span class='ocrx_word' id='word_1_251' title='bbox 1234 2612 1320 2668; x_wconf 89' lang='lat' dir='ltr'>certe</span> <span class='ocrx_word' id='word_1_252' title='bbox 1343 2603 1474 2668; x_wconf 88' lang='lat' dir='ltr'>obscure</span> 
     </span>
     <span class='ocr_line' id='line_1_28' title="bbox 147 2693 1471 2784; baseline -0.005 -22"><span class='ocrx_word' id='word_1_253' title='bbox 147 2695 271 2781; x_wconf 87' lang='lat' dir='ltr'>pascha</span> <span class='ocrx_word' id='word_1_254' title='bbox 298 2696 464 2779; x_wconf 53' lang='lat' dir='ltr'>quoddam*</span> <span class='ocrx_word' id='word_1_255' title='bbox 485 2699 610 2762; x_wconf 89' lang='lat' dir='ltr'>nomine</span> <span class='ocrx_word' id='word_1_256' title='bbox 638 2700 722 2764; x_wconf 86' lang='lat' dir='ltr'>nudo</span> <span class='ocrx_word' id='word_1_257' title='bbox 749 2701 821 2764; x_wconf 81' lang='lat' dir='ltr'>festi</span> <span class='ocrx_word' id='word_1_258' title='bbox 849 2697 1017 2784; x_wconf 84' lang='lat' dir='ltr'>expressit,</span> <span class='ocrx_word' id='word_1_259' title='bbox 1047 2694 1163 2761; x_wconf 87' lang='lat' dir='ltr'>oblitus</span> <span class='ocrx_word' id='word_1_260' title='bbox 1191 2694 1239 2758; x_wconf 91' lang='lat' dir='ltr'>sui</span> <span class='ocrx_word' id='word_1_261' title='bbox 1265 2693 1386 2758; x_wconf 88' lang='lat' dir='ltr'>consilii</span> <span class='ocrx_word' id='word_1_262' title='bbox 1412 2713 1471 2756; x_wconf 89' lang='lat' dir='ltr'>nec</span> 
     </span>
     <span class='ocr_line' id='line_1_29' title="bbox 146 2781 1472 2868; baseline -0.005 -17"><span class='ocrx_word' id='word_1_263' title='bbox 146 2788 305 2868; x_wconf 86' lang='lat' dir='ltr'>cogitans,</span> <span class='ocrx_word' id='word_1_264' title='bbox 335 2807 451 2850; x_wconf 89' lang='lat' dir='ltr'>annum</span> <span class='ocrx_word' id='word_1_265' title='bbox 477 2807 573 2852; x_wconf 88' lang='lat' dir='ltr'>unum</span> <span class='ocrx_word' id='word_1_266' title='bbox 600 2788 648 2852; x_wconf 86' lang='lat' dir='ltr'>uel</span> <span class='ocrx_word' id='word_1_267' title='bbox 677 2809 858 2854; x_wconf 86' lang='lat' dir='ltr'>accrescere</span> <span class='ocrx_word' id='word_1_268' title='bbox 885 2787 938 2852; x_wconf 82' lang='lat' dir='ltr'>rel</span> <span class='ocrx_word' id='word_1_269' title='bbox 961 2785 1129 2859; x_wconf 85' lang='lat' dir='ltr'>decedere,</span> <span class='ocrx_word' id='word_1_270' title='bbox 1159 2788 1254 2866; x_wconf 90' lang='lat' dir='ltr'>prout</span> <span class='ocrx_word' id='word_1_271' title='bbox 1280 2781 1399 2863; x_wconf 89' lang='lat' dir='ltr'>pascha</span> <span class='ocrx_word' id='word_1_272' title='bbox 1422 2783 1472 2844; x_wconf 84' lang='lat' dir='ltr'>vel</span> 
     </span>
     <span class='ocr_line' id='line_1_30' title="bbox 147 2871 1472 2958; baseline -0.005 -18"><span class='ocrx_word' id='word_1_273' title='bbox 147 2897 214 2940; x_wconf 86' lang='lat' dir='ltr'>nou</span> <span class='ocrx_word' id='word_1_274' title='bbox 234 2874 357 2958; x_wconf 88' lang='lat' dir='ltr'>pascha</span> <span class='ocrx_word' id='word_1_275' title='bbox 375 2874 432 2939; x_wconf 93' lang='lat' dir='ltr'>sub</span> <span class='ocrx_word' id='word_1_276' title='bbox 451 2875 512 2940; x_wconf 88' lang='lat' dir='ltr'>hoe</span> <span class='ocrx_word' id='word_1_277' title='bbox 529 2875 609 2942; x_wconf 85' lang='lat' dir='ltr'>festi</span> <span class='ocrx_word' id='word_1_278' title='bbox 625 2877 778 2944; x_wconf 88' lang='lat' dir='ltr'>vocabulo</span> <span class='ocrx_word' id='word_1_279' title='bbox 800 2876 1056 2942; x_wconf 86' lang='lat' dir='ltr'>intellexerimus.</span> <span class='ocrx_word' id='word_1_280' title='bbox 1082 2872 1122 2936; x_wconf 81' lang='lat' dir='ltr'>Et</span> <span class='ocrx_word' id='word_1_281' title='bbox 1142 2871 1216 2954; x_wconf 90' lang='lat' dir='ltr'>qnid</span> <span class='ocrx_word' id='word_1_282' title='bbox 1237 2871 1373 2949; x_wconf 85' lang='lat' dir='ltr'>attinuit,</span> <span class='ocrx_word' id='word_1_283' title='bbox 1398 2871 1472 2934; x_wconf 86' lang='lat' dir='ltr'>l&#39;esti</span> 
     </span>
     <span class='ocr_line' id='line_1_31' title="bbox 146 2958 1473 3051; baseline -0.008 -21"><span class='ocrx_word' id='word_1_284' title='bbox 146 2965 306 3030; x_wconf 84' lang='lat' dir='ltr'>communi</span> <span class='ocrx_word' id='word_1_285' title='bbox 328 2966 455 3028; x_wconf 85' lang='lat' dir='ltr'>nomme</span> <span class='ocrx_word' id='word_1_286' title='bbox 476 2966 525 3030; x_wconf 90' lang='lat' dir='ltr'>uti</span> <span class='ocrx_word' id='word_1_287' title='bbox 547 2966 579 3029; x_wconf 93' lang='lat' dir='ltr'>in</span> <span class='ocrx_word' id='word_1_288' title='bbox 600 2967 745 3031; x_wconf 89' lang='lat' dir='ltr'>notanda</span> <span class='ocrx_word' id='word_1_289' title='bbox 766 2967 917 3051; x_wconf 89' lang='lat' dir='ltr'>temporis</span> <span class='ocrx_word' id='word_1_290' title='bbox 940 2961 1187 3040; x_wconf 86' lang='lat' dir='ltr'>circumstantia,</span> <span class='ocrx_word' id='word_1_291' title='bbox 1212 2960 1239 3022; x_wconf 91' lang='lat' dir='ltr'>si</span> <span class='ocrx_word' id='word_1_292' title='bbox 1260 2958 1473 3040; x_wconf 85' lang='lat' dir='ltr'>suppetebant</span> 
     </span>
     <span class='ocr_line' id='line_1_32' title="bbox 147 3048 1474 3139; baseline -0.005 -23"><span class='ocrx_word' id='word_1_293' title='bbox 147 3052 308 3118; x_wconf 84' lang='lat' dir='ltr'>uocabula</span> <span class='ocrx_word' id='word_1_294' title='bbox 330 3055 479 3136; x_wconf 60' lang='lat' dir='ltr'>propriaq</span> <span class='ocrx_word' id='word_1_295' title='bbox 505 3055 637 3137; x_wconf 83' lang='lat' dir='ltr'>pascha,</span> <span class='ocrx_word' id='word_1_296' title='bbox 662 3058 864 3139; x_wconf 70' lang='lat' dir='ltr'>scenopegia,</span> <span class='ocrx_word' id='word_1_297' title='bbox 887 3052 1039 3122; x_wconf 84' lang='lat' dir='ltr'>encaenia</span> <span class='ocrx_word' id='word_1_298' title='bbox 1048 3059 1063 3114; x_wconf 79' lang='lat' dir='ltr'>‘r</span> <span class='ocrx_word' id='word_1_299' title='bbox 1090 3049 1198 3114; x_wconf 89' lang='lat' dir='ltr'>Fallor</span> <span class='ocrx_word' id='word_1_300' title='bbox 1220 3068 1261 3110; x_wconf 93' lang='lat' dir='ltr'>au</span> <span class='ocrx_word' id='word_1_301' title='bbox 1284 3048 1343 3112; x_wconf 90' lang='lat' dir='ltr'>hoo</span> <span class='ocrx_word' id='word_1_302' title='bbox 1365 3048 1474 3110; x_wconf 89' lang='lat' dir='ltr'>volunt</span> 
     </span>
     <span class='ocr_line' id='line_1_33' title="bbox 146 3136 1474 3228; baseline -0.005 -23"><span class='ocrx_word' id='word_1_303' title='bbox 146 3143 257 3206; x_wconf 73' lang='lat' dir='ltr'>&lt;boene</span> <span class='ocrx_word' id='word_1_304' title='bbox 278 3142 507 3224; x_wconf 84' lang='lat' dir='ltr'>harmonistae,</span> <span class='ocrx_word' id='word_1_305' title='bbox 532 3142 689 3208; x_wconf 78' lang='lat' dir='ltr'>loannem</span> <span class='ocrx_word' id='word_1_306' title='bbox 710 3147 811 3228; x_wconf 89' lang='lat' dir='ltr'>ipsum</span> <span class='ocrx_word' id='word_1_307' title='bbox 832 3146 1012 3226; x_wconf 85' lang='lat' dir='ltr'>ignorasse,</span> <span class='ocrx_word' id='word_1_308' title='bbox 1041 3138 1202 3222; x_wconf 90' lang='lat' dir='ltr'>quodnam</span> <span class='ocrx_word' id='word_1_309' title='bbox 1223 3136 1374 3201; x_wconf 70' lang='lat' dir='ltr'>festinum</span> <span class='ocrx_word' id='word_1_310' title='bbox 1395 3136 1474 3199; x_wconf 88' lang='lat' dir='ltr'>illud</span> 
     </span>
    </p>
   </div>
   <div class='ocr_carea' id='block_1_3' title="bbox 146 3226 1588 3312">
    <p class='ocr_par' dir='ltr' id='par_1_4' title="bbox 146 3226 1588 3312">
     <span class='ocr_line' id='line_1_34' title="bbox 146 3226 1588 3312; baseline -0.003 -16"><span class='ocrx_word' id='word_1_311' title='bbox 146 3239 233 3296; x_wconf 87' lang='lat' dir='ltr'>esset</span> <span class='ocrx_word' id='word_1_312' title='bbox 260 3231 394 3311; x_wconf 89' lang='lat' dir='ltr'>ideoque</span> <span class='ocrx_word' id='word_1_313' title='bbox 424 3233 549 3312; x_wconf 87' lang='lat' dir='ltr'>generis</span> <span class='ocrx_word' id='word_1_314' title='bbox 579 3237 703 3300; x_wconf 86' lang='lat' dir='ltr'>neruine</span> <span class='ocrx_word' id='word_1_315' title='bbox 725 3255 813 3298; x_wconf 88' lang='lat' dir='ltr'>usum</span> <span class='ocrx_word' id='word_1_316' title='bbox 837 3237 927 3297; x_wconf 71' lang='lat' dir='ltr'>esse?</span> <span class='ocrx_word' id='word_1_317' title='bbox 960 3232 1029 3296; x_wconf 89' lang='lat' dir='ltr'>Hoc</span> <span class='ocrx_word' id='word_1_318' title='bbox 1051 3229 1078 3292; x_wconf 91' lang='lat' dir='ltr'>si</span> <span class='ocrx_word' id='word_1_319' title='bbox 1105 3226 1257 3305; x_wconf 86' lang='lat' dir='ltr'>dixerint,</span> <span class='ocrx_word' id='word_1_320' title='bbox 1283 3228 1350 3308; x_wconf 89' lang='lat' dir='ltr'>jam</span> <span class='ocrx_word' id='word_1_321' title='bbox 1377 3247 1473 3306; x_wconf 91' lang='lat' dir='ltr'>porro</span> <span class='ocrx_word' id='word_1_322' title='bbox 1578 3281 1588 3292; x_wconf 91' lang='lat'><strong><em>.</em></strong></span> 
     </span>
    </p>
   </div>
   <div class='ocr_carea' id='block_1_4' title="bbox 148 3314 1552 3405">
    <p class='ocr_par' dir='ltr' id='par_1_5' title="bbox 148 3314 1552 3405">
     <span class='ocr_line' id='line_1_35' title="bbox 148 3314 1552 3405; baseline -0.006 -21"><span class='ocrx_word' id='word_1_323' title='bbox 148 3343 214 3384; x_wconf 92' lang='lat' dir='ltr'>non</span> <span class='ocrx_word' id='word_1_324' title='bbox 237 3319 378 3404; x_wconf 74' lang='lat' dir='ltr'>loannes</span> <span class='ocrx_word' id='word_1_325' title='bbox 399 3321 496 3402; x_wconf 90' lang='lat' dir='ltr'>ipsos,</span> <span class='ocrx_word' id='word_1_326' title='bbox 520 3321 577 3384; x_wconf 90' lang='lat' dir='ltr'>sed</span> <span class='ocrx_word' id='word_1_327' title='bbox 598 3324 660 3405; x_wconf 90' lang='lat' dir='ltr'>ipsi</span> <span class='ocrx_word' id='word_1_328' title='bbox 680 3322 839 3388; x_wconf 83' lang='lat' dir='ltr'>loannem</span> <span class='ocrx_word' id='word_1_329' title='bbox 868 3319 1044 3398; x_wconf 83' lang='lat' dir='ltr'>docebunt3</span> <span class='ocrx_word' id='word_1_330' title='bbox 1072 3316 1228 3379; x_wconf 84' lang='lat' dir='ltr'>desistant</span> <span class='ocrx_word' id='word_1_331' title='bbox 1255 3314 1351 3394; x_wconf 88' lang='lat' dir='ltr'>igitur</span> <span class='ocrx_word' id='word_1_332' title='bbox 1374 3335 1394 3377; x_wconf 91' lang='lat' dir='ltr'>a</span> <span class='ocrx_word' id='word_1_333' title='bbox 1416 3333 1473 3378; x_wconf 91' lang='lat' dir='ltr'>suo</span> <span class='ocrx_word' id='word_1_334' title='bbox 1549 3399 1552 3404; x_wconf 67' lang='lat'>,</span> 
     </span>
    </p>
   </div>
   <div class='ocr_carea' id='block_1_5' title="bbox 146 3403 1574 3494">
    <p class='ocr_par' dir='ltr' id='par_1_6' title="bbox 146 3403 1574 3494">
     <span class='ocr_line' id='line_1_36' title="bbox 146 3403 1574 3494; baseline -0.008 -20"><span class='ocrx_word' id='word_1_335' title='bbox 146 3411 316 3480; x_wconf 79' lang='lat' dir='ltr'>axiomata,</span> <span class='ocrx_word' id='word_1_336' title='bbox 341 3407 499 3474; x_wconf 77' lang='lat' dir='ltr'>loannem</span> <span class='ocrx_word' id='word_1_337' title='bbox 520 3410 729 3476; x_wconf 87' lang='lat' dir='ltr'>distinctionis</span> <span class='ocrx_word' id='word_1_338' title='bbox 752 3431 848 3476; x_wconf 89' lang='lat' dir='ltr'>cansa</span> <span class='ocrx_word' id='word_1_339' title='bbox 875 3409 1057 3491; x_wconf 87' lang='lat' dir='ltr'>scripsisse:</span> <span class='ocrx_word' id='word_1_340' title='bbox 1085 3406 1147 3468; x_wconf 90' lang='lat' dir='ltr'>imo</span> <span class='ocrx_word' id='word_1_341' title='bbox 1170 3425 1243 3467; x_wconf 84' lang='lat' dir='ltr'>vero</span> <span class='ocrx_word' id='word_1_342' title='bbox 1266 3403 1326 3464; x_wconf 89' lang='lat' dir='ltr'>hoc</span> <span class='ocrx_word' id='word_1_343' title='bbox 1349 3403 1475 3466; x_wconf 81' lang='lat' dir='ltr'>axioma</span> <span class='ocrx_word' id='word_1_344' title='bbox 1565 3481 1574 3494; x_wconf 89' lang='lat'>.</span> 
     </span>
    </p>
   </div>
   <div class='ocr_carea' id='block_1_6' title="bbox 147 3490 1558 4565">
    <p class='ocr_par' dir='ltr' id='par_1_7' title="bbox 147 3490 1558 4565">
     <span class='ocr_line' id='line_1_37' title="bbox 147 3490 1474 3582; baseline -0.009 -18"><span class='ocrx_word' id='word_1_345' title='bbox 147 3499 386 3580; x_wconf 81' lang='lat' dir='ltr'>urnplectantur</span> <span class='ocrx_word' id='word_1_346' title='bbox 407 3500 511 3582; x_wconf 88' lang='lat' dir='ltr'>potius</span> <span class='ocrx_word' id='word_1_347' title='bbox 528 3507 561 3562; x_wconf 88' lang='lat' dir='ltr'>et</span> <span class='ocrx_word' id='word_1_348' title='bbox 574 3499 652 3564; x_wconf 91' lang='lat' dir='ltr'>illud</span> <span class='ocrx_word' id='word_1_349' title='bbox 675 3501 832 3578; x_wconf 81' lang='lat' dir='ltr'>deserant,</span> <span class='ocrx_word' id='word_1_350' title='bbox 857 3498 1015 3563; x_wconf 79' lang='lat' dir='ltr'>ioannem</span> <span class='ocrx_word' id='word_1_351' title='bbox 1032 3493 1150 3576; x_wconf 88' lang='lat' dir='ltr'>pascha</span> <span class='ocrx_word' id='word_1_352' title='bbox 1172 3490 1332 3574; x_wconf 88' lang='lat' dir='ltr'>quoddam</span> <span class='ocrx_word' id='word_1_353' title='bbox 1346 3492 1474 3555; x_wconf 81' lang='lat' dir='ltr'>nonnine</span> 
     </span>
     <span class='ocr_line' id='line_1_38' title="bbox 148 3579 1474 3672; baseline -0.008 -20"><span class='ocrx_word' id='word_1_354' title='bbox 148 3590 223 3652; x_wconf 84' lang='lat' dir='ltr'>testi</span> <span class='ocrx_word' id='word_1_355' title='bbox 244 3590 417 3652; x_wconf 87' lang='lat' dir='ltr'>oscitanter</span> <span class='ocrx_word' id='word_1_356' title='bbox 440 3591 643 3670; x_wconf 82' lang='lat' dir='ltr'>expressisse.</span> <span class='ocrx_word' id='word_1_357' title='bbox 689 3590 765 3653; x_wconf 78' lang='lat' dir='ltr'>&#39;l&#39;ria</span> <span class='ocrx_word' id='word_1_358' title='bbox 786 3589 881 3672; x_wconf 88' lang='lat' dir='ltr'>igitur</span> <span class='ocrx_word' id='word_1_359' title='bbox 901 3586 936 3650; x_wconf 92' lang='lat' dir='ltr'>in</span> <span class='ocrx_word' id='word_1_360' title='bbox 958 3581 1084 3650; x_wconf 86' lang='lat' dir='ltr'>Joanne</span> <span class='ocrx_word' id='word_1_361' title='bbox 1106 3588 1180 3648; x_wconf 88' lang='lat' dir='ltr'>sunt</span> <span class='ocrx_word' id='word_1_362' title='bbox 1200 3579 1367 3662; x_wconf 79' lang='lat' dir='ltr'>paschata,</span> <span class='ocrx_word' id='word_1_363' title='bbox 1393 3599 1474 3661; x_wconf 88' lang='lat' dir='ltr'>quae</span> 
     </span>
     <span class='ocr_line' id='line_1_39' title="bbox 147 3666 1476 3762; baseline -0.01 -19"><span class='ocrx_word' id='word_1_364' title='bbox 147 3701 209 3762; x_wconf 83' lang='lat' dir='ltr'>ego</span> <span class='ocrx_word' id='word_1_365' title='bbox 226 3677 396 3761; x_wconf 84' lang='lat' dir='ltr'>Epiplranii</span> <span class='ocrx_word' id='word_1_366' title='bbox 410 3675 506 3742; x_wconf 89' lang='lat' dir='ltr'>ductu</span> <span class='ocrx_word' id='word_1_367' title='bbox 519 3679 553 3741; x_wconf 93' lang='lat' dir='ltr'>in</span> <span class='ocrx_word' id='word_1_368' title='bbox 569 3689 669 3742; x_wconf 81' lang='lat' dir='ltr'>annos</span> <span class='ocrx_word' id='word_1_369' title='bbox 686 3683 736 3759; x_wconf 85' lang='grc'>74,</span> <span class='ocrx_word' id='word_1_370' title='bbox 756 3666 809 3756; x_wconf 72' lang='lat' dir='ltr'>lo,</span> <span class='ocrx_word' id='word_1_371' title='bbox 826 3681 879 3740; x_wconf 77' lang='lat' dir='ltr'>td.</span> <span class='ocrx_word' id='word_1_372' title='bbox 901 3673 1043 3750; x_wconf 88' lang='lat' dir='ltr'>consero,</span> <span class='ocrx_word' id='word_1_373' title='bbox 1066 3671 1220 3752; x_wconf 89' lang='lat' dir='ltr'>pluraque</span> <span class='ocrx_word' id='word_1_374' title='bbox 1235 3687 1316 3748; x_wconf 88' lang='lat' dir='ltr'>nego</span> <span class='ocrx_word' id='word_1_375' title='bbox 1331 3667 1476 3737; x_wconf 82' lang='lat' dir='ltr'>incidisse</span> 
     </span>
     <span class='ocr_line' id='line_1_40' title="bbox 147 3757 1476 3840; baseline -0.012 -6"><span class='ocrx_word' id='word_1_376' title='bbox 147 3771 181 3834; x_wconf 91' lang='lat' dir='ltr'>in</span> <span class='ocrx_word' id='word_1_377' title='bbox 198 3768 407 3832; x_wconf 83' lang='lat' dir='ltr'>mmistsrium</span> <span class='ocrx_word' id='word_1_378' title='bbox 421 3767 547 3838; x_wconf 82' lang='lat' dir='ltr'>Christi,</span> <span class='ocrx_word' id='word_1_379' title='bbox 567 3767 702 3831; x_wconf 85' lang='lat' dir='ltr'>confisus</span> <span class='ocrx_word' id='word_1_380' title='bbox 718 3767 904 3831; x_wconf 84' lang='lat' dir='ltr'>auctoritate</span> <span class='ocrx_word' id='word_1_381' title='bbox 919 3761 1061 3838; x_wconf 80' lang='lat' dir='ltr'>loannis,</span> <span class='ocrx_word' id='word_1_382' title='bbox 1087 3760 1140 3840; x_wconf 90' lang='lat' dir='ltr'>qui</span> <span class='ocrx_word' id='word_1_383' title='bbox 1155 3757 1363 3828; x_wconf 87' lang='lat' dir='ltr'>distinctionis</span> <span class='ocrx_word' id='word_1_384' title='bbox 1379 3777 1476 3820; x_wconf 87' lang='lat' dir='ltr'>causa</span> 
     </span>
     <span class='ocr_line' id='line_1_41' title="bbox 148 3844 1476 3940; baseline -0.012 -18"><span class='ocrx_word' id='word_1_385' title='bbox 148 3858 295 3940; x_wconf 88' lang='lat' dir='ltr'>scripsit;</span> <span class='ocrx_word' id='word_1_386' title='bbox 325 3855 486 3920; x_wconf 87' lang='lat' dir='ltr'>retulisset</span> <span class='ocrx_word' id='word_1_387' title='bbox 507 3855 603 3938; x_wconf 90' lang='lat' dir='ltr'>igitur</span> <span class='ocrx_word' id='word_1_388' title='bbox 633 3861 770 3938; x_wconf 89' lang='lat' dir='ltr'>quatuor</span> <span class='ocrx_word' id='word_1_389' title='bbox 800 3853 969 3937; x_wconf 88' lang='lat' dir='ltr'>paschata,</span> <span class='ocrx_word' id='word_1_390' title='bbox 1001 3849 1028 3912; x_wconf 92' lang='lat' dir='ltr'>si</span> <span class='ocrx_word' id='word_1_391' title='bbox 1050 3851 1186 3930; x_wconf 89' lang='lat' dir='ltr'>quatuor</span> <span class='ocrx_word' id='word_1_392' title='bbox 1216 3846 1369 3910; x_wconf 84' lang='lat' dir='ltr'>sciuisset.</span> <span class='ocrx_word' id='word_1_393' title='bbox 1416 3844 1476 3908; x_wconf 90' lang='lat' dir='ltr'>Ubi</span> 
     </span>
     <span class='ocr_line' id='line_1_42' title="bbox 148 3933 1474 4030; baseline -0.011 -20"><span class='ocrx_word' id='word_1_394' title='bbox 148 3947 248 4029; x_wconf 86' lang='lat' dir='ltr'>igitur</span> <span class='ocrx_word' id='word_1_395' title='bbox 270 3943 348 4009; x_wconf 90' lang='lat' dir='ltr'>illud</span> <span class='ocrx_word' id='word_1_396' title='bbox 371 3946 500 4028; x_wconf 86' lang='lat' dir='ltr'>pascha,</span> <span class='ocrx_word' id='word_1_397' title='bbox 523 3944 657 4026; x_wconf 87' lang='lat' dir='ltr'>inquies,</span> <span class='ocrx_word' id='word_1_398' title='bbox 682 3945 811 4027; x_wconf 92' lang='lat' dir='ltr'>quando</span> <span class='ocrx_word' id='word_1_399' title='bbox 833 3941 979 4024; x_wconf 81' lang='lat' dir='ltr'>discipudi</span> <span class='ocrx_word' id='word_1_400' title='bbox 1002 3937 1203 4002; x_wconf 88' lang='lat' dir='ltr'>ambularunt</span> <span class='ocrx_word' id='word_1_401' title='bbox 1225 3957 1283 4018; x_wconf 89' lang='lat' dir='ltr'>per</span> <span class='ocrx_word' id='word_1_402' title='bbox 1306 3941 1390 4010; x_wconf 86' lang='lat' dir='ltr'>sata,¹</span> <span class='ocrx_word' id='word_1_403' title='bbox 1410 3933 1474 4030; x_wconf 78' lang='lat' dir='ltr'>vel·</span> 
     </span>
     <span class='ocr_line' id='line_1_43' title="bbox 150 4023 1558 4118; baseline -0.015 -17"><span class='ocrx_word' id='word_1_404' title='bbox 150 4036 253 4101; x_wconf 87' lang='lat' dir='ltr'>lentes</span> <span class='ocrx_word' id='word_1_405' title='bbox 283 4036 411 4118; x_wconf 70' lang='lat' dir='ltr'>spicas?</span> <span class='ocrx_word' id='word_1_406' title='bbox 438 4035 517 4099; x_wconf 85' lang='lat' dir='ltr'>Dico</span> <span class='ocrx_word' id='word_1_407' title='bbox 539 4035 575 4098; x_wconf 90' lang='lat' dir='ltr'>id</span> <span class='ocrx_word' id='word_1_408' title='bbox 595 4035 688 4098; x_wconf 89' lang='lat' dir='ltr'>inisse</span> <span class='ocrx_word' id='word_1_409' title='bbox 711 4039 784 4118; x_wconf 92' lang='lat' dir='ltr'>post</span> <span class='ocrx_word' id='word_1_410' title='bbox 812 4034 947 4118; x_wconf 86' lang='lat' dir='ltr'>primmn</span> <span class='ocrx_word' id='word_1_411' title='bbox 975 4027 1094 4116; x_wconf 80' lang='lat' dir='ltr'>pascha</span> <span class='ocrx_word' id='word_1_412' title='bbox 1117 4044 1199 4088; x_wconf 87' lang='lat' dir='ltr'>anno</span> <span class='ocrx_word' id='word_1_413' title='bbox 1224 4029 1276 4088; x_wconf 85' lang='grc'>74.</span> <span class='ocrx_word' id='word_1_414' title='bbox 1299 4023 1476 4102; x_wconf 84' lang='lat' dir='ltr'>laetumque</span> <span class='ocrx_word' id='word_1_415' title='bbox 1554 4073 1558 4080; x_wconf 91' lang='grc'><em>,</em></span> 
     </span>
     <span class='ocr_line' id='line_1_44' title="bbox 147 4111 1476 4203; baseline -0.014 -13"><span class='ocrx_word' id='word_1_416' title='bbox 147 4145 220 4190; x_wconf 85' lang='lat' dir='ltr'>esse</span> <span class='ocrx_word' id='word_1_417' title='bbox 242 4123 276 4188; x_wconf 90' lang='lat' dir='ltr'>in</span> <span class='ocrx_word' id='word_1_418' title='bbox 298 4122 432 4203; x_wconf 75' lang='lat' dir='ltr'>iudaea,</span> <span class='ocrx_word' id='word_1_419' title='bbox 457 4145 522 4189; x_wconf 90' lang='lat' dir='ltr'>non</span> <span class='ocrx_word' id='word_1_420' title='bbox 543 4123 576 4187; x_wconf 90' lang='lat' dir='ltr'>in</span> <span class='ocrx_word' id='word_1_421' title='bbox 598 4123 754 4191; x_wconf 76' lang='lat' dir='ltr'>Galilaea.</span> <span class='ocrx_word' id='word_1_422' title='bbox 801 4122 885 4186; x_wconf 83' lang='lat' dir='ltr'>Nam</span> <span class='ocrx_word' id='word_1_423' title='bbox 899 4119 940 4182; x_wconf 77' lang='lat' dir='ltr'>&#39;in</span> <span class='ocrx_word' id='word_1_424' title='bbox 961 4117 1087 4182; x_wconf 69' lang='lat' dir='ltr'>iudaea</span> <span class='ocrx_word' id='word_1_425' title='bbox 1109 4129 1171 4197; x_wconf 86' lang='lat' dir='ltr'>per¹</span> <span class='ocrx_word' id='word_1_426' title='bbox 1189 4133 1283 4196; x_wconf 88' lang='lat' dir='ltr'>agros</span> <span class='ocrx_word' id='word_1_427' title='bbox 1304 4111 1410 4175; x_wconf 86' lang='lat' dir='ltr'>ibatur</span> <span class='ocrx_word' id='word_1_428' title='bbox 1433 4111 1476 4172; x_wconf 89' lang='lat' dir='ltr'>ab</span> 
     </span>
     <span class='ocr_line' id='line_1_45' title="bbox 148 4198 1475 4297; baseline -0.014 -17"><span class='ocrx_word' id='word_1_429' title='bbox 148 4237 214 4280; x_wconf 88' lang='lat' dir='ltr'>uuo</span> <span class='ocrx_word' id='word_1_430' title='bbox 238 4213 307 4278; x_wconf 84' lang='lat' dir='ltr'>vico</span> <span class='ocrx_word' id='word_1_431' title='bbox 328 4213 371 4276; x_wconf 92' lang='lat' dir='ltr'>ad</span> <span class='ocrx_word' id='word_1_432' title='bbox 385 4213 498 4277; x_wconf 85' lang='lat' dir='ltr'>ahnm:</span> <span class='ocrx_word' id='word_1_433' title='bbox 522 4213 555 4278; x_wconf 92' lang='lat' dir='ltr'>in</span> <span class='ocrx_word' id='word_1_434' title='bbox 571 4211 715 4277; x_wconf 87' lang='lat' dir='ltr'>Galilaea</span> <span class='ocrx_word' id='word_1_435' title='bbox 734 4208 852 4292; x_wconf 87' lang='lat' dir='ltr'>oppida</span> <span class='ocrx_word' id='word_1_436' title='bbox 875 4208 988 4272; x_wconf 89' lang='lat' dir='ltr'>crebra</span> <span class='ocrx_word' id='word_1_437' title='bbox 1009 4207 1095 4269; x_wconf 88' lang='lat' dir='ltr'>circa</span> <span class='ocrx_word' id='word_1_438' title='bbox 1117 4210 1262 4284; x_wconf 75' lang='lat' dir='ltr'>stagnum</span> <span class='ocrx_word' id='word_1_439' title='bbox 1278 4198 1475 4297; x_wconf 80' lang='lat' dir='ltr'>Genesaretlr</span> 
     </span>
     <span class='ocr_line' id='line_1_46' title="bbox 149 4286 1473 4384; baseline -0.013 -16"><span class='ocrx_word' id='word_1_440' title='bbox 149 4312 183 4368; x_wconf 85' lang='lat' dir='ltr'>et</span> <span class='ocrx_word' id='word_1_441' title='bbox 200 4303 242 4366; x_wconf 90' lang='lat' dir='ltr'>ad</span> <span class='ocrx_word' id='word_1_442' title='bbox 258 4304 362 4384; x_wconf 88' lang='lat' dir='ltr'>ripam</span> <span class='ocrx_word' id='word_1_443' title='bbox 378 4301 397 4364; x_wconf 88' lang='lat' dir='ltr'>J</span> <span class='ocrx_word' id='word_1_444' title='bbox 400 4303 528 4366; x_wconf 89' lang='lat' dir='ltr'>ordanis</span> <span class='ocrx_word' id='word_1_445' title='bbox 543 4302 644 4364; x_wconf 86' lang='lat' dir='ltr'>vicina</span> <span class='ocrx_word' id='word_1_446' title='bbox 659 4299 821 4364; x_wconf 86' lang='lat' dir='ltr'>habebant</span> <span class='ocrx_word' id='word_1_447' title='bbox 836 4298 972 4373; x_wconf 86' lang='lat' dir='ltr'>deserta,</span> <span class='ocrx_word' id='word_1_448' title='bbox 991 4292 1184 4370; x_wconf 88' lang='lat' dir='ltr'>solitudines,</span> <span class='ocrx_word' id='word_1_449' title='bbox 1203 4299 1326 4354; x_wconf 80' lang='lat' dir='ltr'>orontes</span> <span class='ocrx_word' id='word_1_450' title='bbox 1342 4286 1473 4351; x_wconf 80' lang='lat' dir='ltr'>steriles.</span> 
     </span>
     <span class='ocr_line' id='line_1_47' title="bbox 148 4375 1475 4476; baseline -0.015 -20"><span class='ocrx_word' id='word_1_451' title='bbox 148 4395 183 4457; x_wconf 92' lang='lat' dir='ltr'>in</span> <span class='ocrx_word' id='word_1_452' title='bbox 207 4412 290 4476; x_wconf 89' lang='lat' dir='ltr'>quae</span> <span class='ocrx_word' id='word_1_453' title='bbox 314 4389 458 4457; x_wconf 88' lang='lat' dir='ltr'>Christus</span> <span class='ocrx_word' id='word_1_454' title='bbox 485 4387 600 4455; x_wconf 85' lang='lat' dir='ltr'>crebro</span> <span class='ocrx_word' id='word_1_455' title='bbox 628 4411 662 4454; x_wconf 89' lang='lat' dir='ltr'>se</span> <span class='ocrx_word' id='word_1_456' title='bbox 685 4387 843 4453; x_wconf 88' lang='lat' dir='ltr'>subduxit.</span> <span class='ocrx_word' id='word_1_457' title='bbox 890 4385 1000 4450; x_wconf 87' lang='lat' dir='ltr'>Ibatur</span> <span class='ocrx_word' id='word_1_458' title='bbox 1028 4384 1122 4466; x_wconf 88' lang='lat' dir='ltr'>igitur</span> <span class='ocrx_word' id='word_1_459' title='bbox 1150 4381 1189 4444; x_wconf 91' lang='lat' dir='ltr'>de</span> <span class='ocrx_word' id='word_1_460' title='bbox 1216 4379 1286 4444; x_wconf 90' lang='lat' dir='ltr'>loco</span> <span class='ocrx_word' id='word_1_461' title='bbox 1312 4375 1475 4476; x_wconf 76' lang='lat' dir='ltr'>inlocum</span> 
     </span>
     <span class='ocr_line' id='line_1_48' title="bbox 148 4463 1476 4565; baseline -0.018 -17"><span class='ocrx_word' id='word_1_462' title='bbox 148 4489 206 4548; x_wconf 93' lang='lat' dir='ltr'>aut</span> <span class='ocrx_word' id='word_1_463' title='bbox 232 4479 365 4546; x_wconf 86' lang='lat' dir='ltr'>navibus</span> <span class='ocrx_word' id='word_1_464' title='bbox 388 4488 444 4546; x_wconf 90' lang='lat' dir='ltr'>aut</span> <span class='ocrx_word' id='word_1_465' title='bbox 470 4501 527 4565; x_wconf 88' lang='lat' dir='ltr'>per</span> <span class='ocrx_word' id='word_1_466' title='bbox 550 4479 678 4544; x_wconf 87' lang='lat' dir='ltr'>deserta</span> <span class='ocrx_word' id='word_1_467' title='bbox 701 4485 735 4543; x_wconf 92' lang='lat' dir='ltr'>ut</span> <span class='ocrx_word' id='word_1_468' title='bbox 758 4477 935 4560; x_wconf 85' lang='lat' dir='ltr'>plurimrun.</span> <span class='ocrx_word' id='word_1_469' title='bbox 967 4473 1069 4538; x_wconf 82' lang='lat' dir='ltr'>&#39;llaec</span> <span class='ocrx_word' id='word_1_470' title='bbox 1091 4469 1176 4536; x_wconf 79' lang='lat' dir='ltr'>arldo</span> <span class='ocrx_word' id='word_1_471' title='bbox 1202 4463 1476 4535; x_wconf 79' lang='lat' dir='ltr'>verisimilitudinis</span> 
     </span>
    </p>
   </div>
   <div class='ocr_carea' id='block_1_7' title="bbox 148 4617 365 4628">
    <p class='ocr_par' dir='ltr' id='par_1_8' title="bbox 148 4617 365 4628">
     <span class='ocr_line' id='line_1_49' title="bbox 148 4617 365 4628; baseline -0.023 1"><span class='ocrx_word' id='word_1_472' title='bbox 148 4621 172 4628; x_wconf 75' lang='lat' dir='ltr'>n.</span> <span class='ocrx_word' id='word_1_473' title='bbox 191 4617 365 4628; x_wconf 60' lang='grc' dir='ltr'>-μ,</span> 
     </span>
    </p>
   </div>
   <div class='ocr_carea' id='block_1_8' title="bbox 150 4663 1476 4838">
    <p class='ocr_par' dir='ltr' id='par_1_9' title="bbox 150 4663 1476 4838">
     <span class='ocr_line' id='line_1_50' title="bbox 232 4663 1476 4750; baseline -0.019 -9"><span class='ocrx_word' id='word_1_474' title='bbox 232 4683 258 4746; x_wconf 75' lang='lat'>⁸)</span> <span class='ocrx_word' id='word_1_475' title='bbox 290 4691 329 4740; x_wconf 79' lang='lat' dir='ltr'>At</span> <span class='ocrx_word' id='word_1_476' title='bbox 349 4702 397 4737; x_wconf 86' lang='lat' dir='ltr'>our</span> <span class='ocrx_word' id='word_1_477' title='bbox 418 4701 470 4738; x_wconf 86' lang='lat' dir='ltr'>non</span> <span class='ocrx_word' id='word_1_478' title='bbox 493 4683 575 4736; x_wconf 85' lang='lat' dir='ltr'>etium</span> <span class='ocrx_word' id='word_1_479' title='bbox 603 4681 742 4750; x_wconf 82' lang='lat' dir='ltr'>triplicant</span> <span class='ocrx_word' id='word_1_480' title='bbox 770 4679 839 4734; x_wconf 85' lang='lat' dir='ltr'>hauc</span> <span class='ocrx_word' id='word_1_481' title='bbox 867 4676 1022 4732; x_wconf 81' lang='lat' dir='ltr'>historiam.</span> <span class='ocrx_word' id='word_1_482' title='bbox 1054 4673 1074 4727; x_wconf 87' lang='lat' dir='ltr'>si</span> <span class='ocrx_word' id='word_1_483' title='bbox 1097 4670 1212 4725; x_wconf 91' lang='lat' dir='ltr'>omnium</span> <span class='ocrx_word' id='word_1_484' title='bbox 1233 4663 1476 4735; x_wconf 81' lang='lat' dir='ltr'>Evangelistarunr</span> 
     </span>
     <span class='ocr_line' id='line_1_51' title="bbox 150 4765 403 4838; baseline -0.004 -20"><span class='ocrx_word' id='word_1_485' title='bbox 150 4769 244 4838; x_wconf 72' lang='lat' dir='ltr'>apices</span> <span class='ocrx_word' id='word_1_486' title='bbox 269 4765 403 4820; x_wconf 70' lang='lat' dir='ltr'>tenendi?</span> 
     </span>
    </p>
   </div>
   <div class='ocr_carea' id='block_1_9' title="bbox 0 0 1704 5540">
    <p class='ocr_par' dir='ltr' id='par_1_10' title="bbox 0 0 1704 5540">
     <span class='ocr_line' id='line_1_52' title="bbox 0 0 1704 5540; baseline 0 0"><span class='ocrx_word' id='word_1_487' title='bbox 0 0 1704 5540; x_wconf 95' lang='lat' dir='ltr'> </span> 
     </span>
    </p>
   </div>
  </div>
 </body>
</html>
