3396 5540
253 207 315 266 378
607 209 613 224 ⁶
766 208 874 272 Eclogae
899 207 1045 258 emunim.
1122 167 1130 186 ⁶

331 383 503 439 Calvisius
533 385 621 454 (Epist.
640 389 686 454 1.):
726 389 769 442 Ad
793 387 903 440 tertium
928 393 1117 456 argumentum
1143 389 1178 442 ds
1203 386 1279 442 obito
1300 387 1418 458 Philippi
1445 387 1483 456 (p.
1507 391 1566 454 188)

251 467 409 534 respondeo,
431 465 488 533 ejus
508 473 620 518 nrortern
639 467 735 520 referri
757 484 776 522 a
795 468 915 536 Josepho
937 485 987 520 sex
1008 468 1144 522 mensibus
1160 468 1224 522 ‘lere
1245 473 1312 522 ante
1333 468 1436 522 obitum
1449 466 1560 522 Tiberii.

251 544 280 598 Si
294 562 338 602 ‚eo
364 553 484 613 tempore
510 542 595 614 igitur
619 553 741 599 mortuus
766 553 816 608 est,
837 549 948 618 quando
966 561 1023 616 pax
1044 547 1120 602 lacta
1141 548 1212 601 inter
1231 547 1350 602 Parthos
1371 554 1401 602 et
1421 549 1566 608 Romanos,

250 623 406 693 provinciae
432 623 489 691 ejus
514 623 623 677 virente
648 625 755 680 Tiberio
772 626 936 695 provinciae
961 627 1061 696 Syriae
1094 627 1208 682 attribui
1234 635 1391 696 potuerunt.
1440 625 1569 682 Arbitror

252 703 344 774 itaque
364 721 424 756 curn
444 703 595 773 scaligero,
617 705 741 773 sphalma
761 724 821 758 esse
843 707 870 760 in
890 706 1018 774 Josepho.

339 795 532 878 Keplerus
556 803 728 873 (apst.11.):
758 799 848 876 Quae
875 799 971 862 tertio
998 801 1188 879 argumento
1215 795 1338 883 objicis,
1366 801 1443 860 sunt
1471 816 1492 861 a
1520 817 1569 859 me

250 885 328 948 satis
352 883 464 962 diluta,
487 883 564 948 dum
582 886 741 967 Scaligero
763 887 953 969 respondeo.
987 885 1059 951 Non
1084 887 1159 950 dicit
1173 887 1343 970 reseptos,
1367 893 1386 952 6
1406 885 1569 949 mensibus

186 1043 190 1058 ,
250 977 325 1036 ante
353 971 473 1036 exitum
500 973 616 1039 Tiberii
645 979 808 1039 mortuum
834 975 1032 1058 Philippum,
1060 975 1119 1039 sed
1146 981 1318 1058 postquam
1350 975 1570 1039 continuasset

250 1061 414 1124 historiam
437 1063 605 1143 usquead
628 1069 646 1129 0
671 1083 796 1127 menses
819 1083 839 1128 a
861 1071 963 1128 morte
986 1063 1111 1142 Tiberii,
1135 1063 1278 1149 subjicit:
1306 1069 1385 1130 tunc
1409 1063 1570 1144 (ternpore

250 1149 335 1213 illius
366 1149 537 1214 continuae
566 1151 717 1217 historiae
747 1151 864 1216 biennii
894 1158 952 1216 aut
985 1150 1126 1235 pluriuin
1161 1173 1336 1232 annorum,
1371 1150 1431 1216 sub
1463 1151 1569 1216 Pilato

251 1238 412 1318 nimirum)
437 1238 610 1305 (incessisse
632 1239 815 1324 Philippum
836 1241 982 1305 vicesimo
1005 1241 1129 1306 Tiberii.
1176 1239 1308 1326 Subjicit
1329 1240 1373 1306 sio
1400 1261 1466 1304 non
1488 1239 1569 1304 haec

250 1331 388 1405 tantum,
412 1327 469 1391 sed
492 1327 620 1408 atalia,
643 1349 727 1412 quae
750 1329 961 1394 certissimum
983 1336 1032 1393 est
1053 1331 1142 1413 prius
1164 1329 1251 1394 facta
1273 1350 1352 1394 esse.
1388 1329 1430 1394 Et
1453 1329 1570 1394 mirum

251 1419 310 1493 est,
333 1435 406 1479 curn
428 1421 556 1499 portam
578 1419 697 1496 uidene,
720 1418 801 1482 velle
817 1424 849 1482 te
861 1439 1069 1502 perrumpere
1092 1418 1230 1482 solidum
1252 1439 1380 1482 murum
1392 1424 1426 1481 et
1437 1416 1569 1499 Josephi

198 1573 202 1582 ,
250 1507 376 1567 textum
397 1503 469 1569 salsi
491 1525 637 1586 arguere.
671 1507 755 1586 Quid
776 1526 857 1590 opus
880 1507 954 1570 est?
977 1509 1026 1571 Aa
1048 1529 1112 1571 non
1134 1507 1216 1572 berre
1238 1512 1304 1572 stat
1325 1507 1459 1572 historia
1481 1526 1503 1569 a
1517 1525 1568 1568 me

250 1593 399 1657 ordinata
421 1594 609 1676 numerique
631 1617 740 1660 omnes
762 1595 894 1680 Josephi
916 1595 974 1660 sibi
996 1597 1200 1678 congruunt?

329 1703 500 1759 Calvisius
521 1707 610 1774 (Epist.
630 1709 676 1774 1.):
716 1709 758 1762 Ad
780 1715 907 1776 quartam
927 1709 961 1760 de
981 1707 1075 1776 eclipsi
1095 1708 1130 1778 (p.
1152 1710 1230 1776 180).
1251 1707 1374 1762 Herodes
1393 1712 1459 1774 post
1479 1705 1563 1774 eclip-

250 1783 291 1834 sin
316 1782 436 1837 irrterrtus
461 1785 513 1838 fnit
538 1793 567 1838 et
592 1785 701 1838 medicis
728 1787 897 1860 accersendis
923 1793 952 1840 et
971 1786 1174 1840 medicamentis
1195 1786 1380 1856 acquirendis,
1410 1793 1511 1854 postea
1532 1803 1567 1838 ex

222 1853 229 1866 '
250 1861 359 1915 consilio
384 1863 547 1919 medicorum
570 1866 747 1934 proficiscitur
771 1867 807 1919 nd
828 1883 914 1937 aquas
935 1865 1037 1921 calidas
1059 1873 1135 1920 trans
1155 1865 1304 1920 Jordanem
1325 1865 1416 1934 ibique
1437 1883 1468 1917 se
1490 1865 1565 1918 lor-it.

249 1943 315 1994 lade
335 1941 539 1997 Hierichuntem
559 1946 670 2008 relatus,
686 1963 723 1999 ex
739 1954 801 1999 atra
814 1947 869 2000 bile
884 1954 1089 2016 praegravante
1106 1963 1137 1998 eo
1155 1945 1332 2001 immanitatis
1347 1945 1494 2014 prolapsus
1516 1953 1567 2002 est.

249 2031 281 2074 ut
316 2022 412 2075 minaci
445 2024 532 2078 edicto
565 2025 725 2079 nobiliores·
750 2026 917 2080 iudaeorum
948 2025 1103 2079 convocarit
1134 2041 1233 2095 eosque
1259 2032 1321 2094 post
1346 2031 1463 2077 mortem
1490 2039 1567 2076 suam

250 2101 335 2154 occidi
357 2103 482 2158 voluerit.
523 2105 589 2158 Iade
613 2112 747 2158 venerunt
767 2105 855 2176 legati
876 2113 906 2159 et
924 2105 1023 2160 literae
1043 2106 1131 2159 Roma
1150 2105 1258 2168 priseae,
1280 2104 1377 2175 quibus
1397 2103 1567 2172 permittitur

249 2181 351 2235 Herodi
371 2190 493 2252 potestas
514 2184 652 2238 statuendi
672 2188 706 2238 de
725 2185 788 2239 llio.
829 2187 889 2248 Quo
909 2186 1006 2239 nuncio
1027 2192 1167 2238 recreatus
1183 2183 1248 2239 l'nit:
1269 2187 1319 2238 sed
1333 2184 1469 2252 repetitus
1485 2183 1566 2254 gravi
1593 2225 1596 2232 .

239 2263 351 2326 delore,
377 2261 428 2316 sibi
452 2279 561 2318 manum
581 2264 681 2318 inferre
701 2264 795 2326 voluit,
819 2265 972 2334 prohibitus
990 2272 1085 2318 autern
1105 2265 1219 2318 interllci
1240 2271 1320 2318 curat
1338 2263 1519 2332 Antipatrum
1539 2269 1568 2314 et

212 2381 216 2394 .
250 2340 344 2410 quinto
369 2341 413 2395 die
437 2360 457 2397 s
480 2351 567 2398 morte
586 2343 725 2414 Antipatri
751 2345 809 2398 lato
834 2345 967 2415 iungitur.
1008 2345 1153 2416 Exequiae
1174 2344 1236 2398 inde
1255 2349 1390 2414 parantur
1406 2341 1473 2412 regi
1494 2343 1565 2396 cele-

249 2421 393 2476 berrimae.
434 2423 545 2478 Interim
564 2427 658 2494 procul
679 2426 760 2478 dubio
781 2427 817 2478 ad
838 2426 876 2480 30
893 2425 959 2488 dies,
980 2431 1011 2478 ut
1026 2425 1191 2479 consuetudo
1207 2424 1271 2478 tulit
1285 2439 1378 2478 eorum
1394 2422 1566 2492 populorum,

249 2501 397 2570 unguentis
426 2509 455 2556 et
484 2505 606 2557 balsamo
636 2515 748 2558 curatus
774 2513 823 2573 est.
865 2505 1039 2558 Transfertur
1064 2495 1126 2558 inde
1152 2520 1248 2572 corpus
1273 2503 1335 2570 ejus
1360 2503 1512 2556 Heredium
1539 2507 1568 2554 et

249 2581 400 2636 Archelaus
416 2582 544 2652 postdies
554 2589 658 2654 septem
672 2586 771 2654 populo
787 2586 896 2654 epulum
911 2584 992 2646 dedit,
1009 2583 1035 2639 in
1050 2585 1178 2652 templum
1194 2583 1324 2646 ascendit,
1340 2581 1387 2634 ubi
1396 2599 1449 2635 rex
1458 2583 1566 2650 procla·

249 2669 339 2714 matur
359 2679 378 2714 n
396 2664 504 2732 populo.
531 2665 595 2718 ludo
610 2664 790 2718 conciliabula
805 2664 1024 2726 habent-ludaei,
1040 2663 1123 2717 ulturi
1140 2665 1251 2720 caedem
1266 2665 1323 2718 400
1341 2661 1565 2722 adolescentium,

248 2741 461 2813 seditionemque
490 2751 639 2805 rrroverurrt,
670 2760 742 2814 quae
769 2745 795 2797 irr
823 2744 880 2797 dies
900 2745 995 2808 crevit,
1026 2745 1111 2815 donec
1132 2743 1159 2796 in
1180 2743 1250 2795 l'csto
1270 2742 1417 2810 paschatos
1437 2741 1562 2811 peregri·

247 2836 343 2874 norum
369 2823 488 2876 adventu
514 2831 678 2893 augereturs
705 2823 741 2877 ibi
768 2824 861 2876 occisis
889 2825 965 2878 3000
994 2823 1089 2877 seditio
1110 2822 1180 2876 haec
1200 2821 1310 2894 quievit
1352 2821 1419 2883 Quis
1440 2821 1486 2874 hic
1506 2837 1568 2872 rere

248 2901 385 2954 affirmare
405 2902 515 2972 poterit,
535 2903 605 2960 haec
625 2903 704 2956 nnius
724 2904 823 2957 mensis
844 2904 932 2972 spatio
952 2903 1011 2957 lieri
1031 2903 1169 2974 potuisset

337 2991 527 3075 Keplerus
550 3001 639 3070 (Epist
659 3007 723 3070 11.):
746 2995 794 3060 De
818 2995 937 3078 eclipsi.
982 2993 1107 3061 Videris
1130 2993 1279 3059 admetiri
1306 2991 1448 3077 syllabas
1471 2991 1566 3057 histo·

247 3080 315 3144 riae
338 3081 380 3144 de
401 3087 504 3146 morte
526 3083 677 3162 Herodis,
706 3087 743 3147 ut
764 3085 801 3148 iis
823 3090 950 3168 tempus
978 3083 1130 3150 metiaris.
1175 3083 1337 3147 Atrocitas
1358 3082 1405 3145 rei
1428 3079 1568 3164 Josepho

247 3169 350 3233 multa
371 3169 467 3234 rerba
490 3173 636 3236 extorsit.
670 3173 735 3236 Res
756 3173 843 3256 ipses
865 3173 953 3238 side:
976 3173 1115 3236 medicos
1139 3171 1277 3236 exomni
1299 3169 1461 3254 provincia
1483 3171 1568 3234 intra

247 3257 390 3321 triduunr
415 3280 526 3342 cogere
548 3261 667 3344 potuit,
696 3261 862 3326 consilium
884 3263 969 3328 intra
991 3260 1103 3326 horam
1130 3264 1281 3344 poterant
1307 3259 1421 3324 medici
1443 3257 1566 3338 dare.*)

247 3345 395 3411 iliericho
417 3347 517 3412 distat
539 3349 764 3434 Hierosolymis
798 3351 902 3415 minus
934 3355 1025 3435 puto,
1059 3369 1159 3432 quam
1191 3349 1333 3412 thermae
1359 3345 1568 3414 Alsatioaea

247 3435 359 3524 ricirua
380 3437 541 3503 Austriae.
566 3438 738 3502 Ootidnum
761 3444 830 3504 esto
851 3441 884 3504 in
903 3439 1034 3504 thermis
1056 3441 1269 3503 consumtum.
1293 3437 1393 3502 Putas
1411 3438 1460 3515 tir,
1478 3455 1565 3500 men·

135 3547 140 3564 ¹
247 3545 315 3588 sem
336 3524 433 3589 fuisse
460 3531 529 3590 tarn
555 3527 645 3594 nullo
673 3549 823 3592 successu
849 3527 1065 3594 valetudinis?
1098 3527 1166 3591 Nec
1189 3524 1265 3590 dicit
1286 3524 1462 3610 Josephus,
1491 3545 1565 3590 oon·

246 3620 377 3678 vocatos
398 3635 547 3698 proceres
570 3621 643 3700 post
665 3617 815 3681 reditum.
854 3619 956 3683 Erant
978 3616 1026 3682 illi
1047 3615 1129 3680 forte
1151 3613 1391 3698 llierosolyrnis,
1413 3634 1490 3678 oum
1512 3634 1569 3678 rex

245 3701 364 3785 incepit
385 3710 570 3785 aegrotare,
598 3705 639 3770 ob
662 3705 719 3769 filii
741 3705 979 3770 damnationem
1006 3703 1187 3770 convocati:
1217 3702 1345 3767 Herode
1367 3704 1401 3767 in
1423 3701 1567 3766 thermas
1662 3695 1670 3708 “

248 3797 350 3854 eunte-
367 3791 578 3857 substiterunt
599 3794 631 3860 irr
654 3794 819 3875 Hiericho,
849 3795 951 3858 secuti
978 3813 1087 3876 regern
1116 3792 1342 3872 hactenns.**)
1392 3791 1462 3855 Nec
1493 3791 1569 3856 dicit

156 3935 159 3946 .
246 3877 420 3963 «Iosephus,
444 3887 617 3964 postquam
639 3883 783 3948 Herodes
805 3883 1044 3948 Hierichuntem
1067 3881 1166 3958 venit,
1190 3881 1294 3946 Roma
1319 3880 1422 3944 exisse
1445 3878 1567 3960 legatos

247 3968 330 4049 regis
357 3975 390 4032 ct
415 3990 522 4050 regem
550 3971 749 4036 Hierichunti
775 3973 942 4055 reperisse.
994 3973 1114 4036 Contra
1141 3969 1202 4034 hoc
1232 3974 1369 4052 apparet
1397 3969 1496 4033 satis:
1528 3967 1568 4032 ab

248 4077 379 4122 excessu
392 4060 474 4139 regis
485 4059 680 4124 Archelaum
702 4061 811 4126 statim
824 4061 945 4125 venisse
960 4059 994 4124 iu
1009 4065 1136 4124 coetum
1158 4057 1176 4122 J
1181 4057 1369 4124 udaeorum.
1403 4057 1568 4140 Exequiae

246 4166 321 4209 vero
345 4151 378 4209 et
395 4146 542 4212 balsama
564 4156 697 4214 curatae
720 4156 796 4213 suut
818 4151 850 4213 ni
872 4149 967 4214 fallor
984 4147 1150 4226 alibertis‚
1173 4146 1481 4231 aplrarnracopaeis,
1506 4167 1568 4210 non

245 4233 446 4319 inspectante
457 4237 625 4328 Archelao,
637 4238 748 4321 utique
760 4259 800 4305 ne
812 4237 955 4324 corporis
972 4237 1100 4322 paterni
1114 4241 1223 4322 partes
1239 4235 1423 4300 inhonestas
1434 4235 1568 4314 rideret,

341 4433 366 4498 *i
387 4436 444 4490 Vix
464 4454 546 4492 unam
567 4437 637 4493 diem
658 4455 695 4492 ex
715 4438 830 4493 historia
850 4440 972 4494 eviceris.

326 4515 367 4579 ”t
389 4517 512 4571 Graecus
538 4525 633 4572 textus
659 4519 711 4572 hoc
738 4519 865 4583 insinuat,
892 4521 978 4590 primo
999 4517 1092 4572 statim
1113 4517 1139 4572 in
1160 4516 1365 4573 Hierichuntem
1387 4521 1563 4569 convocatos:

247 4601 276 4648 et
295 4597 377 4650 facile
398 4597 545 4668 colligitur,
565 4615 660 4670 regern
676 4601 836 4652 decubuisse
857 4616 910 4653 norr
926 4599 1131 4668 Hierosolymis,
1153 4597 1242 4652 sedin
1257 4595 1357 4650 ricinia
1372 4595 1563 4654 Hierichuntis,

247 4675 409 4731 Alexandrii
435 4686 486 4732 aut
505 4679 625 4742 Heredii,
653 4680 772 4734 castellis
794 4681 829 4733 ab
851 4680 907 4750 ipsc
929 4679 1085 4743 exstructis,
1111 4685 1161 4733 sut
1181 4679 1208 4732 irr
1229 4678 1287 4747 ipso
1308 4675 1417 4745 oppido,
1439 4675 1484 4729 ubi
1505 4681 1562 4728 erat

248 4771 342 4810 carcer
362 4757 508 4825 Antipatri.
527 4797 530 4804 .
1364 4755 1370 4763 '
