3406 5542
211 325 275 396 286
517 413 520 422 ¹
709 343 931 398 nemorum
946 345 1043 408 maun

211 491 302 554 alium
310 491 538 573 praestiterunt.
560 488 602 550 lit
610 487 774 551 ratumhoc
782 489 914 570 ipsorum
917 489 1063 569 judicium
1071 489 1127 553 fuit
1136 491 1216 570 apud
1224 493 1335 560 Patres
1350 497 1487 565 eeteros;
1505 489 1556 572 qui

211 581 385 666 plerumque
400 579 562 642 Eusebium
578 578 617 639 ab
633 579 817 660 Hieronymo
832 598 960 654 versum,
977 587 1031 640 aut
1039 580 1202 643 Eusebium
1216 581 1313 662 ipsum
1325 579 1479 645 Graecum
1495 579 1558 642 suis

211 670 404 733 bibliothecis
420 667 594 742 intulerunt,
610 675 643 729 et
658 668 698 730 ad
712 668 769 729 hos
786 677 926 730 auctores
941 669 972 730 in
987 668 1142 732 laboribus
1159 669 1220 732 suis
1237 670 1463 745 ecclesiasticis,
1480 680 1557 750 quo-

211 760 271 822 ties
286 779 358 821 usus
374 759 419 820 ita
435 758 536 830 ferret,
556 762 749 834 recurrerunt
764 777 923 838 eorumque
940 759 1121 822 testimoniis
1137 759 1230 822 innixi
1247 767 1326 823 sunt
1363 760 1478 840 Ingens
1499 779 1558 820 nu-

211 868 312 911 merus
329 855 377 910 est
392 865 510 921 eorum,
533 846 583 927 qui
598 847 723 909 Petrum
735 846 799 926 jam
817 847 965 909 dictorum
981 854 1115 910 aetatem
1131 849 1286 911 consecuti
1303 855 1389 924 suut,
1412 856 1445 910 et
1460 847 1559 928 major

114 959 119 968 “
152 939 156 946 ’
212 937 339 1012 illorum,
355 936 405 1018 qui
419 936 478 996 hoc
492 935 598 998 ultimo
614 936 724 1018 seculo,
740 955 829 1018 quam
844 937 894 1017 qui
910 936 1014 998 decern
1030 937 1231 1019 superioribus
1247 939 1427 1013 floruerunt;
1451 939 1559 1020 quibus

214 1027 351 1090 omnibns
366 1025 445 1087 idem
457 1024 616 1105 judicium,
638 1025 718 1088 idem
733 1026 763 1087 in
779 1032 945 1107 temporum
962 1027 1171 1089 emendatione
1193 1029 1325 1091 studium
1340 1029 1411 1090 fuit·
1441 1027 1505 1090 Sed
1522 1045 1559 1087 ne

212 1115 300 1196 hujus
322 1114 467 1196 temporis
491 1114 640 1178 scribendi
661 1119 807 1193 κακοηθις
831 1134 886 1196 pro
916 1123 1301 1182 autoramentc,statuam:
1332 1118 1364 1180 in
1385 1117 1486 1197 prima
1507 1116 1561 1179 illa

103 1214 106 1224 ’
214 1205 316 1268 secula
338 1211 379 1279 te,
395 1204 499 1278 lector,
516 1204 619 1266 oculos
635 1204 721 1266 unice
736 1204 805 1267 volo
822 1212 998 1267 convertere
1014 1207 1198 1288 Patremque
1215 1225 1289 1288 quos
1306 1207 1438 1288 allegavi
1454 1225 1559 1268 exem-

213 1294 296 1375 plum
315 1293 442 1356 intueri:
466 1311 505 1355 ex
528 1311 584 1375 qno
607 1291 721 1369 disces,
744 1313 803 1356 nou
826 1294 997 1357 curiositati
1022 1297 1190 1376 superfluae
1215 1296 1422 1371 tribuendum,
1445 1296 1487 1370 si,
1510 1295 1560 1376 qui

213 1381 337 1447 Christo
353 1383 442 1444 fidem
458 1382 551 1457 dedit,
568 1383 646 1445 omui
664 1383 772 1458 studio,
789 1384 868 1446 omni
883 1384 994 1447 mentis
1004 1385 1069 1448 acie
1079 1386 1110 1448 in
1122 1385 1153 1447 id
1163 1385 1310 1461 elaborat,
1324 1392 1360 1448 ιιι
1376 1405 1414 1446 ex
1422 1385 1560 1447 historiis

212 1481 326 1536 eertum
343 1491 453 1536 annum
469 1470 581 1547 eliciat,
597 1492 654 1553 quc
670 1481 761 1535 natus
778 1479 919 1536 servator
931 1473 1083 1536 hominum
1097 1475 1189 1538 Jesus
1207 1473 1356 1550 Christus,
1380 1493 1438 1556 quo
1454 1474 1560 1536 itidem

213 1563 453 1626 sacratissimum
477 1579 585 1641 corpus
609 1580 694 1624 suum
716 1562 871 1626 victimam
894 1563 1012 1626 dederit
1037 1564 1237 1646 expiatoriam
1261 1583 1316 1645 pru
1339 1563 1434 1626 totins
1457 1563 1560 1625 mundi

212 1651 349 1733 peccatis
366 1650 599 1732 sanguinemque
617 1671 701 1712 suum
716 1652 892 1732 profuderit.
916 1663 922 1674 ’
1534 1723 1537 1730 ,

299 1742 405 1822 Neque
429 1747 531 1802 tamen
553 1738 584 1801 id
607 1740 680 1813 solis
709 1748 845 1804 veterum
875 1741 1021 1822 exemplis
1050 1741 1131 1804 cerni
1154 1743 1258 1804 velim:
1297 1743 1366 1824 quin
1396 1747 1562 1824 suppetunt

211 1829 298 1895 nobis
313 1830 449 1892 rationes
466 1827 651 1891 domesticae
665 1830 950 1910 ponderosissimae.
973 1831 1069 1894 Vides
1078 1827 1271 1894 Matthaeum
1287 1839 1320 1893 et
1329 1830 1444 1894 Lucam
1452 1831 1560 1893 Evan-

212 1920 341 2000 gelistas
364 1917 623 1982 circumstantiam
644 1919 732 1998 hujus
754 1920 900 2001 temporis
923 1939 1111 2002 nequaquam
1133 1921 1283 1983 intactam
1304 1921 1480 2002 reliquisse3
1504 1939 1561 1983 uec

212 2011 259 2072 fas
276 2016 326 2070 est
340 2008 489 2082 dubitare,
504 2007 574 2089 quin
590 2015 622 2070 et
630 2008 688 2070 hoc
697 2008 803 2090 ipsum,
818 2010 1011 2090 quantumvis
1020 2017 1110 2073 tenue
1127 2017 1159 2072 et
1174 2029 1234 2072 non
1244 2007 1449 2073 necessarium
1464 2009 1562 2080 videri

213 2099 303 2162 alicui
319 2098 434 2178 possit,
456 2116 495 2159 ex
511 2097 655 2178 singulari
677 2097 823 2161 instinctu
840 2097 984 2179 Spiritus·
997 2097 1105 2163 Sancti
1120 2101 1288 2179 profectum
1308 2100 1357 2162 sit.
1402 2099 1451 2162 llli
1466 2099 1562 2180 igitur

212 2206 361 2250 consensu
377 2186 545 2250 omnimodo
556 2193 703 2249 testatum
713 2188 858 2264 fecerunt,
872 2189 893 2250 J
895 2207 978 2250 esum
985 2189 1103 2252 Mariae
1119 2189 1211 2252 lilium
1221 2196 1331 2252 natum.
1341 2207 1409 2250 esse
1419 2188 1561 2252 inBeth-

211 2276 311 2341 lehem
326 2276 464 2339 Judaeae
480 2276 665 2356 temporibus
683 2276 814 2338 Herodis
831 2271 907 2358 (non
920 2278 1124 2354 Tetrarchae,
1147 2273 1216 2358 sed)
1238 2278 1334 2359 Regis
1356 2297 1448 2358 super
1462 2285 1564 2341 totam

212 2365 362 2428 Judaeam
385 2373 417 2428 et
432 2365 680 2446 circumjacentes
702 2359 816 2448 aliquot
835 2366 1021 2447 provincias:
1043 2367 1145 2430 Lucas
1166 2386 1238 2430 vero
1259 2368 1356 2431 adhuc
1379 2367 1563 2442 distinctius,

213 2456 265 2518 illo
288 2455 354 2536 ipso
377 2463 529 2535 tempore,
552 2474 609 2536 quo
633 2456 750 2517 exierat
766 2456 897 2518 edietum
919 2453 1087 2519 aGaesare
1102 2455 1261 2537 Augusto,
1282 2465 1317 2519 ιιι
1339 2456 1564 2520 describeretur

212 2545 371 2608 universus
395 2544 491 2619 orbis;
525 2544 644 2625 quando
667 2543 741 2606 illud
768 2545 899 2630 edictum
920 2545 1053 2626 Augusti
1078 2545 1222 2609 Caesaris
1253 2546 1345 2608 etiam
1369 2546 1399 2609 in
1422 2545 1563 2609 Judaeae

215 2633 358 2715 oppidum
384 2633 564 2696 Bethlehem
590 2633 700 2694 valuit:
737 2633 889 2726 adduntur
916 2641 948 2695 et
970 2635 1073 2715 plures
1104 2635 1365 2710 circumstantiae,
1391 2635 1428 2696 de
1454 2634 1564 2718 quibus

212 2723 302 2787 inira.
743 2769 746 2776 .
1158 2725 1163 2736 ’

183 2868 185 2870 ,
302 2809 454 2882 Quorsum
476 2811 634 2874 existimas
657 2810 809 2891 pertinere
833 2811 910 2873 hane
932 2813 1199 2894 Evangelistarum
1221 2813 1408 2893 diligentiam
1433 2813 1464 2876 in
1491 2831 1563 2893 per-

159 2891 167 2906 ’
215 2901 375 2965 censendis
392 2908 561 2982 temporum
577 2899 835 2962 circumstantiis?
866 2899 1017 2971 Quorsum
1032 2903 1131 2964 euim?
1161 2902 1220 2964 nisi
1243 2903 1312 2984 quia
1326 2902 1564 2984 perpenderunt,

213 2991 280 3054 Deo
305 2990 453 3053 conditori
476 2997 509 3051 et
531 2989 653 3051 custodi
672 2990 801 3069 generis·
814 2990 935 3052 humani
955 2991 1043 3053 varia
1063 2995 1133 3054 ess'e
1155 2991 1306 3054 homiuum
1321 3009 1436 3071 genera
1457 2992 1564 3054 multi·

213 3081 382 3161 plicemque
398 3079 478 3142 inter
493 3079 561 3142 illos
576 3079 764 3160 ingeniorum
779 3077 1065 3144 dissimilitudinem:
1089 3067 1305 3155 decennibus,
1326 3081 1375 3162 qui
1392 3080 1430 3142 de
1447 3079 1565 3144 Christi

214 3169 355 3232 doctrina
371 3168 511 3243 audiunt,
534 3168 700 3230 sanctitate
716 3175 749 3230 et
764 3168 919 3233 dulcedine
936 3170 1091 3233 doctrinae
1107 3189 1162 3252 per
1178 3168 1332 3233 Christum
1351 3169 1565 3251 promulgatae

215 3267 248 3321 et
265 3259 303 3322 ab
318 3256 526 3339 Evangelistis
543 3256 714 3338 descriptae
732 3258 926 3326 satisfactum«
944 3259 996 3335 iri,
1025 3267 1061 3321 ut
1076 3279 1113 3321 ea
1129 3258 1196 3322 sola
1217 3259 1291 3322 moti
1306 3259 1395 3320 fidem
1413 3259 1564 3322 historiae

216 3347 254 3410 dc
269 3349 328 3411 hoc
337 3348 412 3411 Jesu
422 3347 582 3410 Nazarcnc
597 3347 756 3427 perhibere
771 3347 875 3422 velint,
892 3349 962 3431 quin
975 3349 1122 3429 potiusin
1136 3349 1282 3411 immensa
1296 3348 1397 3430 gentis
1412 3348 1564 3411 humanae

215 3436 407 3500 multitudine
430 3453 570 3518 magnam
593 3455 660 3498 esse
683 3436 747 3498 veri
762 3436 980 3516 ignorantiam,
1003 3439 1080 3501 alias
1102 3457 1140 3500 ex
1157 3438 1225 3502 aliis
1241 3438 1373 3500 existere
1397 3438 1565 3520 opiniones,

217 3545 347 3602 errores,
362 3527 584 3607 persuasiones,
600 3525 719 3588 fabulas
736 3526 917 3590 artificiosas
933 3535 965 3590 et
979 3527 1173 3603 verisimiles,
1197 3523 1276 3610 qnae
1288 3527 1337 3590 vel
1353 3533 1452 3589 totum
1468 3546 1564 3608 genus

215 3615 377 3679 humanum
392 3616 440 3678 vel
456 3633 583 3696 magnos
600 3613 664 3696 ejus
680 3623 799 3691 coetus,
818 3624 853 3678 ut
868 3617 918 3698 qui
933 3635 991 3698 quc
1007 3618 1095 3692 inter,
1103 3637 1135 3679 se
1152 3617 1336 3680 commerciis
1359 3624 1392 3679 et
1406 3617 1492 3679 vitae
1508 3637 1563 3679 ne-

216 3705 411 3768 cessitatibus
427 3705 557 3768 maxime
572 3705 744 3780 miscentur,
761 3706 927 3786 pervadere
943 3725 1058 3788 proque
1072 3703 1153 3769 veris
1169 3706 1261 3787 recipi
1278 3714 1310 3769 et
1322 3705 1408 3768 credi
1425 3707 1561 3770 soleant:

193 3797 295 3859 -inter
309 3796 366 3858 has
390 3794 483 3858 etiam
505 3795 666 3858 nonnullas
689 3795 804 3886 aqviris
828 3795 1001 3858 sollertibus
1023 3796 1062 3858 ad
1077 3813 1192 3859 morum
1216 3794 1462 3860 emendationem
1488 3797 1563 3858 data

216 3904 308 3966 opera
324 3884 470 3947 confictas
494 3883 697 3966 doctrinisque
721 3884 905 3948 salutaribus
927 3887 1057 3947 refertas
1081 3893 1113 3948 et
1134 3886 1165 3948 in
1188 3893 1307 3948 tanturn
1323 3893 1508 3960 crematas,
1530 3891 1564 3947 ιιι

103 4041 109 4048 ,
214 3973 322 4038 Jovem
344 3973 477 4056 lapidem
496 3974 597 4056 jures,
627 3992 699 4036 vero
724 3974 824 4036 verius
849 3994 931 4050 esse,
959 3973 1097 4056 quicquid
1121 3975 1151 4037 in
1183 3993 1215 4036 se
1243 3975 1379 4038 continet
1401 3975 1563 4056 ingeniosa

218 4062 329 4127 fabula.
942 4085 947 4092 ·

190 4191 193 4198 ,
305 4150 485 4233 Quarejam
503 4171 580 4215 nune
597 4151 665 4214 dnm
682 4158 891 4233 superessent,
914 4151 1168 4233 prospiciendum,
1190 4173 1228 4216 ne
1251 4171 1394 4224 successu
1415 4151 1564 4234 temporis

216 4241 352 4308 homines
373 4241 537 4323 ingeniosi,
561 4241 669 4305 curiosi
691 4249 723 4304 et
746 4242 912 4322 scrupulosi
942 4243 1105 4306 veritatem
1135 4243 1282 4306 historiae
1303 4241 1513 4322 Evangelieae
1535 4243 1565 4305 in

216 4333 338 4395 dubium
351 4350 461 4395 vocare
476 4332 611 4412 possint,
627 4332 653 4394 si
665 4331 788 4394 videant
803 4331 983 4394 destitutam
992 4333 1173 4395 necessariis
1184 4331 1420 4396 circumstantiis
1429 4331 1566 4396 locorum

217 4429 249 4486 et
257 4428 434 4503 temporum,
444 4421 550 4502 quibus
558 4421 640 4484 illam
648 4421 884 4483 velutimanibus
891 4420 1017 4503 palpent
1022 4440 1031 4498 ;
1045 4421 1429 4486 etomniuouehistoriade
1439 4420 1565 4486 Christo

157 4573 159 4580 Α
216 4512 339 4575 tandem
359 4511 440 4573 inter
455 4510 574 4574 fabulas
591 4504 685 4573 aniles
702 4517 734 4572 et
750 4511 995 4590 superstitiosas,
1016 4513 1182 4575 vetustatis
1204 4513 1282 4576 nube
1304 4511 1414 4586 fultas,
1439 4531 1566 4594 quarum

217 4607 306 4664 tanta
320 4600 400 4662 inter
415 4600 552 4662 homines
569 4601 656 4680 copia
671 4600 720 4675 sit,
735 4601 893 4674 referatur,
909 4619 985 4662 neve
1000 4619 1055 4681 pro
1072 4601 1210 4666 dramate
1226 4601 1347 4683 poetico
1362 4601 1420 4663 viri
1438 4603 1564 4684 sapien·
1587 4605 1590 4611 '

216 4691 258 4752 tis
279 4691 362 4752 vitae
383 4688 592 4752 informandae
616 4709 708 4752 causa
731 4690 897 4770 composito
920 4689 990 4752 olim
1011 4690 1170 4753 habeatur.
1215 4692 1280 4755 Nec
1301 4708 1376 4770 opus
1400 4699 1466 4766 est,
1490 4711 1564 4754 con·

213 4777 341 4858 jecturis
365 4777 511 4860 indagare
539 4784 672 4842 mentem
699 4777 981 4858 Evangelistarum3
1013 4780 1084 4862 audi
1104 4779 1218 4844 Lucam
1242 4781 1358 4862 ipsum;
1393 4779 1564 4858 Quartana

215 4864 321 4946 inquit,
334 4863 426 4929 meld
441 4867 545 4930 cuncti
559 4874 637 4943 eunt
653 4867 803 4932 ordinm
816 4867 1014 4932 ιιιιπαιίοηει
1028 4887 1144 4943 rmum,
1160 4869 1200 4932 cle
1218 4870 1328 4952 quibam
1342 4868 1377 4931 in
1391 4870 1484 4932 uotis
1499 4865 1564 4952 (in-
