3406 5542
225 285 294 398 aas
469 367 480 380 ³
725 299 1064 394 nemausumque

179 493 183 505 ·
225 451 338 514 coelo?
365 449 447 514 Nam
460 456 497 512 ut
510 445 607 528 pridie
621 445 693 512 Idus
712 445 789 526 Maii
806 443 865 510 Sol
887 445 1024 522 deliciet,
1045 445 1114 528 plus
1136 447 1231 520 semel
1248 447 1450 520 muamus
1472 443 1575 506 bdau
1601 439 1609 452 “

226 559 288 604 uun
301 546 422 621 potest;
446 538 617 618 factumque
640 543 689 600 ιιι
702 535 824 599 Juliano
849 535 921 599 104.
942 535 1111 616 imperante
1132 538 1261 602 Nerone.
1298 535 1447 617 Signatus
1470 539 1522 595 est
1543 539 1576 594 ιι

223 629 337 692 Vinicii
366 637 399 690 ιι
418 625 535 690 Statilii
558 624 651 688 Tauri
669 623 845 689 consulatus
869 623 988 689 Claudii
1011 645 1090 689 auno
1118 627 1222 708 quinto
1251 626 1357 706 eclipsi
1384 641 1483 705 parva
1507 619 1576 684 Cal.

224 718 359 800 Augusti
382 735 461 779 anno
483 714 534 780 90.
549 713 680 778 Juliauo.
711 712 860 794 Signatus
881 720 931 776 ιιι
945 720 979 776 ιι
994 713 1128 778 Cornelii
1142 723 1175 778 et
1189 713 1307 778 Valerii
1320 712 1477 778 Messalae
1497 729 1575 773 con·
1617 723 1624 733 ’

226 808 344 870 sulatus
360 805 465 885 eclipsi
486 803 610 885 partiali
626 801 725 876 Sulis,
746 821 823 884 quae
845 802 925 864 fuit
916 822 948 866 m
963 798 1023 866 30⁰
1037 808 1076 878 lt,
1098 805 1259 886 digitorum
1274 804 1310 878 b,
1332 804 1408 870 hora
1423 822 1486 866 uua
1501 806 1575 862 ante

226 915 367 960 occasum
382 893 475 968 Solis,
488 892 610 956 Juliano
626 891 678 954 50.
715 890 863 972 Signatus
886 900 934 954 est
949 892 1061 972 primus
1075 893 1215 956 Julianus
1238 889 1287 970 (ιι
1302 911 1370 956 cum
1391 911 1427 954 eo
1444 889 1576 961 connexi

226 981 330 1064 Coss.)
347 983 498 1047 novilunio
514 981 661 1062 incapite
677 981 764 1054 anni,
783 985 819 1042 ut
840 999 932 1063 supra
947 981 1070 1044 dictum.
1098 983 1224 1046 Habent
1244 990 1277 1058 et
1293 981 1380 1046 Coss.
1397 980 1431 1044 C.
1447 979 1576 1052 Marius,

226 1074 260 1138 C.
275 1075 406 1137 Flaccus
428 1071 637 1134 characterem
659 1069 786 1152 eclipsin
808 1069 890 1132 Solis
913 1071 972 1134 diei
994 1071 1070 1134 hora
1092 1071 1129 1145 3,
1149 1079 1225 1152 puta
1247 1072 1286 1134 ab
1308 1078 1377 1133 ortu
1392 1067 1490 1132 Solis:
1519 1068 1578 1130 luit

225 1171 327 1227 autem
342 1162 397 1225 illa
412 1169 551 1224 currente
570 1158 730 1224 104.aute
745 1158 871 1239 vulgare
886 1159 1004 1222 initium
1020 1180 1165 1224 annorum
1176 1159 1300 1224 Christi
1323 1160 1429 1222 Habet
1444 1157 1576 1240 denique

223 1253 259 1315 L.
274 1250 397 1316 Aemilii
411 1249 499 1312 Pauli
514 1257 547 1312 et
561 1248 671 1313 Licinii
686 1245 792 1312 Crassi
808 1248 983 1332 consulatus
999 1257 1031 1312 ιι
1045 1248 1174 1313 victoria
1190 1249 1227 1312 de
1241 1250 1356 1312 Perseo
1373 1267 1460 1312 suam
1476 1246 1575 1327 eclip-

114 1343 118 1350 '
225 1341 272 1406 sin
295 1341 401 1407 Lunae
427 1339 508 1402 circa
532 1338 695 1402 solstitium
719 1337 885 1412 aestivum,
909 1357 986 1419 quae
1011 1339 1083 1402 talis
1112 1337 1263 1402 invenitur
1294 1357 1372 1400 auno
1401 1335 1474 1400 168.
1501 1343 1575 1398 aute

219 1430 389 1504 Christum,
405 1446 592 1509 nequaquam
607 1427 725 1502 veroa,
740 1426 761 1490 b
776 1427 827 1489 vel
842 1426 862 1490 6
880 1427 967 1490 anuis
981 1429 1142 1509 posterius.
1179 1429 1284 1510 aquo
1300 1426 1462 1490 consulatu
1478 1443 1575 1508 usque

224 1521 265 1583 ad
279 1519 443 1599 Traianum
464 1517 599 1598 adeoque
623 1525 656 1579 ιι
670 1517 710 1578 ad
726 1535 782 1578 nos
805 1515 909 1598 nequit
930 1518 1017 1582 nobis
1040 1537 1136 1600 neque
1158 1517 1258 1598 perire
1280 1534 1376 1596 neque
1399 1515 1574 1578 redundare

108 1681 113 1696 1
225 1629 263 1672 ne
278 1605 385 1672 unicus
401 1607 521 1690 quidem
535 1626 641 1669 annus.

314 1696 468 1762 Concludo
490 1696 610 1777 itaque,
632 1694 833 1758 certissimam
849 1713 917 1756 esse
939 1716 959 1758 a
980 1694 1066 1759 nobis
1083 1695 1261 1758 distantiam
1276 1694 1445 1768 consulum,
1467 1694 1576 1775 quibus

226 1787 366 1868 signatus
382 1793 431 1848 est
445 1785 558 1865 primus
574 1803 670 1847 annus
685 1783 838 1847 Julianus:
862 1783 965 1865 ltaque
980 1784 1064 1848 valet
1079 1785 1185 1865 regula
1198 1784 1323 1858 usitata,
1346 1783 1426 1864 quod
1442 1783 1575 1862 adjectis

225 1877 313 1939 anuis
334 1875 377 1938 ot
401 1874 507 1938 solidis
530 1875 756 1937 adcurrentem
771 1892 881 1934 annum
904 1892 994 1936 aerae
1017 1881 1142 1936 nostrae
1164 1871 1280 1936 usualis
1302 1870 1434 1953 prodeat
1449 1880 1576 1934 cumana

225 1985 321 2030 annus
335 1964 484 2028 Julianus.
515 1963 560 2026 Ut
575 1963 600 2024 si
616 1962 749 2025 adhunc
766 1981 876 2024 anuum
894 1961 985 2025 1614.
1002 1963 1155 2026 addideris
1170 1963 1224 2038 45,
1239 1961 1396 2042 consurgit
1414 1960 1511 2034 1659,
1528 1969 1576 2024 tot

223 2055 317 2135 igitur
333 2053 399 2133 jam
415 2053 486 2115 anui
500 2052 616 2115 Romae
632 2051 795 2114 secundum
818 2051 1038 2119 ordinationem
1052 2052 1126 2116 Julii
1141 2051 1286 2136 Caesaris
1303 2050 1478 2115 transmissi
1495 2057 1575 2124 sunt,

226 2143 298 2207 stilo
314 2142 433 2225 quidem
448 2141 561 2216 veteri3
578 2148 685 2222 estque
701 2159 740 2204 er
754 2139 802 2202 his
817 2138 896 2202 46²¹·
912 2159 1002 2204 aerae
1018 2150 1141 2204 nostrae
1157 2141 1272 2204 usuafis
1287 2141 1410 2223 primus.
1437 2139 1574 2220 Cumque

223 2241 260 2298 ut
274 2232 386 2296 dictum
402 2238 451 2293 est
466 2238 555 2293 certa·
566 2230 607 2292 sit
623 2230 717 2293 series
733 2229 888 2294 consulum
911 2229 991 2294 circa
1006 2231 1083 2294 baec
1098 2239 1249 2312 tempora:
1273 2239 1343 2292 utar
1362 2229 1574 2310 utplurimum

228 2339 351 2388 numero
367 2320 516 2384 currentis
532 2318 603 2382 anni
617 2319 741 2393 Juliani,
757 2317 930 2382 consulibus
946 2319 1074 2382 omissis.

794 2675 913 2774 Caput
939 2674 1003 2748 VI.

404 2856 461 2918 Dc
475 2853 643 2928 historicis,
660 2873 792 2935 quanm
807 2852 1135 2928 commisceamur,
1151 2873 1316 2966 coramque
1322 2854 1401 2935 fide.

311 3033 373 3096 Est
386 3051 458 3096 vero
474 3039 507 3094 et
526 3030 600 3094 illud
620 3032 826 3099 necessarium
848 3029 887 3093 ad
908 3030 1025 3112 imperii
1039 3030 1159 3094 Judaici
1182 3031 1398 3096 connexionem
1420 3051 1492 3096 cum
1507 3051 1580 3096 aera

224 3123 348 3187 Juliana
362 3121 480 3202 Romae
494 3121 647 3196 instituta,
661 3127 697 3184 ut
711 3120 916 3183 Romanorum
938 3127 970 3182 ιι
984 3119 1179 3182 Judaicorum
1196 3119 1377 3201 scriptorum
1392 3121 1579 3186 testimoniis

223 3219 352 3276 utamur.
396 3211 440 3274 Et
460 3209 665 3274 Romanarum
687 3227 786 3274 rerum
813 3209 934 3290 quidem
958 3208 1123 3289 scriptores
1154 3208 1243 3272 hodie
1267 3218 1432 3290 supersunt
1462 3211 1580 3294 aliquot

225 3299 395 3382 praecipui,
418 3318 588 3383 quanquam
604 3299 720 3362 lacunis
736 3298 896 3361 deformati
909 3298 1039 3380 passim,
1059 3297 1110 3360 ubi
1125 3299 1245 3360 minime
1259 3299 1355 3376 uelis:
1385 3299 1423 3363 da
1438 3299 1578 3364 Judaicis

225 3409 297 3452 vero
320 3389 410 3453 rebus
431 3389 596 3452 secundum
617 3387 836 3468 Evangelistas
857 3407 933 3450 unus
955 3387 1108 3468 Josepbus
1131 3395 1195 3462 est,
1226 3387 1272 3450 cui
1295 3389 1387 3452 fidere
1415 3391 1579 3470 possimus

225 3477 444 3558 Evangelistae
467 3475 586 3559 quidem
601 3485 726 3559 praeter
740 3475 809 3551 illa,
831 3495 908 3558 qnae
925 3475 1081 3541 Christum
1096 3477 1244 3551 attinent,
1265 3496 1420 3560 perpauca
1436 3478 1476 3542 de
1490 3480 1580 3542 rebus

162 3613 165 3620 -
227 3567 365 3632 Judaicis
381 3567 544 3648 attingunt
568 3565 657 3630 Philo
673 3585 745 3628 vero
762 3566 799 3628 de
809 3566 1007 3647 Temporibus
1024 3573 1056 3627 et
1071 3566 1207 3646 adjuncti
1223 3567 1408 3630 eruditorum
1424 3568 1581 3632 sententia

228 3655 414 3739 supposititii
438 3663 522 3718 sunt:
546 3674 681 3737 quaeque
704 3655 795 3718 illis'
787 3675 818 3717 ιιι
833 3655 919 3718 libris
942 3655 979 3720 ab
1000 3654 1101 3718 Annio
1127 3654 1257 3736 quodam
1271 3657 1463 3720 Viterbieusi
1486 3657 1578 3722 editis

226 3747 264 3808 de
286 3744 377 3807 rebus
390 3745 528 3809 Judaicis
549 3745 707 3834 leguntur,
729 3745 943 3808 consarcinata
964 3751 1035 3808 sunt
1057 3743 1095 3806 ab
1119 3744 1194 3806 alio
1202 3747 1331 3826 quodam
1354 3765 1527 3850 magnaque
1544 3765 1579 3810 ex

227 3842 315 3920 parte
332 3835 469 3897 conficta
493 3833 638 3915 Josippus
655 3819 884 3914 etiamJoaephi
898 3833 995 3898 nostri
1010 3829 1221 3914 interpolator
1228 3841 1261 3896 ιι
1274 3854 1384 3916 mango
1401 3835 1433 3898 in
1444 3836 1580 3945 additio-

231 3923 319 3986 nibus
336 3923 398 3986 suia
414 3922 522 3986 dubiae
539 3923 609 3986 fidei
624 3931 673 3986 est
689 3941 779 4004 seque
795 3921 894 4004 ipsum
907 3921 1019 4002 prodit.

315 4012 469 4093 Josephus
484 4032 556 4074 vero
572 4019 677 4075 noster
693 4011 829 4076 omnibus
844 4011 942 4074 modis
963 4011 1053 4074 fidem
1068 4018 1201 4074 meretur
1217 4031 1254 4076 ea
1269 4012 1299 4076 iu
1315 4023 1405 4095 parte
1420 4013 1581 4088 historiae,

226 4121 286 4184 qua
300 4101 388 4164 nobis
404 4101 463 4164 erit
477 4101 629 4164 utendum.
658 4097 732 4164 Fuit
747 4101 826 4164 enim
841 4109 926 4164 ortus
942 4101 1126 4164 sacerdotali
1141 4101 1236 4182 stirpe
1249 4103 1393 4179 Aaronis,
1409 4103 1580 4184 disciplinis

226 4191 364 4254 omuibus
384 4190 521 4254 ludaeis
543 4191 691 4264 imbutus3
721 4189 799 4252 vixit
820 4211 878 4272 quo
901 4198 1038 4270 tempore
1058 4190 1250 4272 Jerosolyma
1272 4191 1425 4270 cecidere3
1468 4211 1528 4274 quo
1552 4194 1582 4256 in

226 4280 308 4344 bello
322 4279 496 4360 praefactus
512 4287 579 4342 erat
596 4278 769 4355 Galilaeae,
791 4280 899 4346 ducum
912 4278 1110 4344 Judaicorum
1124 4279 1306 4344 fortissimus
1322 4289 1355 4344 et
1369 4265 1579 4364 prudentissi-

226 4388 306 4433 mus:
330 4376 366 4432 ut
379 4388 452 4431 vero
468 4375 576 4450 captus
598 4367 655 4430 fuit
668 4368 826 4451 Jotapatis
848 4368 1047 4451 expugnatis,
1068 4389 1108 4432 ex
1123 4389 1158 4432 eo
1175 4377 1310 4452 tempore
1328 4357 1504 4453 interprete
1525 4371 1580 4436 hoc

227 4459 273 4522 usi
289 4466 362 4520 aunt
376 4457 529 4522 Romani
521 4478 552 4520 ιιι
569 4458 723 4522 obsidione
738 4459 1009 4539 Jerosolymorum:
1032 4458 1118 4520 linito
1134 4458 1214 4521 bello
1230 4460 1308 4524 vixit
1321 4459 1450 4536 Romae,
1469 4461 1581 4524 charus

227 4547 434 4629 Vespasiano,
454 4548 541 4623 Tito,
562 4546 736 4610 Domitiano
751 4547 1006 4631 Imperatoribus‚
1029 4566 1153 4628 quorum
1169 4549 1270 4627 gratia
1286 4549 1433 4614 subnixus
1449 4551 1582 4631 posteris

227 4637 360 4700 Herodis
376 4636 565 4699 familiariter
579 4655 651 4698 usus
667 4645 730 4710 est;
753 4657 772 4698 a
788 4636 894 4717 quibus
910 4637 992 4716 regis
1008 4635 1088 4698 illius
1104 4635 1230 4700 diarium
1246 4639 1386 4720 adeptus,
1408 4659 1517 4705 omues
1532 4659 1581 4702 res

230 4724 336 4787 abillo
352 4733 458 4805 gestus
474 4725 580 4787 ordine
595 4725 740 4805 temporis
756 4725 953 4806 consignatas
969 4725 1093 4794 invenit.
1117 4727 1220 4807 Atque
1237 4727 1329 4790 etiam
1345 4728 1395 4790 vel
1406 4730 1581 4793 tacentibus

229 4813 361 4876 Herodis
376 4813 517 4894 posteris,
531 4813 713 4878 Romaediu
723 4821 934 4888 commoratus,
949 4814 1105 4895 potuitea,
1121 4834 1197 4898 quae
1213 4818 1355 4880 veritatis
1366 4817 1470 4882 ebodio
1485 4838 1580 4901 quae-
