3396 5540
232 237 295 295 ltu
749 235 857 299 Eclogse
882 235 1028 286 chronicae.

231 413 416 474 evanuerat.
451 410 512 473 lta
542 429 592 471 me
623 407 726 489 ipsum
758 408 877 492 decepi.
923 407 960 474 Id
984 411 1080 474 etiam
1104 409 1135 472 in
1159 429 1243 472 anno
1266 409 1335 472 nati
1358 408 1438 491 Caji,
1462 428 1556 491 quern

230 496 274 560 ihi
296 497 379 561 sario
404 504 455 561 26.
480 498 617 573 Julianc,
644 518 715 560 cunr
738 499 835 580 paulo
859 519 958 580 snpra
980 519 1054 563 rere
1077 499 1118 563 sit
1104 503 1193 563 626
1236 505 1276 567 (16
1293 513 1424 573 megine:
1455 511 1508 566 inre
1528 519 1558 563 er

221 598 393 659 'argumento
415 593 489 652 cedo,
531 590 613 658 quns
634 571 704 644 enim
725 607 795 644 enno
816 593 870 645 Jnl.
893 593 939 647 46.
961 595 1054 646 consul
1076 591 1265 646 annuentes
1282 591 1407 646 obtinens
1422 599 1557 644 rectorem

233 679 383 740 Quirininnr
404 677 520 742 hebuit).
553 666 653 730 Etsi
645 666 701 745 rgit
704 687 742 730 ur
761 667 891 749 corrupi
906 675 1029 735 textum
1044 666 1239 767 imprudens
1264 666 1311 730 ris
1325 672 1434 730 tamen
1450 671 1560 730 nranet

232 761 431 836 argumente,
464 755 586 818 consuli
615 761 773 818 rectorem
796 777 859 819 non
884 755 965 820 dari.
1009 758 1057 821 Ac
1081 755 1140 818 etsi
1164 755 1298 840 per-dam
1321 761 1558 836 argumentum,

232 849 299 906 stat
329 849 437 905 tamen
467 843 584 920 thema,
616 843 782 906 suilirltum
811 843 882 908 aliis
910 845 1115 926 argumentis,
1149 844 1328 926 proiectum
1350 863 1421 907 esse
1445 843 1561 926 Cajunr

233 951 318 994 anno
346 929 478 994 Juliano
509 937 563 994 44.
609 935 654 996 66
681 938 717 995 tu
747 933 935 1016 imprudens
965 933 1102 998 incurris
1131 933 1166 996 in
1188 953 1298 1010 omnes
1320 931 1388 996 fere
1411 939 1561 996 auctores

233 1019 328 1102 hujus
363 1019 532 1098 historiae,
568 1020 644 1084 dum
682 1024 795 1103 Caium
830 1023 934 1086 Roma
974 1021 1108 1086 dimittis
1148 1027 1221 1104 post
1251 1020 1369 1086 Tiberii
1406 1020 1557 1084 reditum.

233 1111 341 1189 Atque
364 1108 444 1171 haec
467 1107 743 1189 dechronclogice
765 1117 882 1191 quaest
881 1111 965 1174 ione.
1000 1119 1495 1186 (ereqnunnrlegnnrninannu
1505 1117 1559 1180 67.)

314 1204 518 1255 lleruartus
539 1204 737 1271 liepleroS.
761 1206 805 1258 16.
817 1204 1130 1260 Octobrisaanoltll'i.
1150 1207 1365 1274 (speciem
1385 1211 1430 1260 66.
1451 1205 1561 1259 rollll.

235 1273 343 1351 pter.)
385 1283 462 1342 Quod
494 1297 578 1335 annos
606 1282 795 1336 Macedonicos
826 1293 909 1353 atque
917 1279 1089 1338 Hebraicos
1118 1283 1232 1352 Josephi
1262 1284 1377 1346 attinet,
1406 1286 1492 1352 plene
1522 1283 1563 1335 ita

235 1359 332 1422 sentio,
357 1367 433 1414 tuam
458 1361 636 1430 objectionem
662 1362 700 1414 sic
726 1381 786 1416 esse
807 1371 1001 1432 comparatam,
1030 1371 1061 1417 nt
1081 1363 1139 1421 sine
1160 1364 1297 1418 calumnia
1316 1363 1561 1424 fundamentaliter

233 1441 268 1494 ad
292 1455 353 1497 eam
374 1441 530 1508 responderi
552 1459 606 1496 non
625 1443 719 1509 possit,
732 1443 844 1512 ,quippe
865 1444 917 1496 hoc
937 1444 1043 1498 omnino
1065 1451 1121 1505 est,
1143 1444 1296 1506 concillo,
1324 1445 1358 1495 de
1380 1460 1433 1512 qne
1456 1442 1561 1512 agitur,

233 1519 332 1572 t'hristi
354 1521 400 1582 65,
422 1521 525 1588 pascha
545 1521 627 1574 luerit
648 1522 737 1576 dies.
760 1527 835 1592 Apr.
856 1525 926 1593 quod
948 1531 1145 1592 consequenter
1165 1539 1218 1576 uon
1239 1522 1367 1592 potnerit,
1389 1523 1446 1576 hoc
1464 1524 1560 1574 eodeni

233 1615 303 1652 anno
331 1608 465 1658 currente,
493 1595 550 1652 dies
576 1607 675 1654 actara
702 1604 746 1656 vel
773 1619 845 1656 nona
870 1609 933 1670 post
953 1603 1051 1655 festum
1073 1600 1256 1671 scenopegiae
1271 1602 1410 1693 juxta
1378 1602 1559 1654 assertionem

232 1677 344 1747 Joapni
371 1679 523 1732 incidere'
516 1698 543 1733 ur
569 1681 640 1734 diem
666 1681 710 1736 30.
744 1681 843 1735 mensis
870 1683 994 1735 Octobris
1020 1681 1131 1736 iuliani.
1178 1685 1238 1743 Quo
1271 1681 1361 1752 magis
1387 1682 1414 1734 in
1442 1681 1560 1750 pristina

233 1759 370 1812 sententia
390 1761 531 1812 confirmor
550 1775 646 1813 maneo
648 1751 747 1830 q.ue¹⁸)

321 1779 1396 1916 JoannesKep'lerusHeruertoS.26.Norembr·.1607.
1435 1843 1563 1911 (Epistola

234 1923 322 1974 xxxi.
343 1925 455 1996 ιιιιιι.
476 1924 556 1989 ιιιι
559 1924 639 1987 ..66)
736 1961 742 1974 .

321 1991 370 2056 De
384 1991 469 2058 auno
486 1941 604 2058 christi
619 1995 813 2076 sexagesimo
828 1996 944 2078 quinto
965 1995 1083 2078 tydeus
1098 1995 1201 2078 daupu
1216 2004 1316 2078 topo3
1337 2001 1563 2146 argumentum

234 2079 292 2144 tihi
314 2083 553 2160 communicari,
578 2104 644 2164 quo
666 2105 791 2148 mecum
813 2103 984 2167 pugnares.
1030 2087 1073 2148 66
1059 2090 1168 2150 tmen
1194 2083 1400 2150 nihiloniinus
1428 2089 1479 2146 est
1501 2084 1564 2147 ric-

232 2170 325 2235 torr'a.
372 2171 455 2234 Nam
484 2172 543 2235 etsi
572 2171 633 2237 hcc
661 2174 709 2237 ita
737 2174 795 2251 sit,
825 2172 1005 2254 Joseplrum
1029 2173 1176 2238 Octobris
1206 2173 1370 2239 historiam
1401 2171 1564 2254 ergplicare

237 2250 429 2324 talendeir'o
444 2258 590 2338 ludaico,
615 2281 780 2328 mrrnemus
803 2261 1039 2326 nihilominus
1030 2283 1062 2326 ιιι
1085 2261 1563 2328 66666666166161666666,

234 2345 396 2430 Jcsephus
419 2352 499 2412 tent'
491 2369 576 2432 rsper
606 2350 850 2424 aruuaeorunr
875 2351 977 2426 stetit
999 2351 1157 2433 partibus,
1186 2350 1338 2419 historias
1364 2350 1565 2432 consignarit

232 2437 263 2500 in
288 2436 479 2501 talendario
502 2436 655 2519 dudaico;
686 2447 858 2521 postquam
887 2441 920 2502 in
944 2441 1005 2503 vict
1007 2440 1070 2504 oris
1098 2446 1292 2523 potestatem
1320 2437 1422 2518 r'enit,
1454 2437 1566 2503 stilum

236 2523 335 2588 etiem
366 2525 471 2604 rer-tit,
500 2533 537 2590 nt
559 2547 619 2610 par·
642 2534 709 2607 est3
739 2528 805 2592 illic
834 2527 1000 2594 scribebat
1022 2535 1114 2609 gesta
1143 2529 1358 2606 ludaeorum,
1390 2529 1442 2592 hic
1473 2535 1566 2610 gesta

232 2613 370 2700 Rormani
392 2615 530 2679 6666ιί6,
576 2617 695 2699 Excipe
719 2616 774 2680 ubi
797 2617 918 2699 prodit,
943 2639 1007 2700 quo
1030 2617 1082 2681 die
1104 2617 1240 2699 pasche:
1269 2639 1345 2682 nem
1366 2617 1412 2681 ibi
1437 2625 1566 2699 semper

231 2689 448 2785 praesumitur
471 2704 519 2766 uti
542 2703 686 2770 Romano
711 2705 911 2770 Celenderio.
959 2709 1066 2770 Causa
1088 2713 1154 2784 est,
1181 2707 1261 2808 quia
1283 2707 1315 2770 in
1338 2705 1478 2772 Judaico
1501 2725 1590 2769 uon·

235 2795 284 2854 cst
302 2812 382 2872 opus
404 2792 564 2871 iudicare3
586 2815 710 2878 semper
726 2795 812 2858 euint
832 2794 952 2879 pascha
968 2801 1017 2858 est
1037 2801 1086 2859 14.
1102 2795 1229 2875 mensis,
1251 2795 1377 2862 ubit
1321 2797 1377 2878 rgit
1377 2817 1417 2859 ur
1432 2794 1562 2870 indica

232 2878 379 2944 Romane
401 2880 474 2944 stilo
498 2843 629 2946 indicet.

323 2969 447 3052 Ohjecit
469 2969 546 3040 mihi
569 2971 816 3036 Calvisiust
784 2971 881 3036 etiam
897 2971 1033 3050 alie„ut
1047 2972 1172 3044 initium
1190 2971 1266 3038 belli
1282 2972 1324 3038 ab
1339 2993 1426 3036 anno
1442 2971 1565 3037 Christi

234 3061 287 3120 66.
310 3056 523 3136 abstraheret,
546 3059 602 3124 s'ed
617 3081 654 3124 eo
674 3061 743 3144 ipso
762 3081 814 3124 me
829 3058 1030 3126 confimrevit
1053 3061 1199 3144 amplius.
1234 3062 1318 3126 Nam
1340 3067 1414 3144 poet
1438 3059 1564 3124 cladem

234 3146 345 3226 Cestii,
369 3145 574 3211 Novembri
596 3169 704 3213 mense
722 3149 854 3228 factam,
880 3149 1092 3232 profugerunt
1105 3150 1207 3232 aliqui
1221 3149 1459 3232 Hierosolymis,
1484 3170 1565 3232 quos

235 3233 359 3298 Cestius
389 3233 431 3298 ad
459 3235 620 3304 Neronem
648 3238 865 3303 transmisisse
889 3238 1006 3303 dicitur
1033 3241 1065 3302 in
1092 3239 1256 3304 Achaiam.
1308 3240 1368 3304 liic
1395 3237 1565 3306 oriebatur

233 3323 405 3389 difficultas
427 3323 607 3407 multiplex.
653 3326 740 3390 Nero
763 3327 846 3392 euim
868 3349 954 3398 anno
980 3332 1051 3391 110,
1075 3333 1107 3392 66
1129 3327 1218 3393 initio
1241 3329 1318 3392 anni
1343 3331 1416 3392 lll.
1440 3325 1565 3392 iuliani

234 3413 355 3478 Itomae
378 3413 482 3477 tuisse
513 3413 766 3496 deprehenditur·
795 3437 833 3480 ex
860 3416 981 3492 Tacito.
1027 3418 1113 3498 Ergo
1143 3437 1216 3480 cum
1246 3414 1407 3498 Josephus
1438 3415 1565 3480 cladem

235 3503 331 3566 Cestii
354 3502 496 3568 conterat
522 3503 555 3566 in
577 3525 698 3569 annum
723 3509 774 3569 12.
798 3503 950 3582 Neronis,
975 3503 1145 3570 ridebatur
1164 3499 1269 3588 igitur
1297 3511 1489 3570 connectere
1515 3509 1563 3568 12,

234 3589 370 3654 Neronis
401 3611 475 3654 cum
497 3591 627 3658 duliano
662 3597 738 3672 111:
766 3593 817 3658 hic
839 3593 917 3658 mihi
939 3614 1135 3675 responsuro
1158 3601 1237 3660 nata
1259 3599 1415 3660 estuare
1437 3593 1564 3676 perple-

233 3680 326 3742 xitas.
372 3680 471 3744 Eram
501 3680 656 3759 dicturus,
688 3683 817 3748 omniuo
847 3683 1006 3747 Neronem
1035 3703 1122 3748 anno
1151 3684 1249 3748 etiam
1282 3687 1353 3748 110.
1384 3685 1417 3748 in
1441 3680 1564 3746 Achaia

233 3769 337 3844 luisse,
363 3769 481 3852 quippe
504 3769 617 3852 quiin
641 3770 806 3853 Olympiis·
820 3771 1051 3840 decertaverit:
1082 3773 1178 3836 luisse
1201 3773 1285 3840 enim
1308 3771 1459 3854 Olympia
1481 3792 1565 3835 enno

238 3863 310 3921 110.
349 3857 490 3922 Tandem
506 3858 609 3923 nodus
625 3861 742 3942 patuit,
766 3859 1014 3926 dilatam'l'nisse
1029 3860 1119 3926 illam
1135 3860 1327 3944 Olympiada
1341 3862 1375 3924 iu
1390 3861 1565 3925 adventum

233 3945 381 4010 Neronis.
424 3945 542 4028 Itaque
567 3967 682 4012 uerum
713 3950 839 4014 dixerat
872 3948 1038 4027 CalvisiuS,
1069 3949 1229 4015 Neronem
1258 3949 1357 4014 sernel
1381 3955 1512 4014 tantum
1534 3955 1565 4011 et

233 4054 319 4099 anno
357 4039 438 4100 lll.·
460 4035 493 4098 in
522 4036 645 4102 Achaia
673 4037 780 4103 lirisse.
827 4038 991 4120 Respondi
1021 4059 1098 4119 ergo
1128 4039 1190 4103 sic:
1220 4059 1294 4105 cum
1324 4037 1436 4102 clades
1468 4037 1565 4102 Cestii
1617 4073 1620 4081 =

233 4124 390 4189 acciderit
411 4143 520 4188 mense
543 4124 721 4197 Novembri.
753 4133 879 4207 tempus
903 4147 972 4190 esse
995 4128 1132 4208 lapsum,
1158 4149 1222 4209 quo
1244 4127 1360 4192 ludaei
1382 4127 1431 4190 illi
1453 4126 1567 4190 furtim

233 4233 303 4276 sese
334 4215 509 4296 eripuerint
539 4217 560 4276 e'
584 4214 822 4297 Hierosolymis,
855 4215 1011 4279 Neronem
1034 4237 1110 4279 vero
1132 4217 1303 4284 militarem
1324 4221 1447 4299 justam
1470 4235 1564 4297 expe-

233 4300 387 4388 ditionem
417 4303 507 4367 illam
536 4306 722 4387 suscepisse,
755 4303 843 4386 quod
867 4311 1004 4368 testatur·
1027 4305 1208 4376 Suetonius.
1255 4304 1435 4370 Verisimile
1457 4305 1562 4386 igitur,

233 4391 337 4474 primo
367 4413 440 4456 vere
467 4394 597 4469 lactum,
629 4393 729 4476 paulo
756 4399 927 4479 postquam
951 4393 1127 4458 Tiridatem
1154 4395 1333 4478 excepisset
1355 4395 1491 4472 Itomae,
1514 4392 1566 4456 ubi

233 4479 362 4544 'l'acitus
384 4481 508 4559 desinit,
540 4480 658 4546 lacerna
690 4481 862 4562 absorptus
884 4482 999 4546 codicis
1022 4483 1087 4560 sui;
1119 4487 1206 4547 certe
1227 4482 1320 4548 illum
1342 4489 1420 4546 ante
1441 4487 1565 4564 tempus

234 4569 462 4651 Olympiorum,
488 4590 571 4652 quae
592 4569 680 4636 Julio
702 4569 916 4646 celebrantur,
947 4570 1042 4635 ivisse
1065 4591 1191 4636 necesse
1213 4577 1270 4650 est,
1295 4578 1332 4636 ut
1351 4569 1565 4635 dissimularet

233 4677 365 4722 eausam
395 4656 600 4746 profectionis
630 4665 698 4722 tom
731 4664 867 4740 turpem.
919 4661 961 4724 Et
991 4659 1069 4740 quie
1093 4659 1185 4724 sidus
1214 4661 1412 4742 aequinoctii
1441 4659 1564 4724 solebat

234 4747 353 4810 morari
365 4747 597 4828 navigationem
609 4748 720 4826 meris,
736 4754 849 4812 contra
860 4748 950 4814 initio
963 4749 1039 4812 anni
1049 4748 1179 4812 crebras
1189 4749 1325 4832 legimus
1334 4749 1563 4831 navigationes,
