3310 5538
3 5146 10 5375 Ι

643 295 742 346 Literae
754 291 858 360 chleri
869 291 1021 358 aliorumque
1033 296 1136 342 numae

420 501 460 604 3.
492 526 587 610 Quid
605 551 730 598 ansam
747 522 884 598 dederit
901 523 1087 621 erigendae
1105 521 1238 620 figurae
1256 519 1354 594 coeli.

313 673 417 736 Tertio
438 673 505 739 loco
530 669 751 734 consideremus
772 667 1008 747 magnitudinem
1030 671 1171 739 eventus,
1194 685 1281 747 quem
1301 684 1339 728 ex
1359 664 1437 728 coeli
1459 665 1561 746 positu

220 763 346 844 Figulus
367 761 527 844 praedixit.
571 759 706 822 Necesse
736 756 813 818 euim
841 763 904 830 est,
931 754 1006 818 alias
1036 754 1180 816 accedere
1206 754 1450 817 circumstantias
1472 771 1563 834 quam

220 855 355 916 Martem
376 851 407 914 in
423 850 589 931 Scorpione
606 849 702 911 solum
723 846 847 918 semem,
871 845 993 926 reliquis
1007 843 1139 925 planetis
1155 843 1330 918 debilitatis,
1345 842 1425 924 quod
1441 843 1562 924 saepis·

222 941 295 1006 sime
315 942 358 1002 fit
405 937 707 1004 circumstantiarum
727 942 843 1009 autem,
866 954 940 1015 quas
960 933 1009 996 hic
1030 933 1086 998 sibi
1107 933 1214 1014 aliquis
1229 933 1337 1013 fingat,
1359 947 1508 996 summum
1524 933 1563 996 ad

221 1033 356 1113 quatuor‘
374 1030 548 1110 conjectura
570 1025 713 1106 consequi
729 1043 866 1106 possum,
887 1031 923 1085 ut
937 1041 1045 1102 nempe
1059 1023 1184 1103 Figulus
1207 1029 1260 1084 aut
1275 1021 1397 1103 eclipsis
1414 1019 1498 1084 Solis
1513 1021 1565 1084 vel

220 1121 335 1194 Lunae,
351 1126 405 1181 aut
419 1119 574 1198 ingressus
591 1115 672 1178 Solis
688 1114 718 1176 iu
734 1117 768 1190 ᾖ
783 1113 831 1174 vel
847 1109 891 1190 Υ,
907 1118 961 1174 aut
976 1121 1060 1186 ortus
1077 1111 1249 1185 Caniculae,
1270 1119 1323 1174 aut
1339 1109 1467 1192 denique
1483 1110 1563 1173 illins

221 1207 366 1289 temporis
382 1215 414 1270 et
427 1209 536 1280 horae,
558 1225 617 1288 qua
639 1205 676 1266 de
698 1201 841 1283 prodigiis
864 1201 1019 1265 consultus
1041 1202 1098 1264 fuit
1113 1209 1167 1263 aut
1182 1219 1239 1281 quo
1260 1208 1365 1263 natum
1384 1207 1563 1274 monstmm,

222 1299 344 1362 schema
360 1298 492 1361 coeleste
507 1293 682 1376 inspexerit
713 1291 961 1372 Conjunctionem
977 1291 1056 1352 enim
1072 1299 1125 1353 aut
1140 1289 1360 1370 oppositionem
1375 1289 1564 1370 superiorum

221 1388 334 1452 nullam
349 1387 402 1449 illa
418 1394 555 1466 tempora
569 1383 710 1446 habuere.
739 1381 819 1444 Nam
835 1399 911 1462 quae
932 1381 1101 1462 praecessit
1123 1379 1292 1458 conjunctio
1309 1377 1383 1451 iul(
1404 1379 1435 1440 in
1452 1397 1564 1440 annum

223 1475 281 1551 66,
304 1496 380 1559 quae
397 1475 532 1554 sequitur
547 1473 578 1535 in
592 1481 628 1550 11ῑ
643 1471 674 1534 in
689 1469 739 1534 46.
761 1477 832 1532 ante
850 1468 1003 1534 Christum
1023 1468 1137 1533 incidit.
1172 1465 1389 1554 Quadrangulo
1406 1463 1564 1550 quidemb

222 1574 254 1628 et
268 1565 299 1640 ll
315 1585 347 1628 se
363 1573 466 1627 mutuo
477 1563 626 1643 respicere
635 1567 762 1642 potuere
779 1579 817 1622 ex
827 1573 859 1624 eo
875 1565 973 1634 eta,
989 1566 1079 1639 atque
1094 1559 1171 1620 haec
1187 1557 1327 1620 fortassis
1342 1557 1395 1619 illa
1405 1556 1565 1640 oppressio
1597 1553 1602 1562 “

220 1655 316 1718 Jovis.
362 1651 513 1735 Quidquid
538 1658 639 1714 autem
668 1649 786 1714 illorum
816 1655 943 1730 quatuor
972 1649 1078 1724 fcerit,
1105 1647 1171 1728 jam
1199 1653 1306 1730 quarto
1336 1647 1403 1712 loco
1429 1645 1565 1710 calculus

221 1745 353 1825 deteget.

527 1905 561 1972 4.
592 1897 784 1972 Consultus
804 1895 957 1970 calculus
976 1895 1257 1971 Astronomious.

311 2048 452 2118 (coeman
464 2049 624 2117 sequentibus
640 2051 805 2114 pisanarum
821 2021 965 2112 omnium.)
988 2039 1071 2120 Ergo
1087 2059 1165 2102 anno
1176 2047 1247 2101 ante
1259 2037 1414 2103 Christum
1424 2045 1565 2102 currente

225 2133 471 2218 quinquagesimo
494 2133 541 2194 die
565 2133 616 2193 22.
630 2131 736 2192 Martii
758 2149 836 2192 anno
851 2129 987 2204 Juliano,
1010 2130 1059 2212 qui
1075 2129 1233 2210 respondit
1253 2128 1315 2190 lere
1329 2127 1478 2191 Januario
1496 2127 1566 2192 anni
1651 2183 1652 2188 ,

202 2249 204 2260 ·
222 2223 336 2290 veteris
351 2222 490 2298 Romani,
504 2222 590 2283 Mars
605 2219 703 2282 medio
719 2227 802 2282 motu
812 2219 998 2300 jungebatur
1013 2220 1096 2281 cordi
1111 2229 1146 2297 tq
1161 2219 1192 2280 in
1209 2211 1267 2279 11θ
1280 2227 1324 2296 tq.

312 2312 388 2378 Cum
403 2319 504 2374 autem
521 2310 601 2372 circa
617 2309 834 2372 rathamim
850 2315 985 2390 tempore
996 2307 1051 2372 Sol
1061 2306 1282 2389 aequinoctium
1292 2305 1467 2380 confecerit,
1481 2307 1565 2368 veri·
1651 2357 1652 2360 .

222 2403 318 2468 simile
340 2401 433 2483 igitur
454 2408 517 2476 est,
543 2399 696 2480 Nigidium
717 2397 886 2479 inspexisse
909 2399 1031 2460 schema
1059 2396 1200 2461 introitus
1223 2395 1304 2459 Solis
1325 2396 1357 2458 iu
1378 2393 1422 2473 Υ.
1462 2393 1566 2467 Quare
1651 2415 1652 2468 ;

222 2501 322 2556 motus
343 2493 535 2574 planetarum
557 2495 754 2570 quaerantur:
784 2487 911 2569 primum
932 2487 1087 2568 ingressus
1110 2484 1150 2564 Θ
1172 2487 1205 2549 in
1219 2484 1263 2564 Υ.
1308 2489 1458 2558 (calculm.)
1484 2484 1566 2548 Cur·
1651 2537 1652 2570 ÷

222 2590 309 2645 rente
326 2582 377 2645 23.
386 2580 491 2643 Martii
506 2579 538 2643 in
546 2577 747 2658 Regiomonte
764 2575 878 2640 3hon's
894 2584 966 2638 ante
981 2576 1110 2639 mediam
1125 2583 1246 2638 noctem
1260 2576 1317 2638 init
1333 2574 1566 2656 aequinoctium,
1651 2577 1652 2606 ¹

222 2673 338 2736 Romae
353 2689 426 2732 vero
441 2668 525 2731 horis
541 2667 561 2730 4
577 2667 648 2729 iere.
678 2667 760 2748 Ergo
777 2667 817 2728 ad
831 2665 915 2728 illam
928 2665 1058 2728 mediam
1072 2673 1193 2728 noctem
1208 2673 1391 2748 quaerantur
1409 2665 1566 2746 locapla·
1651 2705 1652 2708 =

134 2785 137 2790 “
223 2770 373 2826 netarum
417 2761 566 2829 (talamus.)
590 2755 772 2820 Examinato
789 2755 904 2818 calculo
920 2756 960 2817 ad
974 2757 1143 2836 ingressum
1159 2752 1198 2832 Θ
1215 2755 1246 2816 in
1260 2752 1304 2832 Υ,
1321 2761 1459 2834 apparet,
1473 2753 1567 2834 Nigi-

224 2849 351 2914 diumde
361 2849 419 2910 hoc
430 2848 584 2910 schemate
595 2844 839 2926 coelinonloqui.
863 2845 944 2908 Nam
958 2861 1054 2926 neque
1071 2844 1096 2918 Q
1113 2845 1168 2906 sub
1182 2844 1285 2919 radiis,
1301 2861 1396 2924 neque
1412 2843 1435 2921 Q
1451 2844 1567 2906 statio-

224 2939 335 3014 narius,
351 2955 407 2999 nec
424 2932 519 3018 (quod
535 2941 583 2998 est
598 2942 690 3015 caput
704 2927 763 3015 rei)
781 2941 891 3006 duero
909 2943 941 2997 et
955 2933 1065 2998 visibili
1080 2940 1164 2997 motu
1178 2934 1210 2996 in
1224 2943 1267 3012 ¹¹1·
1288 2932 1389 2997 sedin
1404 2937 1435 3006 ,ἰ
1451 2933 1568 2996 existit
1651 2989 1652 2992 ,

224 3029 327 3108 Atque
344 3027 434 3088 etiam
455 3025 522 3105 ipsa
536 3023 653 3086 Lucani
667 3024 761 3086 verba
775 3025 854 3086 hauc
874 3024 961 3086 nobis
977 3025 1147 3104 opinionem
1163 3022 1328 3110 excutiunt.
1357 3023 1463 3103 Fingit
1478 3043 1568 3086 nam-
1651 3027 1652 3030 ’

225 3134 299 3198 que,
328 3115 354 3178 si
377 3111 472 3199 (an
501 3118 525 3189 tl
549 3119 646 3188 esset,
675 3113 937 3177 constellationem
965 3113 1048 3175 illam
1070 3113 1210 3175 incendia
1240 3113 1486 3192 significaturam
1518 3111 1569 3175 'Si
1651 3141 1652 3150 ¹

226 3203 266 3284 Θ
292 3205 324 3267 in
349 3208 373 3280 Q
399 3223 466 3266 esse
490 3207 608 3284 potest,
637 3221 708 3282 ergo
733 3202 941 3278 constellatio,
970 3202 1007 3264 de
1031 3221 1090 3284 qua
1114 3202 1257 3283 loquitur,
1286 3221 1346 3263 non
1369 3201 1483 3282 accipit
1509 3202 1570 3264 vim

225 3313 311 3358 suam
334 3293 372 3356 ab
393 3293 533 3374 ingressu
556 3287 596 3368 Θ
617 3292 648 3354 in
669 3290 722 3369 Υς
753 3291 832 3372 quod
853 3291 939 3353 nobis
962 3299 1029 3353 erat
1050 3291 1319 3372 praesuppositum.
1364 3291 1485 3354 Deinde
1513 3309 1569 3373 quo

226 3393 361 3464 tempore
378 3381 433 3446 Sol
449 3381 507 3444 fuit
520 3382 675 3462 ingressus
690 3380 841 3455 Arietem,
858 3381 924 3461 jam
939 3381 1019 3444 fama
1040 3388 1107 3444 erat
1122 3381 1159 3442 de
1174 3382 1263 3444 hoste
1283 3379 1468 3462 reipublicae
1485 3379 1568 3445 Cae-

227 3491 305 3537 sare.
328 3473 428 3554 Figuli
443 3491 515 3535 vero
530 3471 705 3534 vaticinium
720 3470 806 3552 quasi
822 3470 859 3532 de
874 3489 907 3532 re
922 3469 1059 3533 inaudita
1074 3477 1172 3532 sonat
1195 3470 1327 3532 Primum
1343 3470 1422 3531 enim
1438 3470 1569 3544 dubitat,

226 3563 297 3646 quid
311 3561 505 3644 respoudeat,
519 3567 650 3641 pestem,
673 3581 712 3624 an
727 3567 827 3623 terrae
843 3567 956 3636 mutus,
979 3580 1018 3622 an
1033 3559 1258 3636 inundationes,
1278 3580 1317 3622 un
1332 3559 1488 3634 incendia3
1514 3560 1568 3622 de-

224 3653 295 3716 inde
320 3651 482 3714 confidenti
505 3651 678 3730 conjectura
700 3650 787 3712 civile
809 3649 919 3712 bellum
942 3649 1101 3712 conclridit.
1139 3645 1240 3719 Quare
1262 3667 1318 3710 nos
1340 3655 1465 3730 oportet
1486 3657 1568 3711 retro

226 3742 392 3806 ascendere
414 3757 520 3804 versus
542 3739 659 3803 initium
681 3739 751 3802 anni
771 3739 1009 3820 quinquagesimi
1031 3745 1102 3802 ante
1119 3737 1282 3802 Christum.
1315 3737 1386 3802 Non
1407 3757 1569 3819 possumus

227 3832 306 3894 enim
328 3830 368 3892 ad
389 3829 506 3892 initium
527 3827 578 3891 48.
595 3829 665 3892 anni
688 3829 887 3904 descendere,
910 3830 978 3910 quia
999 3829 1161 3910 praesagia
1182 3834 1305 3911 oportet
1325 3825 1369 3889 rei
1388 3827 1570 3909 principium

225 3920 416 4002 praeoedere.
451 3919 495 3981 Et
513 3918 600 3981 initio
620 3918 671 3981 50.
688 3917 759 3980 anni
780 3918 962 3999 reperiamus
978 3926 1004 3989 ό
1023 3919 1054 3981 in
1069 3927 1119 3996 1η,
1141 3917 1389 3998 §stationarium
1408 3917 1440 3981 in
1455 3918 1516 3980 lina
1533 3921 1569 3991 ,tt

226 4009 380 4072 Venerem
395 4009 450 4070 sub
472 4007 566 4071 radiis
587 4009 677 4085 Μ.
708 4004 881 4077 Quaeratur
901 4007 994 4088 igitur
1016 4007 1179 4073 solstitium
1193 4007 1328 4076 brumale
1344 4007 1402 4070 fine
1423 4007 1497 4070 anni
1520 4006 1569 4070 51.

226 4095 478 4162 antechristum.
523 4101 671 4169 (ememus.)
695 4097 786 4178 Anno
803 4095 854 4159 51.
871 4103 941 4159 aute
959 4097 1115 4162 Christum
1134 4098 1174 4160 ud
1193 4098 1282 4160 linem
1302 4097 1499 4173 decurrente,
1522 4095 1569 4158 die

227 4207 269 4252 so.
292 4185 342 4249 23.
359 4184 536 4249 Decembris
559 4186 630 4249 stilo
652 4186 774 4249 Juliauo
805 4181 854 4268 (ut
876 4205 943 4248 eum
967 4186 1126 4268 Augustus
1149 4180 1297 4266 correxit)
1321 4193 1404 4249 retro
1431 4193 1569 4258 extenso,

222 4275 343 4358 vesperi
364 4281 437 4357 post
456 4276 563 4338 horam
584 4275 719 4358 quintam
733 4275 849 4338 Romae
870 4274 924 4339 Sol
946 4275 1101 4357 ingressus
1122 4283 1172 4338 est
1185 4283 1329 4357 punctum
1351 4275 1517 4338 solstitiale
1539 4275 1569 4336 in

223 4365 370 4450 principio
391 4368 434 4442 ᾖ.
478 4362 672 4435 Quaerantur
692 4364 795 4446 itaque
818 4366 857 4428 ad
879 4372 1055 4447 sequentem
1075 4365 1204 4428 mediam
1226 4373 1346 4428 noctem
1366 4365 1437 4427 loca
1459 4366 1568 4446 plane-

224 4466 333 4520 tamm.
362 4454 405 4518 Et
420 4452 553 4534 erigatur
568 4455 684 4517 thema:
700 4454 750 4517 ubi
765 4450 871 4517 lioram
886 4454 997 4518 bvel6
1011 4455 1226 4537 vespertinam,
1240 4474 1299 4536 qua
1313 4455 1389 4516 hora
1400 4453 1456 4517 Sol
1473 4473 1568 4536 punc-

225 4554 290 4609 tum
305 4542 458 4609 cardinale
475 4545 638 4607 secundum
652 4545 832 4608 Pmtenicas
848 4545 974 4620 accedit,
991 4563 1107 4607 sumere
1123 4564 1183 4607 non
1197 4563 1329 4626 possum.
1366 4542 1475 4607 Oritur
1491 4544 1568 4606 euim

228 4647 261 4702 (a
284 4642 318 4698 ct
337 4639 367 4710 Χ
389 4633 512 4696 suntin
533 4633 631 4697 medio
655 4633 753 4699 coelo:
778 4641 918 4715 essetque
939 4635 1025 4699 Mars
1048 4635 1103 4698 sub
1126 4635 1237 4709 Terra,
1256 4633 1378 4715 Jupiter
1399 4632 1432 4696 in
1454 4639 1523 4696 ortu
1538 4637 1570 4692 et

228 4724 364 4788 dominus
379 4725 502 4806 figurae.
531 4723 650 4788 Forsan
671 4723 763 4806 igitur
783 4723 963 4805 Nigidianus
987 4723 1120 4787 calculus
1141 4723 1258 4807 aliquot
1275 4723 1359 4787 horis
1382 4721 1568 4806 aCoperni-

229 4831 304 4877 cano
325 4813 517 4907 discrepavit
548 4810 650 4888 Quare
666 4819 828 4898 quaeratur
841 4815 932 4892 hora,
953 4833 1013 4900 qua
1028 4812 1124 4879 Orion
1139 4820 1189 4878 est
1206 4813 1239 4878 in
1254 4831 1365 4878 occasu
1381 4814 1568 4898 conspicuus.
