3428 5542
639 313 942 371 mantuanensium
1104 358 1106 369 .
1401 297 1465 365 277

117 459 312 543 iniquitatem
328 461 488 544 confugis?
509 459 652 544 populum
668 461 810 524 devotum
830 461 862 523 in
876 477 924 522 me
941 460 1077 526 concitas
1094 459 1283 537 exclamans,
1306 460 1466 526 ecclesiam

118 567 185 614 esse
194 553 420 633 perturbatam,
436 551 650 615 auctoritatem
665 558 770 613 textus
784 549 888 614 biblici
902 549 1038 612 laesam?
1058 549 1167 615 Utrum
1181 551 1285 633 potius
1299 571 1347 615 me
1363 552 1411 614 vis
1427 552 1465 615 de

115 640 304 704 recredere?
329 641 389 717 An,
409 648 442 703 ιι
457 640 579 704 hnmani
597 641 667 722 qnid
682 641 762 722 pati:
780 639 829 722 qui
838 647 980 721 receptas
991 647 1022 702 ιι
1036 661 1092 704 usu
1101 640 1193 703 tritas
1208 641 1363 704 versiones
1372 641 1465 704 bibli-

119 749 180 806 ιιι,
197 730 236 793 ob
246 731 279 793 id
288 730 387 812 ipsum
398 738 431 793 et
439 730 642 806 authenticas,
651 731 700 811 qui
711 730 902 810 interpretes,
918 729 1134 792 auctoritatem
1142 729 1319 793 immensam
1329 731 1466 813 adeptos,

118 828 350 896 sacrosanctos,
373 821 422 902 qui
439 819 547 896 omnia,
570 831 646 902 quae
662 819 803 900 populus,
825 819 963 899 angustis
978 819 1112 884 locorum
1128 826 1160 882 et
1175 827 1343 901 temporum
1358 821 1466 902 spatiis

117 929 174 972 ιιι
190 909 403 986 circumstans,
419 929 568 972 consensu
577 909 718 984 firmavit,
734 907 812 971 citra
822 909 1060 974 controversiam
1069 908 1251 990 recipienda,
1265 909 1340 972 nibil
1356 929 1466 984 eorum,

117 1017 194 1080 quae
227 1007 293 1062 tam
316 999 515 1062 imbecillibus
540 997 744 1062 fundamentis
769 998 939 1060 constituta
963 1004 1048 1073 sunt,
1079 1000 1259 1061 movendum
1290 998 1465 1061 existimes?

115 1089 208 1152 Anne
224 1097 257 1150 te
274 1088 451 1152 acerbitatis
468 1095 500 1150 et
516 1087 576 1150 odii
592 1087 684 1151 alieni
698 1087 728 1149 in
744 1105 791 1149 me
806 1087 976 1150 ministrum
992 1087 1113 1164 factum,
1127 1089 1202 1151 licet
1215 1089 1369 1169 ignarum,
1391 1088 1465 1150 tibi-

117 1198 176 1261 que
200 1179 320 1242 occnlte
342 1178 513 1258 obrepsisse
529 1178 704 1240 hortatores
727 1182 759 1238 et
780 1176 995 1258 instigatores,
1017 1195 1090 1240 suae
1112 1177 1143 1240 in
1164 1193 1212 1239 me
1234 1176 1466 1240 malevolentiae

116 1267 175 1330 tibi
199 1285 392 1350 nequaquam
412 1267 605 1330 manifestos:
630 1268 679 1348 qui
701 1285 816 1348 poenas
840 1265 1053 1329 offensionibus
1077 1267 1144 1330 aliis
1161 1267 1302 1330 decretas
1318 1267 1467 1347 perhanc

118 1358 317 1420 occasionem
332 1379 351 1420 a
367 1375 414 1418 me
430 1356 554 1437 cupiant
570 1357 701 1437 exigere,
717 1356 766 1438 qui
781 1355 871 1418 fidem
885 1355 916 1418 in
930 1356 980 1418 bis
994 1355 1067 1419 mihi
1083 1357 1270 1436 derogatum,
1291 1357 1340 1437 qui
1355 1357 1468 1418 famam

116 1447 341 1511 labefactatum
357 1453 444 1522 eant3
469 1446 611 1527 quiahoc
628 1463 729 1508 secum
745 1445 918 1519 statuerint,
933 1463 981 1506 mc
997 1452 1100 1508 stante
1120 1444 1336 1526 rempublicam
1351 1445 1467 1507 salvam

117 1556 188 1598 esse
211 1555 272 1598 non
296 1555 389 1617 posse
412 1535 537 1599 scilicet.
583 1532 763 1617 Quanquam
786 1535 835 1616 qui
856 1533 929 1597 mihi
943 1533 1067 1615 Lipsiae
1089 1535 1138 1597 vel
1159 1535 1266 1597 hostes
1290 1533 1389 1615 aperti
1405 1533 1468 1596 sint

115 1625 163 1688 vel
179 1625 294 1689 inimici
310 1645 378 1689 esse
393 1625 513 1707 possint
529 1624 648 1700 occulti,
663 1644 724 1687 non
739 1623 842 1688 video:
866 1643 922 1686 neo
937 1623 1100 1687 verisimile
1116 1631 1180 1700 cst,
1196 1642 1378 1708 quemquam
1390 1624 1466 1686 adeo

117 1716 273 1798 stupidum
289 1735 367 1789 esse,
382 1721 418 1778 ιι
432 1714 512 1796 quod
528 1713 687 1777 clarissimi
702 1713 759 1776 viri
775 1733 814 1776 ex
824 1714 960 1777 omnibus
975 1714 1113 1795 partibus
1125 1722 1196 1778 ante
1207 1732 1254 1776 me
1266 1713 1467 1789 tradiderunt,

117 1824 155 1868 ex
171 1825 208 1868 eo
225 1803 298 1868 mihi
314 1803 457 1886 privatim
473 1820 541 1866 sese
554 1811 658 1884 speret
671 1802 816 1867 invidiam
831 1804 1038 1868 conflaturum.
1062 1805 1110 1867 De
1126 1805 1174 1867 his
1189 1804 1283 1885 igitur
1298 1809 1331 1866 ιι
1346 1802 1467 1879 videris,

118 1895 169 1978 qui
193 1895 254 1958 hac
272 1894 463 1957 odiosissime
485 1913 542 1956 nec
557 1893 655 1956 minus
671 1893 749 1956 falsa
770 1893 907 1976 perversi
929 1888 1089 1975 Evangialii
1112 1893 1321 1957 criminatione
1344 1911 1468 1956 causam

115 1983 286 2070 praebuisti
302 1976 482 2066 cogitandi²
488 1976 524 2064 ⁶.)
1084 2013 1089 2021 =

202 2075 286 2138 Nam
302 2069 381 2155 quod
397 2080 517 2135 ceteras
533 2078 603 2134 tuas
619 2071 754 2134 rationes
771 2072 893 2147 attinet,
909 2073 986 2135 scito
1002 2091 1049 2134 me
1064 2091 1255 2154 nequaquam
1271 2091 1362 2154 aegre
1378 2071 1466 2146 ferre,

116 2164 197 2245 quod
212 2163 283 2226 illas
299 2163 429 2243 epistola
443 2161 564 2243 publica
579 2161 723 2243 proponis
740 2168 905 2266 contraque
920 2180 968 2223 me
983 2162 1015 2225 in
1031 2163 1126 2224 aciem
1140 2161 1292 2244 producis.
1316 2161 1372 2223 Tui
1388 2161 1467 2224 enim

116 2253 302 2316 mentionem
325 2271 392 2314 cum
414 2251 566 2324 fecerim
557 2271 588 2314 ιι
605 2250 793 2332 frontispicio
812 2251 872 2314 mei
892 2251 1002 2346 libelli,
1024 2251 1128 2356 legem
1146 2251 1219 2313 mihi
1234 2251 1337 2314 hanc
1329 2269 1394 2332 rpse
1411 2250 1467 2313 tuli

117 2362 172 2406 nec
188 2341 304 2408 invitus
319 2341 436 2423 patior,
460 2349 496 2404 ut
517 2339 567 2422 qui
583 2359 616 2402 se
631 2347 722 2421 putat
736 2319 943 2422 provocatum,
959 2360 1025 2403 cnm
1041 2359 1087 2416 eo,
1103 2340 1130 2403 si
1146 2344 1333 2420 compareat,
1348 2340 1466 2421 depug-

118 2451 199 2509 nem,
223 2439 345 2496 tantum
361 2437 396 2493 ιι
409 2430 441 2494 id
455 2430 511 2493 fiat
527 2430 619 2493 armis
634 2449 694 2492 nnn
710 2430 825 2506 vetitis,
841 2431 954 2493 caesim
969 2450 1029 2493 non
1044 2430 1187 2534 punctim.

203 2521 313 2603 Neque
329 2528 433 2584 tamen
447 2519 537 2582 velim
554 2519 720 2595 existimes,
734 2525 855 2582 tantam
870 2518 942 2582 mihi
955 2539 1026 2582 esse
1041 2519 1234 2602 pruriginem,
1254 2517 1377 2601 quosvis
1391 2536 1466 2600 pro-

115 2611 230 2674 misene
253 2609 442 2685 lacessendi,
471 2617 566 2676 utne
588 2609 620 2670 in
642 2607 739 2671 titulis
763 2608 881 2690 quidem
901 2609 1043 2672 libromm
1063 2608 1136 2672 mihi
1152 2615 1322 2689 temperare
1344 2608 1467 2690 possim.

117 2687 237 2766 Causas
254 2701 331 2764 alias
347 2699 435 2780 hujus
450 2717 509 2762 mer
500 2697 598 2762 facti
615 2697 670 2760 tibi
686 2697 805 2760 reddo
790 2706 894 2779 Justas
910 2706 943 2761 et
957 2698 1079 2780 probas.
1108 2697 1241 2760 Primum
1257 2697 1395 2801 exemplo
1411 2716 1465 2761 suo

117 2809 163 2854 me
178 2789 325 2853 invitavit
339 2788 531 2852 adversarius
546 2805 631 2850 meus
646 2786 800 2862 Rbslinus,
815 2788 865 2869 qui
880 2806 979 2850 meum
994 2787 1099 2880 itidem
1114 2806 1223 2850 nomen
1240 2807 1286 2850 ιιι
1278 2785 1366 2850 'libri
1377 2787 1467 2850 titulo
1591 2811 1593 2818 ’

117 2879 262 2945 inseruit:
286 2878 395 2944 deinde
410 2878 524 2941 invidia
539 2876 730 2959 pronunciati
752 2883 817 2939 tam
832 2877 954 2941 absurdi
977 2877 1014 2941 dc
1031 2897 1104 2941 aera
1121 2876 1364 2942 Christianorum
1380 2896 1466 2940 erro-

116 2990 174 3036 nea
197 2968 448 3033 communicanda
470 2968 528 3030 fuit
549 2985 616 3030 eum
637 2965 788 3048 pluribus,
810 2973 845 3030 nt
867 2967 893 3030 si
915 2967 1100 3031 anctoritate
1115 2967 1262 3048 Buntingi
1283 2973 1315 3030 et
1329 2965 1468 3030 Roeslini

118 3079 209 3142 super
223 3078 302 3134 uno,
324 3065 378 3120 tua
392 3077 465 3120 vern
489 3063 521 3119 et
536 3055 686 3138 Scaligen'
702 3063 734 3120 et
749 3063 798 3119 ιιι
811 3057 938 3120 Petrum
954 3076 1044 3138 super
1066 3059 1086 3119 2
1102 3057 1190 3122 annis
1212 3075 1311 3120 essem
1325 3057 1468 3132 munitus,

119 3169 212 3232 super
225 3147 353 3230 reliquis
368 3147 388 3215 3
405 3147 492 3210 annis
507 3146 648 3228 imperita
663 3153 695 3209 et
709 3146 843 3210 insolens
858 3147 945 3228 plebs
960 3147 1032 3210 mihi
1048 3152 1136 3210 tanto
1153 3153 1238 3209 esset
1252 3146 1392 3229 aequior;
1414 3153 1466 3209 ιι

120 3259 176 3322 que
192 3237 405 3320 praevenirem
428 3236 639 3300 damnationes
660 3235 903 3299 inconsideratas
919 3255 1038 3313 eorum,
1059 3236 1109 3319 qni
1124 3237 1232 3300 librum
1248 3237 1414 3299 aestimant
1429 3255 1469 3301 ex
1551 3279 1558 3300 1

121 3329 228 3404 titulo,
251 3347 312 3391 nou
336 3326 456 3390 titulum
479 3345 517 3388 ex
538 3326 632 3402 libro,
655 3325 704 3407 qui
728 3344 789 3388 non
809 3345 972 3407 personam
994 3346 1032 3390 ex
1054 3345 1103 3403 re,
1125 3328 1180 3390 sed
1195 3345 1258 3390 rem
1274 3346 1312 3388 ιι
1326 3345 1468 3408 persona,

118 3437 285 3482 numerovs
308 3423 362 3479 aut
384 3415 546 3479 solitudine
569 3415 748 3496 dijudicant:
772 3435 831 3478 ιιι
853 3417 962 3492 ιιιιι,
983 3422 1018 3479 ιι
1040 3435 1078 3478 ιι
1099 3415 1165 3497 ipso
1188 3415 1376 3498 frontispicio
1392 3435 1467 3479 con-

120 3515 232 3583 staret,
247 3505 489 3587 receptissimum
505 3522 573 3569 esse
588 3505 669 3567 inter
684 3523 788 3567 omnes
804 3506 927 3580 doctos,
949 3523 1053 3568 aeram
1067 3512 1204 3568 nostram
1218 3505 1396 3569 bodiemam
1411 3505 1467 3568 de-

117 3597 209 3660 ficere
224 3595 258 3658 in
274 3613 420 3660 annorum
430 3613 562 3658 numero.
585 3593 688 3658 Testis
704 3612 790 3669 ame,
807 3593 932 3670 Calvisi,
946 3595 1111 3676 productus
1127 3615 1160 3657 es
1176 3596 1206 3658 in
1222 3594 1310 3658 titulo
1326 3595 1364 3659 de
1380 3597 1469 3659 annis

115 3686 273 3750 minimum
289 3684 420 3760 duobus,
442 3704 503 3748 non
517 3683 711 3748 adversarius
727 3683 764 3746 de
781 3683 877 3746 tribus
898 3684 1030 3765 reliquis.
1076 3683 1222 3765 Obrepsit
1237 3684 1302 3760 tibi,
1324 3705 1355 3747 ιι
1346 3685 1468 3762 fallor,

115 3775 243 3840 fallacia
259 3773 502 3878 compositionis
509 3781 542 3836 et
563 3772 719 3836 divisionis
743 3767 824 3848 tritt
844 3787 898 3836 ιιιιι
913 3782 987 3854 gibet
1003 3769 1100 3855 Sciit,
1122 3773 1171 3837 hic
1186 3774 1295 3836 vocula
1311 3787 1365 3838 ιιιιι
1380 3775 1419 3837 ad
1435 3782 1466 3837 te

117 3885 178 3930 non
193 3864 373 3947 pertinebat
393 3864 451 3927 hac
473 3855 895 3942 ιιιι,ιιιιι11ιιιιιι3ιιι)ι,
919 3881 971 3926 sen
994 3863 1119 3926 elarius:
1143 3859 1197 3928 ιιιι
1221 3857 1369 3943 (ιιιιιιιιι
1391 3861 1466 3929 clu·

117 3955 253 4034 relativa
266 3953 376 4016 vocula
390 3945 468 4029 title,
484 3947 692 4026 sonantior,
709 3951 763 4016 sed
779 3951 819 4014 ad
838 3961 912 4032 ιιιιιι
932 3947 1012 4028 Solet
1033 3952 1221 4017 referebatur
1236 3974 1256 4016 a
1270 3971 1317 4018 ιιι
1334 3953 1456 4036 quidem

116 4045 166 4128 qui
182 4062 328 4127 quorsum
343 4042 475 4106 tulliam
490 4061 574 4105 esses
590 4041 741 4105 relaturus
757 4061 818 4104 non
834 4039 975 4122 cogitem

206 4131 309 4205 Quam
323 4151 395 4196 vero
410 4131 489 4196 viam
499 4132 659 4195 instituam
668 4130 859 4194 examinandi
869 4139 939 4194 tuas
949 4131 1083 4194 rationes
1094 4131 1343 4214 chronologicas?
1368 4129 1467 4204 Quam

118 4223 198 4287 enim
213 4223 323 4298 aliam,
344 4221 402 4284 nisi
417 4223 497 4285 banc
511 4222 618 4302 ipsam,
640 4221 680 4284 ad
695 4239 784 4302 quam
797 4239 845 4282 me
861 4221 973 4284 videris
988 4221 1054 4301 ipse
1069 4222 1213 4298 invitare,
1235 4223 1262 4285 si
1277 4241 1380 4286 omnes
1396 4228 1466 4284 tuas

117 4313 256 4378 rationes
279 4310 487 4375 considerem?
520 4310 669 4376 Nimirum
687 4311 745 4372 hoc
768 4328 849 4372 ame
864 4318 970 4392 petere
985 4311 1097 4375 videris
1113 4311 1224 4388 tacite,
1246 4311 1325 4394 quod
1345 4309 1432 4374 multi
1448 4331 1467 4374 a

118 4422 164 4465 me
180 4401 408 4466 contenderunt
423 4408 537 4482 aperte,
552 4405 587 4462 ut
601 4399 735 4464 libellum
750 4417 848 4462 meum
864 4400 1009 4483 scriptum
1023 4400 1167 4466 idiomate
1178 4401 1359 4466 Germanico
1374 4400 1465 4464 Lati-

118 4511 187 4555 nnm
208 4492 241 4555 in
264 4509 435 4554 sermonem
454 4489 644 4552 transferam.
688 4490 725 4553 Id
747 4489 884 4571 equidem
907 4491 1017 4559 faciam
1038 4491 1268 4574 necquicquam
1290 4489 1326 4552 de
1349 4507 1382 4550 re
1398 4489 1467 4570 ipsa

118 4583 257 4658 mutabo,
280 4579 340 4644 nisi
354 4578 413 4642 boc
430 4579 540 4655 solum,
561 4586 596 4643 nt
611 4598 687 4661 quae
702 4578 848 4644 Roeslino
864 4580 985 4644 fuerunt
1000 4581 1141 4663 opposita
1164 4575 1302 4643 omittam
1323 4585 1466 4660 tuumque

116 4689 223 4736 nomen
245 4668 384 4734 vicissim
406 4669 583 4751 opportunis
605 4667 680 4733 locis
702 4669 847 4731 inseram:
877 4677 913 4733 ut
935 4669 1031 4732 sicubi
1052 4668 1268 4734 curationibus
1288 4666 1363 4730 meis
1386 4686 1464 4730 non-

116 4761 203 4826 nullis
218 4759 373 4825 obturbas
389 4750 509 4840 (omnes
525 4759 603 4824 enim
617 4777 807 4843 nequaquam
822 4752 979 4841 tetigisti),
998 4760 1226 4841 responsionem
1240 4755 1377 4818 invenias
1395 4756 1464 4820 ido-

114 4871 209 4918 neam.
239 4851 286 4918 Et
300 4847 395 4912 velim
409 4854 441 4910 ιι
457 4867 593 4916 securum
608 4867 686 4926 esse,
699 4848 863 4930 veritatem
877 4847 1042 4914 mibicordi
1056 4849 1131 4925 fore,
1146 4867 1202 4912 nec
1218 4845 1376 4929 quicquam
1390 4849 1477 4929 per·'
