3310 5538
654 285 755 336 Litora·
766 284 871 351 Keplsri
882 285 1033 352 mumque
1043 289 1147 336 mutuae

440 541 473 608 1
503 532 634 608 Sensus
653 531 788 608 Lucani
806 547 843 607 et
861 533 1051 632 descriptio
1070 533 1359 606 constellationis.

305 647 372 756 Ad
393 694 603 758 enodationem
624 694 798 776 propositae
821 694 1005 775 quaestionis
1026 693 1109 774 prius
1131 701 1221 774 atque
1244 693 1377 755 calculus
1393 692 1523 754 adeatur
1536 698 1565 752 et

232 783 367 845 frustra'
359 803 391 845 ιιι
405 783 520 845 incerto
536 783 611 845 mari
628 784 668 844 12
685 803 828 846 annorum
839 785 987 863 jactetur,
1008 783 1235 845 considerentur
1249 783 1345 862 primo
1361 782 1461 844 omnia
1476 781 1566 842 verba

230 879 357 952 poetae,
380 872 484 952 quibus
507 871 768 934 constellationem
789 873 940 935 describit
972 871 1006 934 Si
1029 871 1180 934 Saturnus
1196 865 1280 952 (ait)
1298 879 1382 933 esset
1396 871 1428 932 in
1449 889 1564 932 canuno

232 959 326 1034 coeli,
348 961 406 1024 hoc
429 967 478 1022 est
498 961 529 1022 in
546 959 680 1035 Cancro,
702 962 782 1042 quod
803 969 852 1026 est
875 963 992 1041 signum
1011 961 1205 1036 altissimum,
1227 967 1317 1041 atque
1333 959 1374 1023 ibi
1389 959 1566 1022 manderet

233 1045 306 1130 (boc
326 1057 375 1112 est
390 1049 599 1129 conjunctione
616 1069 671 1113 sua
691 1051 722 1112 in
744 1052 884 1112 effectum
905 1051 1086 1131 produceret
1105 1057 1198 1130 atque
1222 1043 1331 1128 cieret)
1352 1051 1462 1129 aigi-os
1483 1049 1565 1128 lynea

233 1135 278 1218 (id
302 1145 350 1200 est
369 1139 531 1200 nebulosas
554 1139 660 1201 stellas
681 1138 779 1201 Aselli
802 1147 834 1200 et
855 1132 1039 1219 Praesepe),
1069 1147 1141 1200 tunc
1162 1139 1395 1219 portenderetur
1418 1137 1563 1198 diluvium.

229 1226 314 1289 Dicit
335 1235 450 1289 autem:
467 1227 608 1310 fodisset
628 1229 790 1309 Apatouros
811 1229 937 1303 imbres,
959 1227 1009 1290 vel
1031 1227 1100 1308 quia
1114 1229 1253 1308 poeticae
1270 1227 1363 1288 servit
1378 1225 1493 1288 fictioni
1515 1243 1564 1286 nec

230 1314 311 1378 aliud
328 1316 446 1396 siguum
469 1317 585 1381 zodiaci
606 1317 702 1397 magis
719 1317 822 1397 aptum
845 1325 894 1378 est
915 1335 1004 1399 quam
1018 1317 1170 1397 Aquarius
1193 1316 1409 1378 describendae
1433 1313 1565 1382 effusioni

229 1424 386 1486 aquarum,
408 1405 457 1466 vel
473 1405 543 1486 quia
558 1404 612 1468 Sol
632 1407 662 1467 in
682 1423 729 1466 aaa
745 1406 874 1486 eclipsin
885 1406 942 1469 nit
956 1425 1079 1486 passus,
1101 1407 1150 1468 vel
1165 1406 1235 1486 quia
1250 1425 1317 1468 cum
1332 1403 1387 1466 Sol
1402 1405 1434 1466 in
1449 1420 1497 1464 a
1512 1411 1564 1475 est

228 1494 358 1556 maxime
373 1494 466 1575 pluit,
489 1494 527 1555 de
543 1513 599 1576 quo
623 1495 727 1556 ultimo
743 1502 826 1556 certo
842 1495 913 1576 quid
933 1495 1134 1557 statuendum.
1163 1495 1279 1556 Verum
1299 1513 1337 1555 ex
1351 1495 1410 1556 bac
1426 1499 1565 1572 sequetur

229 1583 442 1663 descriptione,
457 1579 715 1664 poetambneque
731 1583 761 1644 in
778 1599 809 1649 ee
827 1603 921 1665 neque
938 1585 968 1646 in
983 1600 1030 1642 aa
1045 1603 1199 1664 reponere.
1229 1585 1298 1645 Non
1315 1584 1344 1644 iu
1361 1597 1403 1658 cs,
1426 1581 1565 1664 quiahoc

229 1671 352 1752 fingitur
367 1693 387 1732 a
402 1679 495 1752 poeta
511 1666 690 1753 (secundum
704 1691 801 1734 meam
811 1667 1118 1754 interpretationem),
1134 1673 1160 1734 si
1175 1672 1283 1736 fuisset
1298 1672 1328 1734 in
1345 1671 1473 1744 Cancro,
1490 1669 1565 1750 plui-

228 1769 329 1824 turum
351 1759 452 1822 fuisse.
483 1759 572 1832 Quod
594 1761 672 1823 euim
694 1762 769 1824 baec
789 1762 871 1824 fictio
894 1769 984 1824 sonet
1005 1763 1043 1824 de
1065 1757 1086 1838 ii
1108 1763 1138 1824 in
1155 1777 1187 1828 ee
1210 1768 1243 1823 ct
1263 1781 1324 1823 non
1346 1762 1384 1823 de
1406 1757 1475 1836 liin
1491 1758 1566 1830 MC,

228 1856 317 1930 patet
336 1850 421 1924 inde,
443 1850 513 1930 quia
528 1849 605 1912 alies
621 1851 739 1912 omnino
762 1851 957 1924 nesciremus,
980 1851 1051 1932 quid
1073 1851 1129 1913 sibi
1150 1850 1265 1912 vellent
1285 1849 1338 1912 illa
1352 1851 1448 1912 verba
1462 1849 1567 1930 aipros

229 1939 409 2000 aconaderet
429 1939 524 2020 ignca
560 1938 678 2001 Deinde
699 1939 768 2020 quia
789 1939 868 2020 infra
888 1939 975 2020 ponit
996 1947 1021 2010 d
1041 1939 1073 2000 in
1094 1949 1130 2018 tq
1152 1945 1184 2000 et
1207 1957 1272 2000 curn
1294 1939 1404 2012 cauda,
1426 1942 1566 2020 quaeest

228 2027 340 2090 triente
357 2028 394 2089 ab
410 2027 525 2090 Asellis
541 2035 667 2102 remota,
683 2047 806 2109 cumque
821 2028 879 2090 hoc
893 2035 985 2109 pacto
1003 2029 1104 2092 futura
1120 2029 1228 2091 fuisset
1243 2027 1442 2108 triangulatio
1457 2022 1479 2104 li
1497 2033 1528 2088 et
1543 2032 1566 2093 d

228 2118 258 2180 in
276 2131 305 2182 ee
325 2123 357 2177 et
371 2125 419 2193 1η,
438 2116 568 2178 humidis
585 2117 694 2197 signis,
714 2124 747 2178 et
762 2118 841 2198 apud
857 2117 1082 2180 efficacissimas
1098 2119 1189 2180 fixas:
1213 2125 1297 2179 recte
1315 2111 1442 2202 (saltem
1458 2133 1565 2177 seeun-

229 2207 297 2266 dum
308 2205 432 2286 antiqua
441 2205 663 2286 astrologorum
673 2199 811 2286 decreta)
828 2207 1027 2270 conclusisset
1035 2207 1182 2287 Nigidius,
1198 2205 1410 2268 inundationes
1418 2203 1567 2285 portendi.

229 2294 293 2358 Sed
307 2313 404 2375 neque
420 2295 450 2356 in
465 2311 512 2356 xe
527 2317 546 2357 a
561 2301 654 2375 poeta
668 2295 823 2375 reponitur
839 2296 896 2370 sic,
918 2303 953 2358 ut
972 2297 1055 2358 dicat
1070 2292 1089 2373 b
1113 2296 1144 2358 iu
1158 2313 1206 2356 est:
1221 2297 1251 2358 in
1266 2293 1342 2370 MC3
1367 2294 1437 2376 quia
1452 2311 1566 2356 rursum

229 2385 305 2446 baec
321 2405 340 2446 a
354 2390 449 2464 poeta
463 2402 517 2464 per
532 2384 658 2464 figuram
672 2383 803 2446 fictionis
818 2386 1024 2464 proferuntur:
1048 2385 1073 2446 si
1090 2381 1110 2462 ij
1126 2385 1157 2447 in
1172 2401 1218 2446 aa
1234 2392 1326 2459 esset,
1341 2383 1565 2463 tunc-xplue-

226 2481 283 2535 ret
315 2469 431 2543 Quibus
446 2472 547 2534 verbis
563 2474 644 2536 inest
658 2473 704 2535 vis
720 2473 859 2553 negandi

315 2559 456 2624 Secundo
472 2561 619 2642 inquitsi
635 2560 675 2639 Θ
692 2569 776 2625 esset
790 2562 821 2625 in
837 2567 870 2637 ll,
885 2561 1138 2643 portenderentur
1153 2561 1299 2624 incendia.
1334 2560 1433 2623 Recte
1450 2566 1482 2620 et
1496 2559 1566 2620 hoc:

228 2647 268 2728 Θ
286 2669 353 2712 cum
369 2651 465 2712 cauda
482 2655 507 2726 52
522 2658 555 2712 et
570 2658 595 2722 d
611 2671 677 2713 cum
693 2652 783 2714 corde
798 2660 834 2729 tq
849 2650 1016 2732 quadrante
1033 2651 1196 2727 distarent,
1219 2651 1378 2732 quodcum
1394 2649 1442 2723 fit,
1465 2655 1566 2710 astro-

227 2739 289 2825 logi
304 2740 390 2820 ignes
406 2741 617 2820 praesagiunt,
638 2740 745 2820 etjam
760 2740 921 2822 aliquibus,
945 2741 993 2822 qui
1009 2742 1134 2803 cremati
1151 2747 1234 2815 sunt,
1256 2738 1331 2801 talia
1346 2739 1434 2818 signa
1450 2737 1567 2799 fulsere.

227 2827 371 2910 Sequitur
393 2847 480 2907 ergo:
505 2825 545 2905 Θ
568 2849 629 2892 uon
651 2847 719 2890 esse
740 2829 772 2890 in
788 2833 826 2904 Ω
848 2830 926 2909 quod
947 2837 980 2892 et
998 2837 1092 2910 poeta
1110 2830 1175 2909 ipse
1194 2835 1288 2909 negat
1307 2828 1355 2890 bis
1376 2827 1492 2889 verbis·
1520 2824 1569 2887 ff

227 2917 375 2979 cerami
433 2936 458 2978 a.

313 2937 546 3085 Teriilepergit:
563 3005 640 3106 qnid
653 3005 751 3088 ipimr
765 3005 870 3069 adbuc
881 3007 1053 3088 portendis,
1067 3006 1161 3070 More
1175 3025 1244 3070 cram
1251 3003 1444 3112 chrps'one?
1466 3003 1567 3066 Mani-

227 3095 305 3157 leste
320 3086 408 3174 ponit
422 3093 577 3156 Martem
569 3113 600 3156 m
615 3092 790 3176 Scorpione.
820 3093 885 3158 Sed
900 3095 999 3158 addit:
1023 3095 1333 3184 cbelcsqrupenoria,
1356 3093 1569 3197 quodquidam

227 3183 436 3248 difficultatem
454 3182 551 3263 parit3
575 3203 645 3244 nam
660 3184 788 3246 chelae
779 3205 810 3246 ιιι
825 3185 919 3247 Libra
938 3186 1021 3247 fuere
1037 3193 1125 3260 tuuc,
1147 3193 1180 3251 et
1194 3186 1356 3248 hodiedum
1376 3182 1567 3246 asterismum

225 3273 337 3334 Librae
353 3291 426 3334 cons
427 3272 557 3346 tituunt;
581 3273 727 3352 quomodo
749 3273 840 3353 igitur
851 3273 955 3336 simul'
947 3293 977 3335 ιιι
993 3273 1180 3356 Scorpione?
1209 3275 1306 3355 Igitur
1321 3272 1473 3346 existimo,
1479 3279 1565 3353 pos-

226 3362 318 3423 ticam
334 3379 402 3448 esse
418 3383 602 3438 σιιιοιυμιαι,
617 3360 776 3443 Scorpioni
792 3363 871 3426 enim
886 3363 989 3425 chelas
1005 3365 1160 3445 affingunt
1189 3365 1232 3427 Et
1247 3363 1341 3426 chelis
1352 3361 1489 3425 accensis
1506 3362 1567 3423 sive

161 3445 164 3450 ’
226 3458 314 3514 aestu
330 3451 452 3513 admoto
467 3450 597 3514 maxime
614 3452 711 3514 cauda
717 3449 1134 3534 stcprmrteminccemfingit
1144 3453 1344 3535 Scorpium
1317 3454 1457 3515 futurum.
1480 3450 1567 3514 Alias

225 3541 310 3604 Mara
327 3559 393 3604 cum
409 3540 504 3603 chelis
520 3539 594 3602 nibil
610 3541 687 3606 adeo
708 3548 799 3604 atrox
819 3541 978 3621 significat
1022 3543 1190 3605 Audiamus
1209 3561 1337 3623 namque
1352 3541 1567 3612 Ptolemaeum,

226 3649 276 3710 qur
268 3630 447 3693 'Lucanum
468 3628 624 3709 Nigdiani
645 3631 798 3711 praesagii
820 3632 1015 3693 formatorem
1037 3632 1124 3694 annis
1147 3651 1207 3694 non
1229 3631 1357 3714 amplius
1380 3625 1423 3693 70
1446 3637 1567 3691 secutus

226 3727 282 3782 est
316 3719 371 3794 „In
388 3719 498 3792 chelis,
514 3719 626 3802 inquit,
642 3738 718 3801 quae
736 3719 829 3781 sunt
820 3739 852 3781 ιιι
862 3719 937 3800 jugo
955 3720 1018 3782 sive
1035 3721 1137 3796 chelis,
1154 3719 1273 3802 Scorpii
1290 3727 1445 3782 extremae
1462 3709 1568 3780 itellae

225 3765 352 3870 effectis
367 3807 484 3870 babent
499 3807 612 3870 similes
634 3808 743 3870 stellae
758 3808 845 3870 Jovis
862 3816 893 3870 et
907 3809 1065 3884 Mercurii,
1087 3809 1204 3872 mediae
1226 3830 1299 3873 vero
1316 3807 1443 3872 Saturni
1464 3815 1497 3870 et
1513 3807 1568 3870 ali-

225 3903 371 3979 quantum
390 3895 521 3958 Martis“
541 3897 603 3972 tc,
619 3895 739 3979 Scorpii
753 3917 826 3959 vero
842 3897 972 3959 frontem
994 3905 1026 3959 et
1049 3919 1101 3962 cor
1115 3899 1291 3980 simpliciter
1305 3897 1469 3962 Martiales
1488 3897 1568 3958 facit

225 3985 310 4048 Idem
326 3984 397 4047 alibi
414 3985 559 4060 affirmat,
582 3986 725 4048 chelas
702 4005 820 4066 signum
833 3977 949 4048 varium
971 3995 1003 4048 et
1017 3988 1177 4063 mutabile,
1201 3987 1376 4070 Scorpionis
1398 4003 1472 4048 vero
1488 3985 1568 4048 toni-

227 4082 364 4137 truosnm
386 4093 422 4135 ac
438 4074 566 4154 igneum.
598 4073 862 4138 Consideremus
848 4092 913 4155 Jam
937 4083 969 4137 et
990 4075 1056 4152 illa,
1079 4095 1155 4160 quae
1177 4077 1273 4158 primo
1297 4083 1329 4138 et
1350 4075 1484 4137 secundo
1505 4075 1567 4137 loco

226 4163 364 4237 diximus,
384 4182 480 4244 neque
497 4161 667 4227 dubitemus
681 4164 815 4228 Martem
830 4183 897 4227 cum
912 4165 1002 4227 corde
1017 4175 1066 4246 1η,
1088 4186 1149 4229 uon
1165 4185 1231 4228 cum
1246 4165 1408 4229 stellishm
1361 4207 1408 4230 -ι
1424 4165 1566 4246 cqnjuuc-

225 4261 290 4318 tum
306 4251 453 4316 denotari.

315 4339 443 4412 Quarto
472 4340 579 4414 Motis,
602 4341 712 4423 inquit,
733 4343 769 4406 ιἰι
783 4339 848 4406 alto
864 4339 993 4424 Jupiter
1007 4361 1121 4407 occasa
1134 4343 1288 4425 premitur.
1319 4343 1354 4405 In
1369 4343 1429 4404 bac
1443 4340 1567 4404 incerti·

227 4430 330 4493 tudine
347 4430 492 4511 temporis
508 4429 584 4492 varii
601 4431 911 4494 sensusverbisbisce
928 4433 1031 4514 affingi
1046 4439 1182 4514 possunt
1206 4432 1272 4496 Aut
1287 4431 1366 4494 enbn
1379 4430 1447 4493 vult
1462 4430 1567 4504 dicere,

209 4521 334 4584 ,Jovem
349 4519 380 4581 in
396 4538 450 4580 suo
467 4518 647 4581 detrimento
663 4521 793 4597 versari,
815 4539 856 4584 sc.
878 4520 909 4583 in
924 4525 957 4593 II
971 4521 1058 4601 signo
1074 4521 1153 4597 alto,
1174 4527 1210 4584 ut
1223 4522 1332 4603 premi,
1352 4522 1412 4584 boc
1428 4527 1479 4582 est
1492 4517 1565 4582 male

226 4610 358 4689 positum
381 4627 449 4670 esse
473 4627 539 4670 eum
559 4609 642 4672 dieat
661 4609 692 4673 in
708 4629 834 4685 occasu,
855 4609 887 4672 id
909 4617 958 4673 est
973 4629 1045 4674 casu
1065 4612 1115 4673 vel
1129 4618 1254 4692 propter
1275 4629 1387 4674 casum.
1424 4607 1565 4680 Quamvis

228 4698 306 4760 enim
321 4699 400 4763 inter
416 4717 520 4760 casnm
535 4706 567 4762 et
583 4698 796 4761 detrimentum
811 4699 980 4781 distinguat
997 4705 1108 4782 poeta,
1129 4707 1232 4762 tamen
1251 4699 1282 4762 in
1303 4698 1443 4782 opposito
1465 4697 1565 4760 domus

229 4802 302 4848 snae
317 4806 453 4866 versans,
468 4787 556 4850 domo
572 4807 628 4850 sua
643 4787 792 4851 excidisse
808 4787 880 4868 tingi
893 4795 1007 4871 potest
1035 4789 1104 4854 Aut
1117 4789 1185 4854 vult
1199 4790 1308 4866 dicere,
1322 4789 1432 4874 ΙῘιιιιιιιι
1448 4787 1518 4865 alte,
1536 4785 1566 4848 id
