3412 5538
608 333 922 401 sensumsensurn.
1139 277 1141 284 Ι
1395 309 1438 382 95

107 477 236 560 quamam
250 476 406 554 ultimam3
430 477 535 560 quinto
551 485 585 540 et
600 485 688 540 sexto
705 471 854 560 (secunda
868 475 1099 540 intercalatione
1113 469 1213 559 iacta)
1228 475 1454 558 plenilunium

106 567 220 648 septimo
235 575 269 630 et
285 577 397 631 octavo
414 562 525 651 (tertie
539 567 772 632 intercalatione
782 562 882 648 facta)
899 567 1044 650 quadram
1059 567 1201 648 primam;
1218 565 1345 647 denique
1360 585 1440 628 nova

104 657 229 739 periodos
261 655 410 722 Calendis
446 651 572 739 (quarto
601 658 834 720 intercalatione
867 649 967 736 iacta)
998 656 1136 719 restituit
1174 653 1364 719 novilunium.
1394 687 1440 700 -

105 742 135 827 2)
150 745 363 828 conjecturam
371 747 500 830 praebet
509 747 578 810 hulc
588 748 702 810 formae
712 746 852 810 facilitas.
863 741 867 754 ⁵
878 746 959 809 Nam
969 747 1007 808 ad
1022 744 1195 808 memoriam
1205 745 1375 826 expeditior
1389 751 1440 806 est

104 837 177 910 haec,
190 844 225 898 ut
240 835 371 900 alternis
387 837 595 912 intercaletur,
610 856 699 920 quam
714 844 749 899 ιιι
763 843 812 898 ter
826 835 1024 898 intercaletur
1035 836 1122 900 annis
1133 841 1218 910 octo;
1235 835 1344 915 vulgus
1360 833 1439 898 enim

104 925 158 988 odit
176 925 285 1005 longas
306 925 461 1007 periodos.
505 927 590 989 Idem
611 935 719 989 contra
740 932 825 988 tuam
848 927 974 988 formam
990 924 1049 987 dici
1072 931 1185 1006 potest.
1229 925 1440 1004 Praeoocupat

102 1017 166 1078 haec
180 1015 324 1096 periodus
339 1015 459 1078 Lunam
477 1009 536 1100 1¹]²
562 1014 667 1078 diebus
688 1022 720 1078 et
739 1007 772 1098 Ἴ,
793 1014 890 1090 horis,
912 1032 989 1095 quae
1005 1014 1216 1076 novemdecies
1235 1013 1440 1094 multiplicata

104 1113 271 1167 excrescunt
285 1105 319 1168 in
333 1107 448 1168 mensis
463 1105 552 1168 unius
566 1103 813 1186 magnitudinem.
856 1103 957 1168 Annis
971 1103 1019 1166 bis
1037 1103 1109 1178 152,
1124 1103 1181 1165 hoc
1198 1109 1247 1164 est
1262 1101 1350 1165 annis
1365 1102 1440 1176 304,

101 1194 256 1276 praecurrit
271 1194 430 1258 mensibus
445 1195 570 1272 dnobus,
585 1195 683 1257 minus
700 1193 747 1257 die
762 1212 822 1257 uno
833 1193 959 1256 fere-
973 1193 1002 1256 3.
1018 1187 1055 1274 4)
1065 1192 1218 1255 Lunarem
1227 1192 1320 1254 fuisse
1331 1209 1440 1255 annum

101 1282 225 1346 Αιιιιιιιιι
240 1285 291 1347 vel
309 1285 378 1366 ipsc
394 1292 425 1348 te
442 1291 538 1360 teste,
561 1284 652 1347 testis
668 1291 718 1346 est
732 1283 906 1346 Macrobius
926 1290 959 1345 et
974 1281 1111 1346 Solinus:
1135 1282 1265 1345 Lunaris
1288 1281 1442 1356 animast,

104 1373 144 1454 qui
158 1392 336 1456 quocunque
352 1382 496 1455 respectu
512 1375 553 1436 ad
566 1374 684 1436 Lunam
699 1392 768 1437 sese
785 1373 1008 1436 accommodat:
1025 1373 1052 1434 si
1067 1391 1127 1434 non
1143 1371 1182 1434 ad
1198 1370 1360 1445 novilunia,
1376 1370 1440 1433 sal-

101 1470 153 1524 tem
168 1463 205 1526 ad
220 1464 368 1546 quadras.
398 1465 464 1527 Hos
480 1463 582 1548 itaque
599 1471 632 1526 tu
648 1470 747 1525 testes
766 1483 827 1525 una
847 1481 914 1524 cum
936 1461 1161 1525 succenturiatc
1177 1461 1337 1524 Theodoro
1353 1457 1442 1523 Gens

101 1551 203 1632 rejicis3
224 1551 301 1616 mihi
318 1573 381 1617 non
396 1561 447 1616 est
460 1571 601 1629 neccsse,
624 1571 683 1636 quc
705 1571 771 1616 sum
791 1560 823 1614 te
842 1570 915 1615 vero
935 1552 1066 1633 propior.
1100 1552 1181 1614 Nam
1197 1556 1443 1624 consentaneum,

103 1641 319 1723 antiquissimos
342 1661 476 1725 quosque
497 1643 535 1704 de
554 1643 613 1705 hoc
634 1642 757 1723 negotio
780 1641 891 1705 testari
911 1641 1049 1722 potuisse
1064 1641 1243 1704 rectissime.
1257 1673 1303 1684 -
1324 1634 1361 1720 5)
1378 1637 1440 1701 So·

102 1731 187 1794 lennis
209 1732 310 1795 oratio
336 1733 418 1813 apud
432 1733 622 1796 Herodotum
643 1751 759 1794 meeum
780 1731 894 1794 itidem.
939 1730 1110 1793 Durissima
1131 1737 1181 1792 est
1201 1737 1255 1792 tua
1277 1727 1440 1803 sententie,

104 1820 290 1897 Herodotum,
306 1841 368 1904 qno
384 1822 506 1886 vivente
521 1822 604 1884 nulla
620 1822 680 1884 alia
695 1822 792 1884 torma
808 1820 878 1883 anni
888 1819 954 1895 fuit,
969 1839 1029 1883 non
1046 1821 1141 1902 solum
1155 1819 1345 1882 mendacium
1360 1817 1442 1900 loqui

106 1910 151 1973 sed
164 1913 303 1974 consulto
320 1911 444 1974 mentiri
458 1911 537 1974 velle
552 1912 658 1974 videri.
689 1907 778 1982 Quod
793 1929 865 1972 vero
882 1908 976 1972 Solon
992 1909 1100 1972 tribuit
1114 1928 1194 1972 anno
1211 1907 1359 1971 communi
1375 1905 1442 1970 diss

104 1999 166 2074 366,
179 2001 360 2064 intercalari
375 2001 450 2076 390,
464 2019 525 2064 non
541 2001 653 2063 evertit
666 2018 751 2062 meas
768 2017 913 2062 summas:
930 2006 1070 2062 numerat
1085 1999 1164 2061 enim
1180 2017 1218 2061 ex
1233 1999 1330 2061 forma
1345 1995 1441 2078 sphe-

103 2087 224 2165 meridis,
254 2109 336 2172 quae
361 2090 523 2152 duodecies
547 2098 580 2154 et
604 2090 754 2154 tredecies
779 2089 906 2152 alternis
936 2087 1118 2170 pronunciat
1141 2087 1221 2150 diem
1249 2086 1442 2150 tricesimam.

105 2179 160 2239 Nec
173 2179 220 2241 hic
233 2179 334 2242 initur
350 2180 485 2252 calculus
499 2180 607 2262 aliquis
630 2178 745 2242 dierum
761 2177 916 2254 subtilior,
938 2178 994 2240 sed
1015 2175 1177 2239 summaria
1199 2177 1318 2239 ratione
1333 2177 1441 2238 rheto-

105 2266 203 2330 ricatm
217 2287 326 2332 coram
336 2268 451 2334 Croeso
462 2267 567 2345 Solon,
582 2287 670 2352 quam
686 2269 774 2331 facile
790 2268 854 2331 lieri
875 2267 983 2348 possit,
997 2273 1033 2329 ut
1047 2267 1176 2329 intanto
1193 2265 1309 2328 dierum
1319 2283 1442 2328 numero

105 2358 299 2441 muraliquis
326 2365 395 2422 ater
418 2359 467 2422 sit
512 2359 573 2422 Ubi
596 2359 693 2422 servit
713 2358 757 2420 illi
778 2357 856 2420 haec
878 2357 1092 2439 qualiscunque
1113 2355 1284 2436 hyperbole
1304 2353 1370 2418 360
1386 2371 1441 2435 pro

109 2445 161 2508 354
175 2454 206 2509 et
219 2447 285 2512 390
301 2467 360 2530 pro
377 2443 458 2524 376,
480 2467 547 2512 cum
568 2447 600 2512 in
622 2448 731 2522 coeit,
752 2454 787 2510 nt
809 2447 923 2509 dierum
947 2445 1196 2509 vitaehumanae
1220 2443 1444 2506 multitudinem

109 2544 264 2618 exaggeret.
301 2538 433 2602 Interim
452 2539 564 2619 prohat
580 2537 691 2612 Solon,
712 2536 760 2600 bis
775 2536 950 2600 intercalari
975 2535 1097 2597 solitum
1113 2533 1200 2596 annis
1215 2539 1361 2615 quatuor,
1383 2533 1444 2596 hoc
1498 2535 1501 2540 '
1577 2581 1580 2591 .

108 2633 147 2684 est
159 2625 274 2689 biennio
292 2634 423 2702 exacto,
447 2633 479 2690 et
493 2628 592 2709 ipsum
608 2625 955 2708 quoqneintercalarem
974 2645 1024 2703 apr
1039 2628 1184 2704 τριακαιια
1199 2623 1352 2686 habuisse.
1397 2622 1443 2684 Τιι

109 2731 167 2776 vero
183 2716 208 2778 si
223 2716 394 2779 etiamnum
409 2716 506 2798 rigide
522 2735 631 2798 perges
647 2734 755 2796 urgere
778 2733 932 2778 numerum
947 2713 1155 2788 tricenarium,
1177 2713 1316 2794 prolecto
1334 2710 1443 2774 diceris

109 2803 178 2865 abuti
199 2805 389 2869 auctoritate
410 2807 569 2870 Herodoti
615 2803 715 2877 Quam
738 2805 816 2868 enim
836 2804 1012 2884 ineptiisset
1026 2801 1122 2866 Solon
1138 2819 1240 2865 coram
1256 2800 1386 2875 Croeso,
1408 2798 1444 2873 si,

109 2909 163 2954 cunr
176 2901 258 2957 esset
277 2895 421 2958 intentus
441 2895 473 2957 in
489 2896 621 2958 ethicam
635 2895 784 2958 humanae
806 2894 889 2957 vitae
913 2892 1199 2967 considerationem,
1221 2891 1371 2954 rationem
1385 2910 1444 2951 ros

107 2979 282 3064 ιξαιρισιμωι
300 2983 513 3066 particulatim
532 2985 609 3048 inire
632 2985 794 3065 coepisset
839 2982 919 3046 Vide
935 2999 1079 3064 namque,
1107 3001 1145 3044 ne
1169 2989 1202 3043 at
1224 2981 1297 3055 tibi,
1322 2998 1362 3041 ex
1384 2978 1444 3042 lide
1522 3038 1527 3048 ,

109 3070 323 3152 epigrammatis
348 3071 477 3150 Graeci,
498 3073 546 3137 bis
569 3073 698 3136 duodeni
719 3073 763 3136 illi
785 3091 885 3134 mures
912 3072 1050 3146 ultimum
1073 3070 1143 3134 anni
1166 3070 1211 3133 tui
1233 3070 1355 3133 biduum
1372 3086 1443 3131 ero·

109 3161 202 3222 serint:
223 3181 295 3226 nam
320 3163 627 3246 neque‘epigramma
648 3162 751 3245 plures
774 3161 838 3226 360
861 3161 966 3224 diebus
982 3167 1135 3235 numerat,
1157 3167 1191 3222 tu
1205 3179 1278 3222 vero
1294 3157 1359 3222 362
1375 3163 1443 3220 sta-

110 3249 166 3310 tuis.
179 3281 221 3296 -
234 3251 264 3316 6.
280 3246 323 3333 7)
340 3251 437 3315 Sexto
454 3253 494 3314 ad
506 3252 696 3327 Aristotelis,
712 3260 745 3314 et
760 3249 890 3332 septimo
906 3251 946 3314 ad
960 3250 1019 3312 hoc
1033 3250 1132 3330 ipsum
1149 3248 1286 3313 Cleobuli
1303 3247 1444 3329 aenigma

109 3341 268 3420 respondeo,
283 3342 363 3405 nihil
378 3341 448 3404 illos
463 3343 592 3423 probare
609 3341 690 3404 aliud
712 3335 798 3422 (dom
812 3341 921 3404 literae
936 3340 984 3402 vis
998 3340 1030 3401 in
1051 3357 1130 3402 anno
1147 3336 1211 3402 360
1234 3338 1299 3400 dies
1316 3329 1443 3417 statuit)

111 3445 184 3506 quam
197 3431 271 3506 hoc,
295 3430 436 3493 omnibns
451 3431 605 3494 mensibus
628 3430 721 3492 fuisse
742 3452 793 3508 apa
807 3434 962 3510 τριακαια.
991 3427 1140 3510 Loquitur
1161 3426 1241 3490 enim
1255 3427 1444 3490 Aristoteles

111 3515 140 3576 de
153 3518 324 3584 animalium
337 3521 435 3582 uteris
452 3528 484 3582 et
500 3520 634 3595 foetura,
656 3539 717 3581 non
739 3519 777 3581 de
799 3519 918 3581 ratione
941 3519 1020 3580 anni.
1064 3518 1107 3580 Et
1129 3517 1201 3598 quid
1222 3517 1343 3590 mirum,
1364 3513 1444 3597 quod

111 3609 259 3672 esthctum
281 3609 459 3692 pictamque
481 3610 512 3672 in
535 3608 726 3691 ephemeride
741 3607 866 3683 Attica,
887 3627 1008 3670 menses
1031 3607 1150 3670 scilicet
1170 3625 1275 3669 omnes
1298 3624 1366 3667 cum
1387 3623 1444 3667 sua

111 3695 258 3774 tricesima,
280 3699 366 3761 idern
381 3697 518 3780 quamvis
537 3717 592 3779 per
606 3697 748 3761 veritatis
769 3697 1039 3760 dissimulationem
1059 3697 1174 3780 pictum
1193 3715 1263 3757 esse
1281 3694 1314 3756 ιιι
1335 3694 1443 3773 aenig-

111 3791 187 3848 mate.
201 3819 245 3832 —
259 3787 296 3863 8)
318 3785 449 3863 Octavo,
465 3789 531 3850 dico
548 3788 655 3851 eadem
665 3785 1003 3850 adDemetriiPhalerii
1019 3785 1230 3847 statuas360:
1246 3783 1348 3866 quidni
1364 3781 1444 3845 enim

109 3869 203 3938 iuhcc
223 3895 350 3940 numero
374 3877 570 3940 simulassent
583 3877 808 3951 Athenienses,
831 3895 941 3939 annum
964 3894 1032 3937 esse
1054 3881 1103 3938 tot
1127 3874 1259 3948 dierum,
1281 3873 1444 3955 quod'ncn

110 3961 268 4030 dubitarunt
284 3967 430 4030 simulare
452 3966 484 4029 in
507 3965 697 4029 ordinatione
714 3966 799 4040 anni,
821 3966 973 4045 fingentes
997 3981 1100 4028 omnes
1115 3983 1236 4026 menses
1260 3963 1445 4026 tricenorum

110 4050 222 4130 dierum,
244 4057 342 4120 etiam
362 4057 395 4118 in
423 4055 645 4136 posterioribus
668 4055 739 4118 anni
762 4055 865 4116 tonnis
887 4052 1048 4117 manifeste
1071 4052 1235 4116 lunaribus.
1257 4085 1302 4097 -
1322 4045 1358 4132 9)
1380 4049 1444 4113 Sed

110 4140 214 4220 objicis:
241 4145 340 4209 Solon
362 4146 515 4207 referente
536 4145 662 4207 Laertio
689 4145 881 4225 rogationem
903 4143 989 4219 tulit,
1014 4163 1068 4214 τας
1088 4137 1201 4222 ἡμερας
1224 4163 1299 4205 κατα
1325 4143 1444 4218 aalma

111 4225 187 4309 ιγιιις
209 4251 279 4316 ergo
296 4239 393 4296 antea
408 4253 469 4297 non
483 4233 649 4301 utebantur
665 4253 744 4296 anno
759 4232 882 4296 Lunari.
909 4234 979 4296 Non
996 4232 1131 4313 seqnitur
1146 4233 1218 4294 hcc:
1234 4231 1309 4299 illud
1325 4229 1443 4312 quidem

112 4321 243 4400 sequitur,
264 4323 442 4386 neomenias
464 4324 607 4406 politicas
630 4341 698 4386 cunr
720 4322 904 4386 coelestibus
925 4341 986 4385 non
1009 4321 1199 4403 congruisse,
1221 4328 1258 4384 ut
1277 4319 1397 4403 quidem
1411 4316 1443 4378 in

111 4407 192 4472 forma
206 4431 225 4473 a
239 4431 285 4476 me
302 4413 389 4476 dicta
403 4413 597 4476 manifestum
611 4420 668 4476 est.
698 4412 745 4476 At
759 4412 950 4475 nihilominus
966 4411 1037 4474 anni
1053 4412 1150 4474 forma
1165 4431 1184 4472 a
1198 4409 1287 4473 Luna
1301 4407 1369 4471 duci
1383 4424 1442 4486 po·-

113 4497 169 4572 uir,
183 4503 260 4564 etad
270 4503 336 4583 ejus
346 4509 461 4566 motum
471 4504 693 4584 quadamtenus
709 4501 938 4564 accommodari.
961 4501 1029 4562 Hoc
1043 4500 1137 4581 igitur
1153 4499 1228 4562 dicit
1243 4498 1346 4571 Solon,
1362 4493 1443 4576 quod

111 4585 317 4671 Aristophanes
340 4613 393 4670 apr
414 4594 533 4672 σιληιηι
555 4589 616 4656 ciacc
637 4613 686 4654 και
707 4611 786 4654 aare
812 4594 1006 4665 avdcdorroa,
1046 4583 1102 4670 10)
1125 4589 1206 4670 qnod
1232 4586 1346 4649 decimo
1376 4583 1443 4646 loco

112 4689 158 4753 pro
174 4679 396 4746 confirmatione
411 4679 483 4744 laxa
497 4701 583 4744 meas
599 4683 714 4745 formae
729 4696 877 4761 usurpare
891 4697 1028 4760 possum,
1048 4679 1080 4741 in
1095 4696 1155 4759 qua
1168 4677 1274 4740 itidem
1290 4671 1444 4736 novilunia

114 4781 218 4830 sursum
232 4769 371 4834 deorsum
385 4777 635 4852 transponuntur.
650 4803 695 4815 -
719 4762 776 4850 ll)
791 4769 899 4832 Eidem
918 4769 986 4832 usui
1000 4768 1184 4832 Plutarchus
1204 4763 1292 4826 nobis
1308 4780 1442 4824 commc-

115 4851 189 4919 drbit
202 4857 324 4941 eclipsin
338 4859 448 4924 Lunae
464 4861 503 4924 ad
519 4859 726 4943 Gaugamela
751 4857 869 4923 scilicet
883 4865 918 4922 ιιι
932 4857 1055 4940 prohat,
1077 4855 1157 4940 quod
1171 4852 1291 4934 utrique
1306 4857 1443 4916 nostrum
