3412 5538
206 223 364 340 «1161
460 277 465 301 ¹
661 287 1156 356 literaeKsplerisllorumqusmntuee

236 433 409 515 huiusmodi
430 451 491 496 non
505 432 635 497 libenter
650 431 740 510 aliem
749 431 828 513 juris
842 431 961 496 fecerit:
985 450 1041 513 ego
1064 438 1167 496 tanim
1188 431 1226 494 de
1239 429 1366 511 magnit
1380 427 1466 506 ’1555
1481 425 1579 490 beno-

235 523 373 587 volentia
386 523 512 586 meliora
526 539 624 604 spero.
652 521 767 585 Lectus
782 521 875 603 igitur
889 521 1014 584 aboleas
1029 539 1112 601 rogo.

187 623 190 640 ·
322 612 371 676 De
387 612 496 674 studiis
510 609 636 692 Magnis.
651 611 734 673 Tuae
745 610 907 691 jucundior
922 611 981 674 erit
996 610 1128 674 collatio.

171 735 175 745 ·
323 701 457 777 Memini,
473 709 505 762 te
521 699 675 762 difficilem
690 700 740 763 diu
755 700 848 765 fuisse
863 699 895 764 in
909 699 1084 781 recipienda
1099 697 1254 763 sententia
1267 695 1418 761 Dcclrerii.
1442 691 1583 758 Tandem

236 791 330 873 igitur
345 789 402 854 tibi
417 788 562 871 gratulor,
578 795 610 850 te
625 787 737 853 victum
753 809 829 852 esse.
852 789 949 870 Atqui
964 790 1057 852 semel
1068 787 1210 862 admisso,
1225 786 1381 852 Christum
1395 803 1465 848 esse
1475 789 1583 846 natum

237 887 309 946 ants
326 878 397 942 5551
411 878 525 943 1511551
540 877 592 942 43.
608 877 734 954 initium,
744 878 809 958 jam
823 896 913 959 porro
929 877 985 941 tibi
1000 897 1094 941 causa
1108 878 1191 941 nulla
1204 883 1265 952 est,
1281 893 1333 939 cur
1347 874 1436 939 malis
1452 872 1507 936 42.
1523 889 1581 952 55-

236 971 297 1034 tius
319 988 408 1051 quem
423 967 474 1032 41.
496 974 601 1030 natum
623 973 767 1030 statuere.
802 968 873 1030 Jarn
896 967 974 1030 enirn
990 967 1156 1030 diocesem
1171 973 1221 1028 εει
1235 987 1255 1029 5
1271 966 1311 1029 1).
1330 965 1433 1028 15555
1456 979 1582 1026 numero

236 1059 280 1123 30
304 1075 457 1120 annorum
493 1055 616 1120 Etenim
636 1056 754 1119 initium
767 1056 1073 1139 loannis-Baptistae
1094 1053 1330 1138 praedicationis
1352 1055 1383 1116 in
1401 1051 1451 1117 15.
1468 1047 1584 1115 Tiberii

237 1148 402 1223 confertur,
425 1145 475 1229 qui
491 1153 540 1208 est
553 1145 692 1208 Julianus
707 1141 758 1209 73.
796 1145 936 1208 Christus
952 1146 1044 1228 igitur
1062 1145 1236 1226 baptisatus
1252 1152 1301 1208 est
1318 1143 1367 1206 vel
1388 1142 1514 1206 51155.
1530 1157 1582 1201 se·

237 1244 348 1319 quante
364 1235 414 1298 vel
430 1235 537 1299 6155.
554 1235 625 1296 anni
641 1229 690 1297 74
721 1235 800 1298 Nam
818 1235 924 1298 l.Jan.
940 1236 1011 1298 anni
1027 1230 1078 1298 73.
1093 1235 1163 1298 iniit
1179 1234 1228 1298 15.
1238 1233 1359 1306 liberii,
1381 1249 1455 1312 ergo
1472 1228 1583 1292 6155.

237 1325 372 1406 ejusdem
387 1318 438 1388 73.
459 1343 520 1388 555
535 1323 641 1388 statim
656 1323 743 1386 affuit
757 1322 898 1388 Christus
921 1325 1001 1406 apud
1022 1324 1220 1406 baptismum3
1243 1323 1296 1386 vix
1316 1321 1396 1385 enim
1417 1318 1581 1402 quatriduo

236 1414 434 1478 concionatus
450 1421 548 1476 antea
569 1411 679 1476 inisset
698 1413 850 1486 Joannes,
881 1420 913 1476 ει
933 1413 1096 1478 verisimile
1118 1421 1179 1488 est,
1201 1412 1233 1476 in
1254 1413 1335 1476 iesto
1358 1410 1502 1474 tubarum
1533 1406 1584 1469 vel

234 1503 498 1578 tabernaculorum
513 1501 545 1564 15
560 1501 681 1564 deserto
696 1501 845 1584 incepisse
854 1503 1004 1565 loannem
1020 1519 1087 1566 curn
1101 1502 1188 1566 initio
1203 1500 1370 1575 novi-anni,
1385 1517 1475 1582 quem
1490 1495 1582 1580 paule

234 1599 307 1676 post
323 1591 464 1657 Christus
480 1609 519 1654 ex
531 1590 629 1671 Esaja
650 1609 760 1654 aunum
776 1592 994 1672 acceptabilem
1009 1591 1140 1655 Domino
1159 1591 1347 1676 pronunciat
1382 1585 1582 1668 51555515-

235 1701 330 1746 annes
352 1681 459 1762 incipit
481 1699 560 1743 anno
576 1675 627 1743 73.
643 1679 830 1762 Septembri,
853 1679 995 1745 Christus
1016 1700 1088 1744 vero
1112 1681 1152 1744 ad
1165 1679 1349 1762 baptismum
1369 1676 1455 1742 venit
1475 1674 1583 1739 eodem

236 1767 288 1836 73.
297 1769 462 1834 Novembri
478 1769 527 1832 vel
542 1764 593 1832 74.
602 1770 758 1845 ianuario,
772 1776 863 1832 natus
878 1789 951 1833 vero
967 1778 1016 1833 est
1031 1777 1160 1834 exeunte
1176 1770 1233 1833 42:
1258 1787 1330 1850 ergo
1351 1787 1447 1832 annos
1463 1764 1505 1829 31
1523 1765 1582 1826 bs-

235 1861 303 1923 bnit
317 1861 385 1941 plus
401 1860 450 1922 vel
465 1859 562 1922 minus
577 1877 636 1922 555
646 1877 758 1921 mense.
783 1859 889 1934 Vides,
909 1866 941 1922 te
957 1860 1027 1924 aD.
1037 1859 1139 1924 Lucae
1155 1859 1284 1925 rotundo
1299 1875 1423 1922 numero
1433 1855 1500 1936 jam
1516 1853 1582 1916 dis-

236 1948 376 2012 cessisse.
421 1948 505 2012 Nihil
524 1947 618 2028 igitur
632 1946 792 2029 impediat,
816 1945 939 2012 Chi-isto
954 1949 1110 2031 baptisato
1126 1950 1169 2014 32
1190 1947 1299 2012 55133
1321 1947 1454 2012 tribuere
1476 1962 1583 2008 annos

234 2037 278 2104 Et
293 2038 363 2120 quia
378 2037 417 2100 ad
433 2037 561 2118 eclipses
576 2055 735 2118 provocas,
751 2056 788 2100 en
803 2037 881 2100 illas.
911 2038 1114 2102 blannducam
1130 2047 1232 2102 autem
1247 2038 1337 2100 fidem
1351 2043 1445 2112 tuam,
1468 2053 1506 2096 ne
1522 2031 1582 2094 mei

238 2127 346 2190 'calculi
361 2145 452 2190 caeco
469 2125 620 2190 affirmato
634 2125 752 2190 nitaris
797 2125 884 2189 Satis
899 2125 931 2189 in
946 2129 1085 2191 confesso
1103 2136 1152 2191 est
1167 2127 1321 2202 omnibus,
1342 2143 1421 2188 anno
1438 2121 1582 2187 451511-

236 2236 295 2280 ano
311 2214 340 2280 9.
348 2215 487 2281 ianuarii
501 2223 594 2278 noctu
607 2215 706 2278 visam
720 2233 788 2278 esse
803 2215 907 2278 Lunae
924 2217 1049 2298 eclipsin
1066 2216 1201 2280 totalem
1222 2216 1254 2280 ls
1269 2235 1366 2280 annus
1375 2222 1425 2277 est
1439 2221 1475 2276 ut
1485 2229 1583 2276 annus

237 2305 390 2370 aObristo
406 2311 479 2367 nato
491 2303 585 2378 1610,
600 2303 650 2386 qui
666 2305 759 2368 etiem
772 2305 867 2368 babet
882 2306 1006 2387 eclipsin
1021 2306 1052 2370 in
1067 2306 1096 2371 0.
1105 2305 1253 2382 ianuarii,
1266 2299 1328 2368 etsi
1343 2323 1404 2368 non
1420 2302 1501 2384 apud
1516 2319 1583 2374 nos,

236 2395 292 2457 sed
314 2394 395 2476 apud
417 2393 588 2476 antipodas.
632 2392 703 2456 Jam
724 2393 876 2460 novilunia
898 2396 1021 2458 etnodi
1051 2396 1218 2478 aequaliter
1240 2401 1365 2458 currunt
1385 2399 1418 2455 et
1436 2389 1528 2456 hodie
1551 2396 1584 2452 et

237 2484 316 2546 olim
360 2483 403 2546 Et
424 2483 494 2564 qnia
514 2481 621 2546 totalis
637 2483 759 2564 eclipsis
774 2483 1051 2560 5551555555,
1073 2485 1155 2549 nulls
1170 2485 1262 2567 igitur
1277 2491 1384 2567 potest
1403 2501 1439 2544 eo
1454 2499 1537 2544 anno
1552 2480 1584 2542 in

237 2573 413 2648 Februario,
428 2571 551 2648 Martio,
564 2571 666 2653 Aprili
681 2573 831 2654 vslMajo.
862 2573 1033 2638 Retrooede
1048 2575 1080 2637 in
1097 2573 1190 2650 1609,
1206 2575 1256 2656 qui
1272 2573 1488 2656 aequiparatur
1503 2587 1584 2632 anno

117 2707 122 2716 -
140 2701 143 2720 .
237 2661 290 2726 44.
302 2662 434 2736 1511555,
450 2661 542 2724 cadet
555 2661 649 2741 igitur
662 2661 857 2742 plenilunium
871 2663 902 2724 in
918 2664 1060 2740 20.155.;
1078 2665 1199 2786 eclipsis
1214 2670 1335 2746 epacta,
1351 2661 1461 2743 quippo
1479 2657 1587 2734 11,55
1684 2683 1695 2700 ..

237 2751 267 2818 9.
276 2752 345 2816 155.
360 2749 477 2822 addita,
495 2750 590 2813 ellicit
604 2752 655 2814 20.
665 2751 811 2815 Januarii.
840 2752 925 2816 ‘lunc
935 2751 988 2816 Sol
1004 2760 1053 2816 est
1067 2753 1100 2817 in
1117 2754 1132 2816 1
1168 2751 1373 2830 5.,1155515
1391 2745 1471 2826 110,
1486 2747 1586 2811 nodus

231 2841 298 2924 jam
319 2835 411 2903 1571
434 2843 473 2915 tl:
503 2845 610 2922 potest
632 2840 807 2920 contingere
828 2841 963 2922 eclipsis,
992 2843 1046 2906 ssd
1067 2841 1222 2925 partialis,
1244 2843 1327 2905 nulla
1349 2846 1421 2904 ante
1443 2838 1493 2902 vel
1514 2843 1588 2919 post

236 2948 331 3011 usque
353 2935 427 3011 post
441 2928 564 3009 Maium.
593 2927 726 2992 Rursum
750 2929 787 2990 11
813 2929 852 2992 ad
874 2931 1002 2995 20155.
1017 2931 1131 2995 5551ιί5
1153 2929 1324 2996 oste'nditur
1345 2931 1397 2993 31.
1414 2927 1588 2992 15515555

236 3017 392 3102 plenilunii
409 3036 489 3080 anno
507 3016 600 3092 1608,
616 3017 665 3080 551
679 3017 818 3081 Julianus
838 3018 890 3081 43.
911 3027 960 3082 est
981 3020 1095 3084 similis.
1130 3022 1227 3102 Atqui
1247 3041 1283 3082 eo
1299 3021 1348 3084 die
1364 3017 1517 3101 oppositio
1538 3021 1590 3079 est

237 3109 269 3170 in
288 3103 346 3171 11⁰
363 3111 397 3182 0,
412 3106 508 3168 nodus
523 3101 631 3169 15251
647 3109 687 3182 Q?
710 3107 793 3169 nulla
809 3107 938 3188 eclipsis.
973 3107 1110 3192 Sequens
1129 3128 1202 3172 vero
1221 3108 1418 3191 plenilunium
1435 3103 1590 3179 11451511,

238 3204 271 3258 ει
286 3195 318 3259 15
336 3191 394 3259 111
409 3205 451 3281 tp,
466 3193 610 3258 5555515
625 3189 686 3260 23·
704 3200 743 3272 Ως
766 3197 981 3260 rursumnulla
996 3199 1125 3280 eclipsis.
1170 3198 1263 3262 Nulla
1278 3199 1380 3279 igitur,
1400 3215 1498 3278 neque
1515 3201 1589 3257 ante

239 3304 336 3368 neque
352 3291 433 3367 post,
448 3283 479 3348 in
494 3284 553 3348 boc
569 3285 718 3349 semestri.
753 3285 797 3348 Et
819 3285 964 3368 quiajam
982 3287 1008 3350 l.
1018 3289 1123 3352 Martii
1137 3286 1232 3350 habet
1253 3288 1377 3370 propius
1392 3285 1591 3367 plenilunium

239 3375 338 3449 nodo,
359 3393 475 3438 rursum
499 3373 578 3436 addo
603 3374 653 3451 11,
669 3382 790 3437 creatur
808 3376 856 3439 12.
870 3375 984 3438 Martii.
1020 3377 1109 3442 Anno
1125 3377 1217 3459 igitur
1235 3370 1328 3451 1607,
1349 3376 1399 3458 qui
1415 3374 1524 3438 similis
1540 3380 1593 3435 est

241 3464 364 3528 Juliano
380 3463 433 3539 42,
451 3463 500 3526 12.
508 3464 614 3528 Martii
631 3464 804 3527 ostenditur
820 3465 858 3528 ab
875 3473 985 3546 aptota
1000 3466 1089 3530 sedes
1103 3465 1269 3548 plenilunii.
1298 3464 1431 3546 Eclipsis
1446 3461 1592 3547 partialis

105 3623 112 3634 ,
239 3553 300 3617 fuit
318 3553 480 3616 13.Martii
499 3547 597 3628 1607,
620 3553 677 3616 luit
693 3549 786 3616 etiam
810 3554 859 3617 13.
873 3551 979 3618 Martii
1000 3555 1069 3619 anni
1084 3551 1197 3619 Juliani
1219 3554 1271 3620 42.
1291 3573 1379 3617 mane
1394 3562 1470 3635 post
1483 3553 1591 3616 horam

243 3643 367 3706 tertiam
389 3662 409 3704 a
428 3641 529 3714 media
543 3649 633 3705 nocte
648 3642 882 3725 Hierosolymis,
904 3663 998 3725 eaque
1014 3643 1034 3707 6
1050 3644 1146 3708 minus
1167 3644 1337 3726 digitorum.
1381 3643 1478 3708 Nulla
1497 3642 1592 3724 igitur

248 3729 308 3812 boc
323 3731 464 3794 semestri
479 3738 551 3794 ante
567 3731 616 3794 vel
631 3739 704 3814 post
720 3731 770 3796 13.
778 3732 893 3796 Martii.

508 3843 588 3895 sono
603 3839 649 3895 45.
666 3839 815 3896 renum
828 3839 936 3912 5555
950 3839 1074 3910 partialis
1089 3841 1106 3895 5
1121 3823 1273 3913 551555.

545 3961 559 3986 ,,
601 3919 649 3976 ⁴3.
662 3919 740 3976 nulla
753 3920 860 3993 eclipsis
875 3915 1063 3988 3115555511,
1080 3921 1213 3978 11155ιί1.
1326 3927 1332 3939 “

544 4043 558 4068 ,,
588 4001 647 4056 .44.
661 4001 769 4072 55115515
781 4001 907 4072 partialis
919 4016 1008 4071 porra
1020 4001 1139 4059 20155.
1153 4001 1224 4058 inira
1237 4003 1357 4059 Terram.

546 4120 561 4146 ,
602 4080 649 4136 45.
662 4081 771 4152 eclipsis
784 4081 878 4136 totsbe
893 4081 990 4164 0155.

336 4177 443 4243 Habes
457 4177 602 4258 eclipses:
619 4178 713 4259 eliges
729 4179 792 4241 scio
808 4177 919 4242 annum
933 4179 985 4254 42,
1000 4179 1050 4261 qui
1059 4173 1240 4243 eramussim
1255 4178 1395 4260 congruit
1408 4195 1477 4240 cum
1487 4197 1594 4242 nume-

251 4270 371 4336 ratione
386 4265 522 4348 Josepbi,
538 4274 570 4328 et
586 4285 663 4348 quae
678 4267 736 4330 luit
749 4268 885 4350 proxime
901 4275 973 4330 ante
987 4269 1104 4349 pascha
1127 4269 1177 4332 11.
1191 4269 1324 4350 Aprilis3
1347 4267 1378 4330 id
1394 4267 1476 4352 enim
1491 4276 1594 4332 tasta-

253 4369 303 4423 tur
317 4357 408 4420 lectio
417 4356 545 4438 Josephi
561 4357 598 4418 dc
613 4355 865 4449 morboHercdis.
889 4353 1005 4427 Quodsi
1021 4365 1113 4420 antea
1127 4357 1207 4424 vinci
1222 4367 1253 4420 te
1268 4376 1376 4439 passus
1392 4375 1427 4420 es
1443 4359 1595 4422 eDecke·
1650 4429 1652 4432 ¹

254 4449 308 4523 ric,
323 4453 359 4510 ut
373 4445 522 4521 crederes,
538 4443 693 4508 Christum
707 4453 812 4508 natum
827 4465 906 4508 anno
921 4446 1102 4510 421511555
1118 4447 1248 4522 finiente,
1259 4447 1324 4527 jam
1339 4452 1371 4509 ει
1385 4447 1472 4510 55515
1487 4467 1597 4512 manus

256 4539 309 4613 da,
330 4545 366 4599 5ι
387 4534 494 4597 credas
516 4540 621 4598 natum
642 4542 714 4597 ante
735 4534 854 4600 initium
875 4535 946 4598 anni
961 4535 1004 4598 42
1011 4554 1021 4612 ;
1044 4535 1196 4600 imovero
1219 4543 1291 4600 ante
1311 4533 1430 4598 initium
1450 4538 1524 4600 anni
1539 4537 1596 4599 41:

154 4621 156 4634 '
257 4625 337 4708 quod
359 4625 403 4689 sic
424 4623 527 4705 probo.
572 4623 755 4688 Saturninus
771 4623 927 4690 Christum
946 4625 1053 4690 retulit
1073 4624 1104 4687 in
1126 4625 1388 4700 tabulas‘census,
1410 4624 1598 4690 Saturninus

258 4733 331 4778 vero
353 4713 487 4782 decessit
508 4713 545 4776 de
566 4713 722 4794 provincia
740 4714 864 4778 finiente
886 4733 965 4778 anno
986 4714 1044 4789 41,
1065 4714 1199 4794 proxime
1220 4722 1292 4778 ante
1312 4715 1441 4778 mortem
1455 4714 1598 4780 Herodis

259 4803 341 4868 Nam
353 4805 456 4868 Varus
470 4809 543 4868 tunc
558 4809 627 4867 erat
642 4821 709 4866 cum
722 4803 854 4880 Herode,
869 4822 1027 4868 successor
1040 4803 1165 4868 veniens
1179 4803 1354 4870 Saturnino.
1382 4804 1431 4870 Δι
1444 4823 1507 4870 nou
1520 4805 1599 4868 bene
