3310 5538
233 301 256 369 4
757 349 758 358 ¹
822 325 983 378 Prooemium.

320 465 368 530 De
392 463 581 532 calendariis
597 468 790 550 quaestiones
806 487 969 550 aggressus
989 475 1039 536 eet
1052 469 1179 550 primum
1200 467 1298 532 literis
1320 466 1359 530 ad
1374 465 1580 530 Maestlinum

231 553 329 629 datis,
351 573 368 616 e
384 556 490 636 quibus
506 557 613 632 elucet,
628 559 789 620 inclinasse
804 558 967 639 Keplernm
983 559 1022 620 ad
1038 556 1242 640 accipiendum
1258 554 1471 626 calendarium
1488 553 1578 617 cre-

231 643 395 722 gorianum.
442 644 504 709 cur
523 665 595 710 vero
617 647 659 710 nil
675 648 712 709 de
727 645 789 710 ista
802 666 835 710 re
851 648 882 710 11
896 647 1046 729 publicum
1061 645 1203 720 emiserit,
1220 645 1308 708 facile·
1323 645 1484 727 apparebit
1498 663 1579 724 per-

231 730 567 816 pendentibus,.quam
589 736 753 800 obstinatis
779 737 885 799 animia
910 736 1046 800 homiues
1067 735 1262 799 Lutherauae
1283 735 1427 797 formulae
1456 732 1579 796 addicti

231 839 340 884 novum
356 821 569 887 calendarium
583 826 799 901 recusaverint.¹
843 825 986 906 ceterum
1007 826 1102 889 refert
1115 823 1288 888 Hanschius
1308 824 1339 886 11
1354 823 1419 886 vita
1433 821 1578 904 Kepleri,

231 909 404 992 Keplerum,
423 932 489 976 cum
505 933 583 976 anuo
602 913 685 978 1613
703 915 741 976 ab
756 916 943 997 Irnperatore
957 915 1093 978 Matthia
1108 913 1231 977 comitia
1246 912 1362 994 imperii
1377 911 1578 976 Ratisbonae

230 1008 335 1063 esseut
349 1001 479 1078 indicta,
500 1003 531 1066 11
547 1003 653 1084 quibus
668 1003 749 1067 inter
770 1004 831 1067 alia
853 1005 890 1066 de
910 1005 1125 1068 reformatione
1142 1002 1315 1067 calendarii
1339 1001 1578 1064 consultandum

229 1097 306 1163 erat,
320 1109 376 1171 per
390 1092 521 1172 speciale
537 1093 712 1156 mandatum
728 1088 772 1174 (d.
788 1093 816 1157 d.
832 1093 967 1156 111111.
985 1093 1078 1169 1612,
1093 1085 1229 1173 Vienna)
1246 1091 1354 1156 adesse
1365 1091 1485 1172 jussum
1501 1109 1579 1152 esse

229 1177 269 1238 ad
284 1179 312 1240 d.
328 1179 379 1241 24.
388 1181 513 1261 Aprilis.
550 1182 720 1258 „Ascendit
732 1183 867 1264 itaque“,
881 1183 983 1263 pergit
996 1182 1178 1256 Hanscbius,
1196 1181 1246 1258 ,in
1261 1180 1407 1243 comitatu
1424 1177 1579 1244 caesaris
1597 1211 1603 1224 .

227 1266 441 1345 Ratiabouam,
457 1277 521 1332 tum
536 1271 615 1333 curis
631 1272 871 1346 connubialibus,
891 1279 955 1334 tum
971 1272 1039 1334 aliis
1055 1271 1185 1352 negotiis
1201 1270 1241 1333 ad
1256 1268 1430 1344 calendarii
1446 1287 1578 1351 correc-

228 1356 340 1420 tionem
356 1359 565 1439 spectantibus
588 1353 664 1443 (qua
686 1361 723 1422 de
739 1379 771 1423 re
797 1359 996 1441 ,Dialogum“
1020 1360 1168 1442 prolixum
1191 1360 1230 1421 ad
1250 1359 1412 1422 editionem
1426 1365 1578 1440 paratum

226 1441 362 1528 reliquit)
378 1448 423 1510 ita
439 1448 613 1526 distractus,
628 1459 664 1512 nt
679 1451 881 1513 astronomiae
896 1451 986 1532 plane
1003 1449 1093 1514 buerit
1107 1447 1250 1512 oblitus“.
1409 1440 1411 1451 ⁴

315 1533 461 1606 Quamvis
483 1538 541 1600 hac
564 1539 601 1600 de
624 1559 716 1602 eausa
730 1539 879 1621 Keplerus
902 1539 976 1602 nihil
998 1539 1035 1601 de
1050 1537 1263 1601 reformatione
1280 1534 1469 1612 calendarii,
1493 1553 1580 1618 quae
1637 1559 1638 1566 ¹

225 1625 443 1706 tumtemporis
453 1627 564 1690 multos
584 1628 725 1709 agitabat
744 1627 905 1704 cumalios,
920 1637 984 1691 tum
991 1629 1073 1691 viros
1083 1627 1214 1708 Keplero
1225 1625 1431 1700 amicissimos,
1445 1626 1578 1688 Maest-

225 1713 319 1776 linum
333 1723 367 1778 et
381 1714 637 1792 Hafenrefferum,
659 1718 877 1799 inprimendum
892 1719 1027 1793 curaret,
1051 1724 1153 1780 tamen
1169 1735 1235 1778 eam
1255 1715 1352 1797 ipsam
1367 1715 1405 1776 ob
1421 1732 1488 1776 rem
1504 1733 1525 1775 e
1543 1733 1578 1776 re

224 1802 311 1865 nobis
326 1823 395 1864 esse
410 1804 544 1880 videtur,
564 1805 705 1888 operibns
719 1807 843 1888 Kepleri
859 1805 1079 1887 chronologicis
1095 1805 1242 1888 quaedam
1262 1805 1300 1868 (11
1317 1803 1501 1869 calendario
1521 1821 1577 1865 re-

224 1893 354 1954 formato
369 1895 575 1973 praemittere,
591 1896 637 1969 iis,
653 1915 730 1977 quae
745 1896 811 1977 ipse
828 1896 937 1960 dehac
954 1915 987 1958 re
1003 1895 1075 1976 egit,
1091 1895 1212 1957 additis.

312 1982 491 2045 Astronomi
514 2003 574 2046 sec.
596 1984 683 2048 XVI.
704 2003 765 2048 non
786 1985 983 2066 ignorabant,
1012 1984 1118 2065 quibus
1140 1983 1257 2064 mendis
1279 1989 1313 2045 et
1334 1979 1577 2046 difficultatibus

222 2071 405 2151 procedente
435 2078 571 2154 tempore
599 2074 697 2154 magis
723 2074 878 2156 magisque
908 2072 1131 2154 emergentibus
1154 2071 1368 2136 calendarium
1397 2070 1595 2152 antiquitus*

222 2159 369 2222 traditum
383 2161 547 2224 laboraret.
583 2162 699 2226 Veram
714 2171 881 2246 temporum
895 2164 1044 2226 rationem
1060 2181 1148 2243 quum
1163 2161 1352 2243 opinionibus
1367 2159 1485 2222 usitato
1502 2159 1576 2222 Oa-

220 2248 357 2311 11111111
373 2250 496 2312 traditis
519 2269 610 2332 saepe
626 2271 794 2333 repugnare
816 2253 971 2327 viderent,
994 2252 1103 2314 dudum
1124 2251 1161 2314 de
1178 2250 1364 2314 emendando
1382 2247 1576 2312 calendario

221 2337 410 2418 cogitantes,
433 2339 494 2402 alia
509 2348 600 2422 atque
616 2341 678 2404 alia
693 2342 878 2416 suadebant,
900 2341 996 2404 donec
1017 2339 1219 2421 Gregorius
1241 2339 1386 2402 Pontifex
1407 2338 1575 2400 Romanum

221 2425 354 2490 dissecto
369 2429 449 2492 uodo
465 2448 610 2492 novarum
632 2432 905 2495 controversiarum
927 2437 1034 2494 auctor
1055 2430 1212 2492 existeret.
1256 2429 1390 2490 Petrus
1404 2426 1577 2500 Pitatus,

219 2515 416 2593 Veronensis,
432 2519 587 2600 professor
601 2520 836 2610 mathematicae
851 2521 883 2588 iu
899 2519 1056 2582 academia
1069 2518 1293 2581 Philarmonica
1308 2517 1384 2580 med.
1402 2535 1468 2578 sec.-
1478 2515 1578 2578 XVI.

220 2607 432 2670 astronomicis
455 2617 488 2670 et
512 2610 705 2690 astrologicis
728 2610 836 2673 studiis
858 2610 1014 2685 addictus,
1042 2627 1097 2690 pro
1119 2607 1198 2670 virili
1213 2614 1302 2688 parte
1325 2604 1577 2680 difficultatibus,

165 2689 170 2708 ¹
219 2714 294 2776 quas
312 2695 525 2760 calendarium
539 2697 693 2761 ι1111111111
714 2699 897 2762 astronomis
912 2697 1051 2772 afferret,
1074 2714 1230 2760 occurrere
1247 2691 1374 2758 conatus
1390 2711 1576 2776 summoque

219 2783 344 2846 adrem
367 2785 564 2850 dirimendam
594 2787 695 2850 studio
718 2804 879 2863 accensus,
906 2787 988 2856 haud
1015 2785 1175 2848 mediocris
1201 2783 1314 2865 ingenii
1343 2790 1376 2845 et
1404 2783 1575 2846 doctrinae

219 2874 385 2953 specimina
400 2874 510 2948 edidit,
532 2883 567 2938 11
583 2894 658 2957 opus
681 2875 745 2955 ejus
768 2871 1001 2958 (compendium
1023 2893 1114 2956 super
1134 2891 1235 2938 annua
1250 2873 1368 2936 Solaria
1390 2879 1484 2954 atque
1500 2872 1575 2934 Lu-

122 3001 126 3014 ·
218 2962 302 3024 naris
317 2963 507 3045 quantitate,
527 2964 690 3028 Paschalis
711 2964 786 3040 item
808 2965 1001 3028 solennitatis
1019 2962 1111 3043 juxta
1131 2972 1252 3027 veteres
1269 2961 1415 3026 ecelesiae
1430 2979 1576 3024 canones

218 3051 434 3131 recognitione,
449 3051 637 3134 Romanique
655 3052 828 3116 calendarii
843 3053 1072 3116 instauratione.
1087 3052 1230 3116 Veronae
1248 3045 1348 3132 1660)
1364 3050 1445 3114 haud
1460 3049 1574 3132 iudig-

217 3157 288 3201 num
308 3149 406 3215 esset,
430 3141 513 3222 cujus
536 3142 576 3203 ad
593 3141 762 3223 exemplum
778 3141 945 3223 Gregorius
961 3162 1017 3204 sua
1032 3149 1166 3206 mutaret
1181 3149 1214 3204 et
1227 3141 1433 3215 confirmaret,
1455 3157 1574 3220 quam·

218 3247 322 3310 quam,
340 3237 377 3292 ut
392 3249 469 3311 quae
485 3231 570 3310 ope'ri
585 3231 707 3294 inerant
721 3232 802 3295 bona
816 3239 871 3295 aut
885 3251 945 3296 nou
960 3231 1156 3312 vulgarentur
1171 3238 1225 3293 aut
1235 3230 1320 3310 justo
1335 3229 1433 3292 minus
1448 3229 1573 3308 proba-

216 3325 337 3392 rentur,
359 3317 470 3382 fusiore
487 3319 651 3401 eodemque
666 3321 855 3402 impeditiore
878 3321 996 3384 dicendi
1019 3339 1128 3402 genere
1151 3321 1264 3385 factum
1286 3337 1354 3382 ease
1376 3316 1483 3398 negari
1504 3336 1574 3381 non

216 3413 329 3488 potest.
373 3407 429 3470 Ille
446 3408 566 3490 quidem
580 3409 759 3472 Pontificem
774 3411 816 3474 Μ.
831 3411 918 3474 Pium
932 3411 987 3474 IV.
1003 3410 1155 3492 appellat,
1176 3416 1212 3472 ut
1228 3407 1441 3472 calendarium
1455 3425 1571 3470 emen-

217 3496 283 3558 dari
298 3496 422 3576 jubeat,
447 3505 501 3575 ,ut
522 3499 604 3579 vulgi
626 3500 878 3584 murmurationes
901 3499 1075 3574 sustuleris,
1096 3499 1305 3562 Hebraeorum
1323 3495 1572 3560 blacteratioues

216 3585 382 3648 obtrudas“
400 3587 453 3650 duc.
496 3585 605 3664 „Quod
619 3595 653 3651 tu
669 3590 756 3652 annis
771 3589 819 3652 his
836 3589 951 3652 duobus
970 3586 1063 3664 1661,
1081 3586 1165 3651 1662
1181 3587 1286 3650 diebus
1302 3593 1419 3667 septem
1434 3585 1467 3648 iu
1483 3605 1572 3648 anno

136 3677 145 3685 “
215 3693 232 3735 e
247 3675 400 3740 mensibus
416 3676 545 3740 totidem
561 3678 681 3744 'dierum
696 3679 736 3742 31
756 3678 945 3742 clandestine
968 3686 1001 3740 et
1015 3677 1123 3740 furtice
1139 3677 1287 3758 surreptis
1308 3676 1428 3738 edicere
1443 3676 1572 3755 poteris

215 3769 248 3826 et
278 3764 315 3826 de
347 3785 426 3830 anno
460 3765 545 3830 1600
582 3787 619 3829 ac
650 3767 773 3850 reliquis
804 3767 940 3831 centenis
971 3767 1024 3829 111.
1062 3785 1164 3830 curam
1193 3765 1326 3847 posteris
1356 3764 1572 3846 relinquens“.

213 3853 235 3915 J
240 3871 266 3914 ο.
283 3852 437 3918 Stadios
461 3849 507 3937 (11
523 3856 636 3920 tabulis
650 3857 864 3937 B'ergensibus.
895 3855 959 3920 col.
979 3850 1094 3936 1660),
1116 3856 1241 3918 Barth.
1257 3853 1570 3917 Schoeubornius

215 3935 262 4024 (11
278 3940 427 4025 computo
448 3945 661 4008 astronomico.
690 3939 1244 4027 1117111111.1667),.11.Ρ1(111111,
1265 3943 1362 4015 Pitati
1384 3941 1570 4022 discipulus,

213 4029 402 4094 Veronensis
418 4028 465 4115 (11
480 4033 634 4098 Viridario
649 4035 944 4098 Mathematicorum.
973 4031 1052 4098 Vsu.
1070 4029 1170 4116 1663)
1194 4032 1303 4114 aliique
1325 4031 1415 4096 simili
1430 4051 1492 4113 qua
1506 4032 1569 4094 Pi-

214 4126 299 4182 tatus
320 4121 439 4186 ratione
463 4123 705 4188 emendationem
727 4125 944 4190 desiderabant
959 4121 1133 4188 calendarii
1151 4122 1280 4198 Juliani,
1302 4129 1334 4184 et
1354 4121 1570 4202 implorabant

213 4208 266 4271 alii
287 4209 461 4292 Principes,
483 4212 534 4275 alii
551 4213 745 4289 Pontificem,
766 4221 802 4276 ut
823 4213 851 4276 J.
869 4213 1012 4278 caesaris
1035 4211 1171 4293 exemplo
1195 4211 1266 4275 anni
1287 4211 1438 4274 rationem
1453 4229 1567 4273 emen-

213 4297 331 4362 darent.
370 4299 616 4365 Scboenbomius
637 4303 728 4385 quasi}
743 4303 910 4384 desperans
932 4303 1031 4366 addit:
1054 4302 1170 4365 Verum
1185 4302 1222 4365 de
1237 4301 1285 4364 his
1300 4299 1450 4383 inquirere
1467 4307 1568 4382 atque

212 4389 271 4451 hoc
285 4389 374 4452 modo
391 4389 540 4455 disserere
556 4390 671 4454 licitum
686 4399 735 4454 est
749 4392 782 4455 in
798 4392 919 4468 scholis,
935 4411 1058 4474 sperare
1074 4398 1176 4454 autem
1190 4389 1430 4454 emendationem
1440 4389 1567 4470 justam

211 4477 271 4540 hoc
286 4473 411 4565 dpooop
427 4486 460 4540 et
474 4479 586 4544 infelici
603 4479 704 4543 seculo
727 4488 760 4543 et
782 4481 864 4546 tristi
884 4501 984 4545 rerum
1003 4481 1134 4545 omnium
1153 4479 1326 4542 coufirsioue
1345 4479 1400 4542 vix
1417 4495 1565 4560 uuquam.
1633 4483 1636 4489 '

94 4611 96 4621 .
211 4565 389 4650 Aloysius
409 4569 543 4645 Lilius,
566 4569 762 4633 calabrensis
784 4571 918 4634 medicus
942 4579 975 4634 et
994 4569 1243 4645 mathematicus,
1266 4568 1447 4649 Gregorio
1469 4569 1565 4632 xm.

212 4654 352 4722 Pontifici
367 4657 505 4721 Romarm
520 4659 720 4728 ,restaurandi
737 4659 913 4724 Calendsrii
934 4661 1084 4724 rationem
1106 4660 1278 4741 proposuit,
1300 4677 1389 4740 quam
1412 4675 1481 4720 cum
1503 4677 1565 4738 per

213 4743 290 4807 alios
304 4747 537 4811 mathematicos
550 4748 707 4812 Romanos
723 4744 755 4831 (1
760 4750 910 4830 gnatius
924 4751 1047 4826 Danti,
1062 4749 1126 4814 ord.
1141 4747 1173 4812 S.
1183 4747 1342 4823 Dominici,
1355 4766 1485 4829 praeses
1500 4747 1565 4811 fuit

216 4833 334 4899 11111111
349 4837 380 4900 11
395 4835 474 4904 hunc
488 4839 578 4902 finem
593 4833 769 4922 convocati)
786 4846 850 4904 tum
864 4859 920 4922 per
936 4839 1243 4921 christophorum
1257 4835 1443 4916 clavium,
1458 4837 1562 4902 Bam-
