3412 5538
591 325 623 381 a·
636 321 712 380 555
724 321 910 396 emorousae
943 365 947 390 ,
1364 317 1423 386 tot

104 467 386 556 155555155515515
403 465 459 544 15,
481 467 590 552 quibus
603 466 695 538 Luna
716 467 752 534 ht
772 471 870 535 555155
890 471 1034 540 vicesima
1060 475 1194 542 secunda
1211 478 1261 544 val
1282 478 1429 550 vicesima

104 563 191 637 tertia,
208 579 294 646 quarn
313 567 441 643 putatur
460 557 499 622 ab
520 563 644 624 auctore
668 561 874 627 octatterldia.
911 561 1009 627 Aufer
1031 564 1071 628 15
1087 587 1107 630 a
1121 567 1164 630 22
1183 568 1306 647 55133,
1327 577 1429 638 natat

104 649 204 718 75518
218 657 304 716 aetas
318 648 435 724 Lunae,
449 667 510 712 non
525 666 597 712 vero
616 646 667 712 15.
697 649 805 732 Itaque
822 657 926 716 stante
940 651 999 718 hae
1014 653 1119 732 155555,
1139 676 1199 722 555
1213 659 1316 742 potuit
1330 680 1428 728 annua

104 741 154 808 480
167 759 281 804 currens
298 759 367 804 asse
382 739 505 802 ultimus
521 738 729 806 octatteridis.
760 736 858 814 Quem
872 741 966 823 igitur
981 761 1019 807 ex
1033 743 1210 813 Ptolemaeo
1225 749 1428 816 Posideonem

103 831 227 914 geminum
242 829 387 905 ostendo,
408 829 436 892 is
451 847 512 894 nou
528 834 577 894 551
592 846 631 891 ex
645 829 775 912 antiqua
794 829 891 898 forma
912 831 983 900 anui
997 833 1111 912 Attici,
1133 836 1187 900 aad
1207 855 1246 904 ex
1261 858 1341 904 nova
1355 841 1426 904 Ma-

103 921 178 997 15515,
198 927 250 984 aut
269 925 352 984 carte
368 917 461 999 'l'roja
482 936 542 984 non
561 919 699 1001 praecise
722 937 802 984 anno
821 927 963 1004 suscepto
983 930 1084 1022 capta.
1123 923 1206 992 Sane
1224 925 1426 1011 Hipparchuq,
1488 975 1492 982 .

103 1009 271 1092 5515555555
285 1009 483 1076 Ptolemaeus
498 1007 549 1073 hic
564 1009 667 1086 refert,
683 1008 798 1080 nullam
813 1011 997 1076 mentionem
1016 1013 1131 1078 iaciens
1152 1015 1212 1080 diei
1226 1019 1349 1097 mensis,
1367 1019 1427 1086 1555

102 1102 179 1185 ipsum
192 1099 294 1176 innuit,
311 1099 440 1181 eclipsin
453 1097 559 1164 Lunae
582 1117 642 1161 nou
662 1097 722 1164 nisi
739 1099 929 1182 quindecima
948 1101 1137 1185 contingere,
1158 1105 1294 1191 diemque
1313 1110 1427 1175 mensis

103 1191 162 1254 55115
175 1190 379 1264 denominare,
400 1187 480 1271 quod
494 1207 555 1252 uon
569 1187 606 1251 tit
620 1188 652 1252 in
669 1189 795 1271 antiqua
811 1189 882 1254 anni
896 1191 996 1258 Attici
1012 1193 1118 1258 155555
1153 1195 1270 1262 Vemm
1285 1199 1356 1282 quid
1370 1218 1427 1264 555

101 1299 262 1344 maceramus
280 1277 342 1344 hoc
361 1277 519 1344 Plutarchi
539 1277 628 1341 loco?
660 1276 873 1344 Certissimum
893 1288 957 1357 eat,
976 1281 1088 1348 vicisse
1110 1281 1248 1350 Graecos
1269 1287 1310 1352 ad
1331 1286 1426 1354 Sala-
1481 1305 1488 1330 ·

100 1371 188 1436 uiuam
201 1377 359 1444 55151555,
380 1386 447 1432 cum
466 1373 501 1432 tu
514 1366 742 1436 Munichionem
761 1367 793 1433 in
808 1389 863 1435 ver
877 1369 1002 1438 5515555.
1040 1373 1139 1456 Igitur
1158 1375 1229 1441 huic
1248 1378 1328 1441 nodo
1349 1378 1427 1444 alius

101 1479 191 1524 555555
205 1466 253 1523 est
267 1460 469 1544 quaerendus.
505 1457 606 1522 Video
628 1476 685 1520 nos
702 1458 828 1524 destitui
849 1461 1031 1526 necessariis
1053 1464 1282 1534 characteribus
1295 1467 1426 1532 iuvesti-

101 1550 173 1632 gandi
191 1556 280 1633 caput
298 1547 391 1629 hujus
409 1545 539 1630 periodi:
563 1545 623 1612 nisi
642 1553 677 1614 tu
699 1547 760 1613 alia
780 1558 936 1614 auctorum
954 1550 1023 1634 loca
1042 1555 1215 1636 protuleris.
1253 1557 1334 1622 Nam
1352 1557 1427 1626 nihil

101 1640 169 1704 nobis
184 1621 308 1722 prodeat
323 1636 461 1720 eclipsis,
485 1655 564 1719 quae
583 1635 671 1700 Darii
692 1637 810 1704 cladem
830 1639 871 1704 ad
893 1640 1083 1723 Gaugamela
1104 1645 1289 1727 praecessit,
1310 1647 1427 1718 duobus

100 1729 258 1796 nominibus:
280 1727 391 1812 primo,
406 1725 476 1810 quia
490 1726 565 1789 vicit
578 1725 758 1793 Alexander
777 1727 828 1794 26.
837 1729 1069 1797 Bobdromionis
1092 1734 1129 1798 ll
1155 1735 1260 1800 diebus
1277 1744 1353 1822 post
1372 1757 1426 1803 55-

100 1819 179 1901 ipsiu,
192 1825 271 1882 teste
286 1816 466 1882 Plutarcho.
495 1815 628 1898 Eclipsis
645 1833 717 1898 ergo
734 1815 782 1881 die
801 1817 850 1883 15.
884 1819 963 1885 Erat
978 1818 1054 1908 ἆρχη
1072 1843 1131 1888 roo
1148 1848 1329 1910 5555555555,
1349 1846 1427 1917 quae

100 1908 285 1992 proculdubio
300 1925 364 1970 555
379 1913 498 1972 tautum
514 1905 593 1969 diem
606 1904 782 1972 vicesimam
797 1910 1091 1991 complectebantur,
1113 1915 1214 1980 sedin
1228 1917 1347 2000 priores
1366 1917 1426 1986 ali·

101 1995 509 2080 quotdieadidundcbantu13
527 1995 744 2078 5555515155
760 1997 876 2062 abolita
892 2003 1074 2068 5551511151
1090 2004 1161 2070 anni
1177 2005 1304 2090 antiqua
1318 2008 1424 2088 155555,

100 2087 190 2172 quade
204 2088 396 2172 disputamm
410 2085 475 2161 hic;
499 2085 603 2169 itaque
617 2086 813 2168 plenilunium
828 2089 876 2153 die
895 2089 954 2165 15,
968 2099 1005 2154 51
1019 2092 1132 2156 debuit

168 2175 223 2262 30)
245 2177 400 2261 Superest
418 2175 512 2260 igitar
533 2178 750 2244 5555515ῐί51
778 2197 858 2247 anno
881 2187 954 2244 ante
976 2179 1132 2248 Christum
1155 2183 1222 2249 433
1242 2183 1427 2251 novilunium

100 2265 336 2352 erophorionis
351 2266 401 2344 13,
415 2285 492 2350 quae
508 2285 576 2332 euru
590 2285 670 2332 auno
684 2267 768 2332 1184
784 2278 962 2353 comparata
976 2289 1037 2334 non
1050 2271 1187 2354 ineptum
1202 2273 1428 2357 nobispraebet

100 2359 281 2424 5511555555
295 2357 374 2440 eius,
388 2355 467 2440 quod
481 2356 641 2434 contendo,
657 2365 802 2440 quantum
822 2381 841 2422 a
855 2365 944 2424 tanto
963 2359 1126 2426 intervallo
1146 2363 1293 2446 temporis
1309 2365 1427 2446 sperari
1454 2415 1460 2424 .

100 2455 190 2530 potest
230 2449 325 2514 Anno
347 2446 426 2511 anim
447 2446 532 2512 1184
551 2447 735 2510 novilunium
756 2449 808 2512 20.
821 2448 919 2524 15511;
948 2469 1007 2532 quo
1027 2451 1076 2514 die
1096 2453 1312 2518 numerabatur
1339 2451 1427 2535 15555

99 2543 234 2619 manaa
248 2539 467 2622 eapyqlmoce.
496 2537 576 2602 Nam
591 2535 703 2612 815111
718 2545 792 2619 post
807 2537 872 2602 dies
889 2537 930 2602 18
952 2546 1020 2603 erat
1040 2539 1180 2622 opinione
1198 2540 1340 2626 Dionysii
1360 2543 1426 2607 acl·

100 2628 202 2704 5111155,
223 2635 256 2694 51
270 2629 311 2692 55
330 2623 418 2710 dydoq
434 2631 594 2707 58555555
616 2626 657 2690 ad
672 2627 837 2692 solstitium
857 2628 1094 2694 numerabantur
1111 2625 1152 2695 17
1168 2631 1241 2696 dica
1278 2631 1427 2698 Vicissim

100 2737 161 2782 aruo
173 2718 242 2784 433.
259 2717 312 2783 26.
322 2717 407 2783 Junii
421 2717 479 2780 1511
493 2715 685 2794 novilunium,
700 2735 758 2798 quo
775 2717 823 2781 die
839 2718 1056 2784 numerabatur
1070 2725 1286 2802 apmamdaaocq
1301 2716 1426 2806 Zoilo·

99 2829 232 2888 55515555,
247 2816 281 2874 51
295 2815 371 2873 sunt
386 2806 424 2872 ab
439 2806 491 2872 illo
507 2803 720 2888 Thargelionls
741 2807 874 2872 55115555
890 2806 1149 2892 Scirrophorionis
1170 2812 1234 2876 dics
1251 2812 1302 2876 21.
1332 2814 1425 2878 Tem·
1523 2861 1531 2884 ,

98 2917 141 2980 pur
153 2899 228 2964 inter
241 2897 400 2965 novilunia
413 2896 499 2973 bina,
521 2893 592 2960 anni
609 2889 802 2962 7521511551
818 2905 851 2960 51
865 2898 931 2964 dies
947 2897 981 2976 (i,
1001 2899 1099 2966 minue
1117 2919 1177 2964 uno
1193 2921 1273 2966 anno
1288 2902 1425 2986 simplici,

97 2987 142 3052 hoc
155 2999 199 3054 ert
212 2990 277 3054 dies
293 2982 442 3063 274309;
464 2987 536 3052 hinc
551 2985 654 3050 aufero
669 2985 739 3050 11155
754 2986 868 3050 (115521
888 2989 1064 3072 superfluos,
1078 2997 1201 3056 restant
1215 2991 1280 3055 dies
1293 3010 1351 3075 pro
1360 2987 1422 3058 751

99 3079 167 3142 cunis
182 3073 328 3144 2742885
352 3076 437 3141 auser
452 3075 495 3142 93
511 3075 653 3140 octennio
667 3075 777 3142 Attica
792 3071 936 3154 271786,
959 3098 1056 3144 annos
1076 3076 1284 3158 5511551744,
1305 3087 1428 3146 restant

98 3169 181 3247 25223
202 3189 268 3234 cunr
281 3169 336 3232 hia
350 3185 493 3248 compara
508 3173 626 3248 septem
640 3165 754 3248 primos
768 3167 968 3233 octatteridis
982 3170 1072 3234 unius
1088 3170 1191 3248 2545,
1218 3171 1323 3254 prodit
1337 3170 1427 3238 dita-

99 3259 181 3324 rentia
194 3260 244 3325 23.
288 3259 379 3323 Haec
393 3257 487 3340 igitur
507 3255 679 3322 differentia
698 3263 748 3320 551
766 3257 873 3322 modus
887 3258 1069 3324 Posideonis
1088 3261 1276 3326 intercalarii
1294 3260 1429 3343 majoris,

100 3349 235 3433 agnoque
249 3367 345 3414 unum
359 3346 560 3412 Posideonem
575 3346 802 3412 intercalarium
820 3348 851 3410 in
871 3349 930 3412 hoc
951 3350 1052 3430 spatio
1074 3345 1136 3416 751
1154 3367 1301 3414 annorum
1317 3350 1429 3415 alicubi
1540 3357 1548 3368 '

101 3437 236 3504 deradere.
280 3439 400 3502 Verum
424 3437 574 3501 enimvero
598 3436 681 3500 haud
705 3436 895 3519 negaverim,
919 3437 975 3502 aba
990 3439 1050 3516 Τ5,
1072 3439 1131 3504 Vir
1154 3439 1428 3523 perspicacissime,

98 3545 172 3608 posse
190 3527 321 3594 inveniri
345 3547 384 3590 ex
405 3525 587 3610 antiquitate
608 3524 696 3609 plura
717 3527 801 3602 1555,
823 3527 929 3609 quibus
943 3527 1016 3592 mihi
1031 3529 1186 3612 negotium
1201 3530 1348 3594 15555555.
1383 3528 1430 3594 Ut

101 3624 183 3682 autem
196 3619 226 3683 id
239 3620 334 3684 deret
349 3624 381 3680 et
393 3617 508 3681 veritas
522 3616 554 3682 in
567 3616 665 3680 lucem
681 3623 845 3692 erueretur,
864 3617 923 3682 hoc
938 3617 1079 3700 quicquid
1094 3626 1143 3682 est
1162 3619 1218 3684 tibi
1235 3619 1342 3684 offerre
1356 3618 1427 3702 pla-

100 3707 160 3771 cuit:
181 3710 259 3794 quod
273 3716 311 3773 ut
326 3706 426 3783 initio,
447 3707 491 3770 sic
501 3704 567 3787 jam
582 3725 699 3788 quoque
713 3725 789 3788 rogo
804 3706 877 3770 boni
892 3707 1046 3784 consulas,
1067 3715 1100 3771 et
1114 3707 1307 3792 antiquitatis
1329 3708 1428 3774 adrui-

101 3805 214 3864 ratorem
226 3798 288 3863 hac
304 3797 482 3862 55515511515
496 3803 529 3858 15
545 3795 706 3858 adeuntem
722 3813 760 3860 ne
774 3793 965 3861 inhumanius
980 3797 1120 3879 repellas.
1157 3845 1159 3856 ,

171 3884 227 3971 31)
250 3883 349 3971 (Post
363 3888 503 3963 anuum):
527 3883 712 3951 0555551555
727 3905 792 3970 cap.
809 3885 860 3950 18.
887 3886 1022 3951 Veteres
1038 3885 1190 3951 Graeciae
1205 3887 1347 3952 civitates
1362 3904 1431 3952 oum

101 3977 372 4054 animadverterent,
387 3977 457 4042 dnm
472 3975 532 4042 Sol'
541 3993 641 4040 annuo
657 3996 746 4041 cursu
761 3977 865 4042 orbem
880 3997 966 4040 suurn
977 3975 1127 4054 515555ιὶ1,
1146 3975 1265 4041 Lunam
1278 3977 1431 4042 interdum

102 4067 235 4134 1551155155
251 4067 376 4144 exoriri,
398 4067 487 4151 idque
503 4084 596 4150 saepe
611 4065 738 4132 alternis
752 4067 827 4146 lieri,
842 4066 984 4133 arbitrati
1000 4075 1079 4144 sunt,
1097 4067 1235 4132 Lunares
1253 4067 1294 4130 12
1309 4086 1431 4134 menaea

102 4157 323 4224 etdimidiatunn
339 4157 379 4222 ad
395 4177 505 4221 annum
519 4156 689 4222 naturalem
705 4155 873 4221 convenire.
909 4157 1017 4241 Itaque
1034 4178 1130 4222 anuos
1146 4157 1251 4222 civiles
1267 4155 1311 4221 sic
1327 4163 1430 4221 statu·

100 4255 190 4328 11551,
209 4257 246 4314 51
259 4247 472 4316 intercalando
487 4249 624 4314 15555551
639 4247 774 4312 alternos
797 4248 838 4312 12
852 4247 1015 4326 mensium,
1037 4249 1173 4312 alternos
1191 4247 1245 4314 13:
1273 4253 1430 4328 numaque

101 4355 196 4404 aunum
210 4339 380 4423 separatim
394 4345 564 4403 vertentem
584 4343 616 4401 et
631 4337 755 4418 junctos
775 4337 880 4402 ambos
900 4357 1010 4402 annum
1029 4357 1172 4421 magnum
1190 4343 1346 4402 vocantes.
1375 4334 1430 4398 ld·

101 4443 146 4510 que
168 4436 288 4513 tempus
311 4428 472 4494 trieterida
493 4427 705 4512 appellabant,
729 4427 810 4510 quod
829 4428 922 4492 tertio
945 4446 1061 4511 quoque
1083 4446 1162 4492 auno
1183 4426 1432 4500 intercalabatur,

102 4519 223 4598 quamvis
236 4519 352 4584 biennii
369 4518 510 4584 circuitus
527 4525 559 4584 et
573 4537 690 4584 revera
704 4517 839 4582 trieteris
855 4525 947 4593 55551,
964 4517 1041 4582 unde
1056 4515 1212 4601 mysteria,
1227 4535 1304 4600 quaa
1318 4513 1430 4578 Libero
1545 4531 1551 4540 ·

101 4606 169 4686 patri
185 4609 312 4674 alternis
326 4609 405 4674 finnt
419 4607 521 4684 annia,
543 4607 701 4674 trieterica
716 4627 735 4672 a
748 4607 850 4691 poetis
866 4607 1019 4672 dicuntur:
1043 4613 1162 4689 postca,
1182 4604 1303 4689 cognito
1319 4621 1431 4680 555555,

102 4691 148 4760 loc
161 4705 282 4781 tempus
296 4697 490 4784 duplicarunt
503 4705 536 4762 et
550 4697 753 4764 tetradterida
767 4697 918 4775 15555551,
933 4697 988 4761 aed
1004 4715 1085 4774 eam,
1099 4697 1180 4781 quod
1195 4693 1298 4779 quinto
1313 4709 1431 4776 quoque

103 4803 169 4850 auro
192 4787 331 4865 redibat,
356 4787 552 4872 pentaterida
573 4787 785 4852 nominabant:
821 4787 871 4872 qui
897 4806 994 4853 55555
1019 4803 1147 4869 magnus
1176 4803 1215 4848 cx
1236 4781 1442 4874 quadriennio

102 4877 381 4945 5555155555
405 4875 740 4956 551,515555585115
761 4884 920 4946 555515551
941 4895 981 4942 ex
1001 4875 1107 4942 diebu·
1127 4872 1194 4940 355
1215 4889 1234 4934 c
1268 4869 1329 4936 diei
1342 4878 1432 4956 parta
