3412 5538
226 279 288 347 138
697 296 804 362 neptes
816 297 1092 364 mutamusque.

221 442 381 522 suffragari
402 442 551 506 videntur.
587 441 633 506 At
653 459 701 502 me
725 441 883 504 confirmet
904 441 1000 522 primo
1024 443 1130 504 tab'ula
1153 439 1437 516 Genethliacorum,
1460 441 1572 521 inqua

220 531 421 613 disponuntur
443 533 513 595 anni
535 531 654 611 Regum
670 530 838 612 Babylonis
862 538 894 593 et
916 531 1027 592 dantur
1048 531 1230 596 Nabonnido
1252 531 1322 594 anni
1345 531 1405 606 343
1436 529 1571 592 secundo

220 622 349 684 annales
363 621 561 694 Phoenicum,
583 639 621 682 ex
644 638 768 700 quarum
790 619 848 682 fide
871 620 910 682 ab
932 619 1058 684 interitu
1072 620 1207 684 Itbobali
1230 627 1262 684 et
1284 627 1376 702 capta
1397 621 1480 702 Tyro
1500 624 1574 699 post

222 711 387 774 obsidionis
403 730 498 774 annos
521 709 561 772 13
577 715 774 772 numerantur
795 708 867 771 anni
882 708 923 771 4l
948 709 989 771 ad
1010 709 1128 772 initium
1144 709 1218 791 Cyri
1232 710 1388 772 Persicum
1408 709 1458 770 vel
1474 707 1573 770 Asia-

221 800 329 875 ticum;
352 800 445 864 tertio
460 799 622 872 Diodorus,
639 798 689 879 qui
703 797 844 860 Amasidi
858 800 915 860 dat
930 818 1026 861 annos
1041 799 1099 874 553
1123 807 1231 879 quarto
1248 799 1408 879 Scriptura
1423 796 1473 872 S.,
1495 816 1573 877 quae
1698 855 1699 860 ,

220 908 317 952 annos
340 883 383 951 70
399 888 589 968 captivitatis
610 887 719 968 incipit
741 887 854 950 diserte
877 908 896 949 a
916 894 1009 969 capta
1030 889 1104 951 urbe
1127 895 1159 950 et
1182 888 1285 951 exciso
1308 887 1439 968 templo;
1463 885 1570 967 quinto

221 978 352 1040 historia
372 977 518 1040 Juditbae
542 977 696 1058 applicata
718 977 758 1039 ad
779 977 929 1040 Herodoti
949 995 1038 1056 reges
1059 979 1217 1040 Medorum
1240 984 1273 1039 et
1290 977 1471 1050 Persarum,
1495 994 1572 1056 quae

220 1067 337 1130 initium
347 1065 497 1147 Cyaxaris
512 1067 632 1129 confert
645 1066 676 1128 in
695 1066 743 1128 12.
752 1066 903 1146 Nabopol.
931 1065 1197 1147 ItaqneBcrosum
1211 1067 1242 1130 in
1251 1066 1443 1141 Nabonnido,
1458 1066 1571 1127 Mane-

220 1157 344 1221 thonem
373 1162 405 1216 et
425 1156 616 1220 Herodotum
637 1155 668 1216 in
689 1155 837 1218 Amaside
868 1155 1023 1218 commode
1043 1155 1121 1236 juvo
1147 1163 1179 1218 ει
1203 1155 1330 1218 concilio
1356 1175 1424 1218 cnm
1448 1153 1572 1217 ceteris.

219 1245 337 1324 Contra
351 1252 492 1326 quartum
507 1245 597 1324 objici
613 1245 701 1318 solet,
714 1244 826 1307 Jerem.
843 1244 894 1318 29,
912 1245 961 1306 10.
975 1245 1108 1327 incipere
1128 1265 1225 1308 annos
1241 1240 1284 1308 70
1308 1253 1434 1325 acapto
1449 1243 1567 1307 Jecbo-

217 1335 275 1397 nia.
306 1335 504 1414 Respondeo,
525 1335 610 1396 illum
624 1334 735 1396 ibidem
750 1333 843 1395 etiam
857 1334 1036 1414 prophetari
1051 1335 1089 1396 de
1106 1334 1223 1398 excidio
1239 1335 1353 1414 templi.
1399 1335 1573 1396 Praeterea

218 1443 242 1487 c.
258 1423 310 1500 25,
327 1424 377 1488 11.
393 1424 452 1486 dici
466 1430 576 1505 posset
590 1417 694 1505 aeque,¹
709 1423 800 1504 incipi
816 1418 945 1486 1111170
961 1424 1000 1487 ab
1016 1442 1094 1487 anno
1111 1423 1140 1486 4.
1150 1424 1281 1500 Joalrim,
1302 1425 1382 1504 quod
1398 1431 1505 1486 tamen
1520 1441 1570 1484 re-

216 1513 354 1595 pudiant,
370 1513 420 1595 qui
434 1513 493 1575 hoc
510 1511 663 1592 objiciunt.

304 1603 428 1683 Apryes
444 1609 511 1664 erat
525 1602 625 1665 bostis
639 1601 958 1676 Nabuchodonosoris,
975 1603 1176 1682 confugerunt
1191 1603 1271 1664 enirn
1287 1602 1327 1664 ad
1342 1621 1409 1664 enm
1424 1600 1572 1683 reliquiae

215 1692 416 1770 iudaeorum,
437 1698 473 1754 nt
487 1691 547 1753 tuti
564 1697 671 1753 essent
692 1713 711 1752 a
726 1689 901 1755 Chaldaeis.
931 1692 1039 1772 Itaque
1055 1692 1136 1754 inter
1150 1691 1238 1756 initia
1253 1693 1339 1772 regni
1355 1697 1430 1771 puto
1447 1691 1572 1768 iactum,

164 1781 167 1788 “
217 1781 298 1863 qnod
320 1781 427 1844 scribit
441 1781 632 1854 Herodotus,
653 1779 782 1861 Apryen
804 1799 872 1842 cum
888 1778 1023 1843 Sidoniis
1047 1788 1079 1844 et
1094 1781 1194 1862 Tyriis
1215 1799 1319 1862 pugna
1341 1780 1444 1846 navali
1461 1781 1570 1842 decer-

217 1879 302 1934 tasse
308 1889 318 1946 ς
343 1877 375 1932 et
389 1869 543 1940 Diodorus
565 1869 675 1944 refert,
696 1870 795 1950 ipsum
812 1869 941 1951 Cyprios
964 1878 997 1932 ει
1011 1870 1193 1933 Phoenicius
1216 1870 1333 1950 ingenti
1348 1889 1452 1951 pugna
1467 1869 1571 1932 navali

217 1977 388 2041 superasse.
432 1959 505 2023 Fuit
520 1959 600 2022 enim
614 1959 780 2022 Phoenicia
796 1957 961 2022 Chaldaeis
977 1959 1154 2034 tributaria,
1177 1959 1237 2022 etsi
1253 1967 1325 2022 ante
1340 1978 1456 2040 paucos
1472 1977 1570 2025 annos

217 2049 273 2114 snb
298 2047 430 2112 Sedeoia
455 2049 649 2112 desciverunt
672 2049 771 2129 Tyrii,
802 2067 928 2129 quorum
953 2049 992 2111 ad
1017 2049 1163 2112 ditionem
1187 2050 1227 2112 ab
1251 2049 1377 2131 antiqno
1403 2049 1571 2130 spectabat

214 2137 381 2202 Phoenicia
403 2145 435 2200 et
456 2137 583 2220 Cyprus.
620 2137 668 2200 De
689 2137 817 2212 Sidone,
841 2137 957 2219 Cypro,
976 2138 1143 2201 Phoenicia
1157 2157 1208 2200 res
1224 2145 1273 2200 est
1289 2145 1383 2201 certa
1420 2138 1469 2201 De
1487 2139 1569 2220 Tyro
1598 2155 1599 2162 ¹

215 2227 351 2292 nonnihil
373 2227 491 2302 dubito,
522 2247 612 2308 quam
633 2225 723 2308 paulo
745 2235 818 2309 post
838 2227 916 2290 baec
932 2227 1107 2292 Chaldaeus
1129 2247 1305 2309 oppugnare
1328 2227 1443 2308 incipit,
1468 2227 1570 2291 bostis

157 2355 160 2363 ,
215 2317 372 2402 Aegyptii.
401 2317 484 2380 Fieri
500 2324 604 2379 tamen
620 2323 652 2378 et
666 2317 724 2379 boo
739 2317 847 2397 potnit.

302 2397 470 2470 Mendum
462 2407 638 2487 rnJosepbo
655 2406 796 2487 agnoscit
811 2405 1000 2486 Scaligerffi,
1004 2399 1034 2469 7.
1045 2425 1124 2475 anno
1139 2405 1450 2471 Nabuchodonosoris
1468 2407 1572 2486 coepit

217 2497 358 2560 obsidere
374 2494 517 2578 Tymm‘ss
532 2514 589 2576 pro
606 2514 663 2576 quo
680 2502 764 2558 recte
779 2495 858 2576 legit
872 2495 1061 2576 Scaliger:„
1065 2490 1094 2558 7.
1105 2515 1183 2559 anno
1193 2496 1328 2560 Itbobali
1344 2496 1446 2583 coepit
1458 2493 1570 2558 Nabu-

80 2645 93 2678 a
216 2585 393 2649 cbod.“-
417 2587 487 2648 Non
517 2585 708 2665 negaverim,
739 2586 852 2666 'lyrnrn
882 2585 1008 2648 auxiliis-
1029 2586 1232 2668 Aegyptiacis
1262 2586 1370 2648 fultam
1398 2585 1571 2666 potentiam

219 2675 445 2741 Chaldaeorum
468 2674 589 2737 diutius
604 2673 801 2750 sustinuisse,
824 2675 903 2756 quod
919 2675 983 2738 lieri
998 2675 1107 2757 potuit,
1130 2674 1156 2737 si
1171 2676 1283 2757 Tyrus,
1306 2674 1463 2738 Chaldaeo
1478 2675 1571 2736 hoste

217 2765 315 2841 iacto,
337 2783 446 2846 paoem
468 2782 535 2828 cum
556 2763 713 2846 Aegyptio
739 2763 819 2826 iecit.
864 2764 971 2844 Neque
997 2764 1076 2826 enim
1100 2771 1150 2826 est
1173 2764 1352 2840 verisimile,
1380 2763 1572 2846 Aegyptium

218 2855 342 2917 hostem
356 2853 506 2918 Chaldaei
522 2853 688 2933 quievisse,
710 2853 803 2915 armis
818 2853 849 2916 in
864 2853 976 2916 vicinia
990 2854 1260 2934 perstrepentibus.
1294 2854 1338 2917 Et
1353 2873 1447 2916 causa
1460 2853 1571 2916 Nabu-

219 2943 431 3006 chodonosoro
464 2942 600 3006 ordiendi
628 2942 700 3005 belli
725 2942 873 3026 Aegyptii
904 2942 982 3005 unde
1012 2949 1087 3006 nata
1116 2943 1222 3018 inerit,
1252 2943 1311 3006 nisi
1340 2963 1378 3006 ex
1406 2941 1571 3005 boebede

214 3032 389 3107 Phoenicio,
405 3031 452 3094 cni
467 3033 591 3114 Apryes
607 3050 640 3094 se
655 3031 881 3095 immiscuerat?
912 3030 1076 3096 Consentit
1090 3052 1151 3095 non
1165 3033 1245 3096 male
1261 3031 1440 3107 Jerenor,
1457 3033 1510 3094 30.

303 3121 423 3185 Nabon.
441 3116 512 3184 170.
544 3120 701 3202 Capuae:
723 3120 774 3183 Ex
793 3123 1019 3202 comparatione
1035 3121 1175 3184 Danielis
1197 3122 1247 3198 (5,
1264 3115 1322 3203 28)
1344 3141 1412 3184 cum
1431 3121 1572 3184 historiis

217 3210 347 3275 exoticis
377 3210 478 3291 colligi
502 3209 606 3286 datur,
632 3211 742 3273 molem
763 3209 850 3290 regni
873 3210 1032 3275 Chaldaici
1055 3210 1183 3274 scissam
1204 3231 1272 3274 esse
1295 3212 1327 3274 in
1352 3217 1459 3294 partes
1485 3211 1571 3273 duas.

215 3299 297 3366 Asia
320 3300 400 3362 enirn
422 3307 454 3362 ct
477 3299 573 3362 omnis
595 3300 765 3382 septentrio
782 3300 901 3381 accepit
916 3301 1024 3363 Medos
1041 3307 1074 3362 et
1088 3301 1216 3376 Persas,
1239 3301 1397 3366 Chaldaea
1413 3319 1487 3364 vero
1503 3319 1572 3362 cum

215 3390 290 3454 urbs
299 3389 472 3472 Babylonia
488 3390 693 3470 etprovinciis
704 3389 943 3453 occidentalibus
954 3388 1053 3470 Syria,
1069 3390 1244 3465 Phoenicia,
1260 3391 1427 3465 Palestina,
1442 3388 1571 3464 Arabia,

218 3481 364 3562 Aegypto
382 3489 414 3544 et
427 3479 596 3559 Aethiopia
611 3478 725 3541 mansit
737 3478 924 3561 babyloniis.
963 3479 1027 3542 Vix
1044 3479 1133 3542 aliter
1149 3500 1217 3542 esse
1232 3487 1346 3561 potest,
1363 3481 1433 3562 quin
1447 3479 1572 3543 Mediae

216 3577 360 3650 satrapes
375 3568 644 3656 Astyagesinerit
659 3569 755 3631 irater
763 3569 931 3632 Nitooridis
939 3568 1088 3650 Reginae,
1103 3570 1213 3650 quippe
1229 3589 1306 3651 quae
1323 3570 1450 3652 alicujus
1466 3577 1570 3631 satra·

96 3709 103 3732 ,
215 3661 275 3741 pac
290 3660 451 3722 Medorum
465 3659 528 3721 filia
543 3657 609 3721 fnit.
639 3657 740 3720 Datur
756 3658 921 3739 suspicari,
943 3657 1098 3720 divisionis
1114 3659 1202 3739 hujus
1219 3659 1462 3722 architectricem
1476 3658 1572 3720 fuisse

215 3749 422 3824 Nitooridem,
446 3767 539 3830 quae,
562 3766 630 3810 cnm
645 3767 699 3810 sno
723 3748 842 3811 nomine
865 3767 926 3810 non
950 3748 1104 3810 commode
1127 3755 1248 3828 posset,
1270 3769 1325 3829 per
1347 3768 1400 3811 eos
1420 3749 1571 3830 imperare

215 3837 322 3912 voluit,
338 3858 412 3920 qnos
429 3839 498 3918 ipsa
512 3855 602 3918 reges
618 3837 751 3900 seducet
787 3837 835 3902 At
857 3837 884 3899 si
898 3837 1088 3900 Herodotum
1110 3837 1282 3914 audiamus,
1303 3839 1387 3901 Medi
1401 3837 1572 3902 Nitooridis

216 3921 310 4010 (quae
326 3929 384 3991 boc
400 3935 547 4008 tempore,
562 3935 719 4008 superstes
733 3927 844 3989 marito
861 3933 894 3989 et
907 3926 968 3988 filio
984 3927 1223 4003 Evilmerodaoe,
1243 3929 1329 4009 regni
1344 3928 1464 3990 clavum
1478 3933 1570 3989 tene-

214 4018 272 4081 bat
286 4035 353 4078 cum
373 4035 486 4097 genero
502 4010 787 4098 Niriglissoroiore)
810 4018 917 4080 hostes
934 4024 1023 4080 erant
1048 4024 1079 4079 et
1102 4018 1306 4080 formidabiles
1327 4018 1447 4099 quidem
1462 4017 1571 4099 Baby-

95 4131 99 4145 ·
125 4087 128 4095 ’
215 4106 314 4170 loniis.
346 4103 407 4176 Qui
429 4111 538 4169 auctor
560 4106 586 4168 si
609 4127 697 4189 quam
720 4099 810 4169 iidem
832 4105 954 4168 anobis
970 4115 1148 4187 exspectat,
1170 4108 1321 4171 concedat
1335 4107 1422 4170 nobis
1439 4113 1573 4187 oportet,

135 4253 137 4258 .
216 4203 396 4277 occupatam
415 4214 483 4258 esse
499 4195 611 4258 Ninum
627 4203 660 4258 et
673 4196 833 4277 Assyriaoi
849 4214 982 4277 regnum,
998 4205 1128 4277 excepta
1142 4197 1281 4279 portione
1295 4196 1496 4278 Babylonica,
1511 4215 1572 4258 non

215 4308 235 4350 a
251 4285 392 4367 Cyaxare
410 4302 502 4365 supra
519 4306 545 4347 a.
561 4285 681 4348 Nabon.
700 4285 771 4360 144,
786 4292 821 4347 ut
834 4285 899 4366 ipse
915 4293 1031 4361 narrat,
1048 4287 1102 4348 sed
1113 4287 1178 4367 jam
1193 4288 1251 4350 hoe
1268 4306 1346 4349 anno
1363 4287 1401 4348 ab
1417 4287 1572 4366 Astyage.

214 4376 258 4440 Ει
272 4383 345 4438 tuno
361 4375 455 4438 etiam
469 4374 660 4437 Herodotum
674 4382 788 4438 testem
802 4375 890 4439 babit
890 4375 936 4438 uri
957 4395 1058 4438 sumus
1078 4376 1167 4456 hujus
1184 4376 1340 4438 divisionis
1361 4375 1447 4456 regni
1462 4375 1571 4458 Baby-

214 4465 320 4529 lonioi:
343 4469 379 4527 nt
400 4464 447 4526 ita
461 4463 574 4525 Darius
592 4456 781 4546 (Astyages)
805 4484 865 4526 non
881 4484 920 4526 ex
942 4463 1063 4526 foedere
1081 4465 1316 4546 conspirationis
1339 4485 1405 4528 cum
1420 4465 1571 4547 Niriglis-

215 4573 355 4618 sorosore
371 4560 478 4635 pacto,
501 4551 556 4614 sed
570 4572 626 4634 per
642 4552 822 4616 defectionis
838 4554 969 4635 speciem
992 4575 1011 4616 a
1025 4553 1183 4617 Nrtocrrde
1199 4555 1320 4636 Regina
1336 4562 1369 4617 et
1384 4577 1403 4617 a
1419 4555 1569 4635 Niriglis-

215 4663 354 4708 sorosore
369 4641 466 4724 Regis
481 4641 645 4722 impuberis
660 4650 759 4723 patre,
774 4642 805 4706 in
820 4662 946 4724 regnum
962 4643 1153 4708 successerit.

302 4733 414 4797 Daniel
437 4737 594 4812 satrapam
615 4733 736 4795 Mediae
760 4734 897 4814 appellat
917 4733 1046 4797 Darium
1066 4733 1219 4797 Abasveri
1244 4754 1297 4797 sen
1313 4732 1448 4816 Oxyaris
1470 4735 1571 4798 tilium.

110 4790 113 4803 Ι
216 4819 263 4885 At
283 4823 460 4918 Herodotus
479 4829 514 4884 et
533 4820 687 4886 Diodorus
708 4821 827 4886 habent
846 4824 905 4887 hoc
927 4829 1064 4904 tempore
1086 4823 1274 4908 Astyagem,
1297 4823 1450 4907 Cyaxaris
1470 4824 1571 4888 filium
