<?xml version="1.0" encoding="UTF-8"?>
<!DOCTYPE html PUBLIC "-//W3C//DTD XHTML 1.0 Transitional//EN"
    "http://www.w3.org/TR/xhtml1/DTD/xhtml1-transitional.dtd">
<html xmlns="http://www.w3.org/1999/xhtml" xml:lang="en" lang="en">
 <head>
  <title>
</title>
<meta http-equiv="Content-Type" content="text/html;charset=utf-8" />
  <meta name='ocr-system' content='tesseract 3.04.00' />
  <meta name='ocr-capabilities' content='ocr_page ocr_carea ocr_par ocr_line ocrx_word'/>
</head>
<body>
  <div class='ocr_page' id='page_1' title='image "./joanniskepleria00unkngoog_0466.png"; bbox 0 0 3396 5540; ppageno 0'>
   <div class='ocr_carea' id='block_1_1' title="bbox 656 217 1450 318">
    <p class='ocr_par' dir='ltr' id='par_1_1' title="bbox 656 217 1450 318">
     <span class='ocr_line' id='line_1_1' title="bbox 656 217 1450 318; baseline 0.021 -24"><span class='ocrx_word' id='word_1_1' title='bbox 656 247 763 312; x_wconf 61' lang='lat' dir='ltr'>serape</span> <span class='ocrx_word' id='word_1_2' title='bbox 783 246 929 296; x_wconf 63' lang='lat' dir='ltr'>ultroneae.</span> <span class='ocrx_word' id='word_1_3' title='bbox 1174 217 1178 226; x_wconf 51' lang='lat'><strong>¹</strong></span> <span class='ocrx_word' id='word_1_4' title='bbox 1387 261 1450 318; x_wconf 72' lang='lat'>447</span> 
     </span>
    </p>
   </div>
   <div class='ocr_carea' id='block_1_2' title="bbox 110 418 1517 1480">
    <p class='ocr_par' dir='ltr' id='par_1_2' title="bbox 110 418 1517 1480">
     <span class='ocr_line' id='line_1_2' title="bbox 129 418 1517 508; baseline 0.011 -26"><span class='ocrx_word' id='word_1_5' title='bbox 129 418 362 502; x_wconf 79' lang='lat' dir='ltr'>(indignantes)</span> <span class='ocrx_word' id='word_1_6' title='bbox 394 422 507 487; x_wconf 86' lang='lat' dir='ltr'>testari</span> <span class='ocrx_word' id='word_1_7' title='bbox 528 427 663 503; x_wconf 83' lang='lat' dir='ltr'><strong>possunt</strong></span> <span class='ocrx_word' id='word_1_8' title='bbox 685 427 717 484; x_wconf 91' lang='lat' dir='ltr'>et</span> <span class='ocrx_word' id='word_1_9' title='bbox 738 420 799 487; x_wconf 92' lang='lat' dir='ltr'>hoc</span> <span class='ocrx_word' id='word_1_10' title='bbox 820 441 946 487; x_wconf 88' lang='lat' dir='ltr'>omnem</span> <span class='ocrx_word' id='word_1_11' title='bbox 969 421 1083 488; x_wconf 81' lang='lat' dir='ltr'><strong>imbuit</strong></span> <span class='ocrx_word' id='word_1_12' title='bbox 1105 426 1313 508; x_wconf 85' lang='lat' dir='ltr'>piguedinem.</span> <span class='ocrx_word' id='word_1_13' title='bbox 1361 429 1454 495; x_wconf 82' lang='lat' dir='ltr'><strong>Oculi</strong></span> <span class='ocrx_word' id='word_1_14' title='bbox 1513 487 1517 497; x_wconf 91' lang='grc'><em>,</em></span> 
     </span>
     <span class='ocr_line' id='line_1_3' title="bbox 130 508 1452 598; baseline 0.011 -30"><span class='ocrx_word' id='word_1_15' title='bbox 130 508 303 574; x_wconf 84' lang='lat' dir='ltr'>simulacro</span> <span class='ocrx_word' id='word_1_16' title='bbox 333 508 414 574; x_wconf 91' lang='lat' dir='ltr'>solet</span> <span class='ocrx_word' id='word_1_17' title='bbox 438 510 585 593; x_wconf 88' lang='lat' dir='ltr'>justitiae</span> <span class='ocrx_word' id='word_1_18' title='bbox 607 511 654 574; x_wconf 87' lang='lat' dir='ltr'>vis</span> <span class='ocrx_word' id='word_1_19' title='bbox 678 511 818 594; x_wconf 81' lang='lat' dir='ltr'>depingi:</span> <span class='ocrx_word' id='word_1_20' title='bbox 852 510 908 592; x_wconf 86' lang='lat' dir='ltr'>qui</span> <span class='ocrx_word' id='word_1_21' title='bbox 930 530 1005 576; x_wconf 83' lang='lat' dir='ltr'>vero</span> <span class='ocrx_word' id='word_1_22' title='bbox 1021 514 1119 578; x_wconf 91' lang='lat' dir='ltr'>semel</span> <span class='ocrx_word' id='word_1_23' title='bbox 1134 522 1331 598; x_wconf 75' lang='lat' dir='ltr'>peccantem,</span> <span class='ocrx_word' id='word_1_24' title='bbox 1356 520 1452 584; x_wconf 89' lang='lat' dir='ltr'>ctiam</span> 
     </span>
     <span class='ocr_line' id='line_1_4' title="bbox 130 594 1451 694; baseline 0.009 -34"><span class='ocrx_word' id='word_1_25' title='bbox 130 616 203 660; x_wconf 94' lang='lat' dir='ltr'>cum</span> <span class='ocrx_word' id='word_1_26' title='bbox 226 596 304 680; x_wconf 91' lang='lat' dir='ltr'>quid</span> <span class='ocrx_word' id='word_1_27' title='bbox 327 604 416 662; x_wconf 91' lang='lat' dir='ltr'>recte</span> <span class='ocrx_word' id='word_1_28' title='bbox 438 598 525 679; x_wconf 86' lang='lat' dir='ltr'>facit,</span> <span class='ocrx_word' id='word_1_29' title='bbox 548 600 656 681; x_wconf 79' lang='lat' dir='ltr'>arguit</span> <span class='ocrx_word' id='word_1_30' title='bbox 678 606 711 686; x_wconf 90' lang='lat' dir='ltr'>et</span> <span class='ocrx_word' id='word_1_31' title='bbox 733 599 931 678; x_wconf 80' lang='lat' dir='ltr'>crimmatur,</span> <span class='ocrx_word' id='word_1_32' title='bbox 959 600 987 664; x_wconf 88' lang='lat' dir='ltr'>is</span> <span class='ocrx_word' id='word_1_33' title='bbox 1009 602 1102 666; x_wconf 92' lang='lat' dir='ltr'>oculo</span> <span class='ocrx_word' id='word_1_34' title='bbox 1121 606 1209 687; x_wconf 87' lang='lat' dir='ltr'>justo</span> <span class='ocrx_word' id='word_1_35' title='bbox 1232 623 1353 686; x_wconf 88' lang='lat' dir='ltr'>carere,</span> <span class='ocrx_word' id='word_1_36' title='bbox 1378 594 1451 694; x_wconf 55' lang='lat' dir='ltr'>pro1</span> 
     </span>
     <span class='ocr_line' id='line_1_5' title="bbox 110 684 1451 780; baseline 0.005 -25"><span class='ocrx_word' id='word_1_37' title='bbox 110 684 314 773; x_wconf 40' lang='lat' dir='ltr'>,sopoleptes</span> <span class='ocrx_word' id='word_1_38' title='bbox 337 707 407 752; x_wconf 89' lang='lat' dir='ltr'>esse</span> <span class='ocrx_word' id='word_1_39' title='bbox 429 688 667 772; x_wconf 81' lang='lat' dir='ltr'>censetur,·qui</span> <span class='ocrx_word' id='word_1_40' title='bbox 687 687 775 752; x_wconf 87' lang='lat' dir='ltr'>lacta</span> <span class='ocrx_word' id='word_1_41' title='bbox 798 709 837 753; x_wconf 86' lang='lat' dir='ltr'>ex</span> <span class='ocrx_word' id='word_1_42' title='bbox 860 706 999 770; x_wconf 89' lang='lat' dir='ltr'>persona</span> <span class='ocrx_word' id='word_1_43' title='bbox 1020 691 1178 756; x_wconf 88' lang='lat' dir='ltr'>aestimet.</span> <span class='ocrx_word' id='word_1_44' title='bbox 1211 691 1283 757; x_wconf 89' lang='lat' dir='ltr'>Non</span> <span class='ocrx_word' id='word_1_45' title='bbox 1306 695 1451 780; x_wconf 88' lang='lat' dir='ltr'>improbo</span> 
     </span>
     <span class='ocr_line' id='line_1_6' title="bbox 129 774 1452 867; baseline 0.009 -29"><span class='ocrx_word' id='word_1_46' title='bbox 129 779 165 838; x_wconf 87' lang='lat' dir='ltr'>ut</span> <span class='ocrx_word' id='word_1_47' title='bbox 194 775 329 856; x_wconf 80' lang='lat' dir='ltr'>refutes,</span> <span class='ocrx_word' id='word_1_48' title='bbox 348 794 444 859; x_wconf 64' lang='lat' dir='ltr'>⁴quae</span> <span class='ocrx_word' id='word_1_49' title='bbox 474 797 538 842; x_wconf 90' lang='lat' dir='ltr'>non</span> <span class='ocrx_word' id='word_1_50' title='bbox 569 775 709 861; x_wconf 79' lang='lat' dir='ltr'>placent,</span> <span class='ocrx_word' id='word_1_51' title='bbox 738 776 820 842; x_wconf 82' lang='lat' dir='ltr'>facio</span> <span class='ocrx_word' id='word_1_52' title='bbox 850 774 934 841; x_wconf 90' lang='lat' dir='ltr'>idem</span> <span class='ocrx_word' id='word_1_53' title='bbox 964 783 997 842; x_wconf 90' lang='lat' dir='ltr'>et</span> <span class='ocrx_word' id='word_1_54' title='bbox 1027 799 1099 862; x_wconf 85' lang='lat' dir='ltr'>ego:</span> <span class='ocrx_word' id='word_1_55' title='bbox 1131 785 1257 846; x_wconf 90' lang='lat' dir='ltr'>tantum</span> <span class='ocrx_word' id='word_1_56' title='bbox 1288 782 1343 849; x_wconf 85' lang='lat' dir='ltr'>ubi</span> <span class='ocrx_word' id='word_1_57' title='bbox 1372 785 1452 867; x_wconf 90' lang='lat' dir='ltr'>quid</span> 
     </span>
     <span class='ocr_line' id='line_1_7' title="bbox 128 863 1451 946; baseline 0.009 -18"><span class='ocrx_word' id='word_1_58' title='bbox 128 863 264 929; x_wconf 84' lang='lat' dir='ltr'>maritus</span> <span class='ocrx_word' id='word_1_59' title='bbox 285 867 346 943; x_wconf 89' lang='lat' dir='ltr'>est,</span> <span class='ocrx_word' id='word_1_60' title='bbox 370 863 403 930; x_wconf 91' lang='lat' dir='ltr'>id</span> <span class='ocrx_word' id='word_1_61' title='bbox 424 867 452 930; x_wconf 90' lang='lat' dir='ltr'>si</span> <span class='ocrx_word' id='word_1_62' title='bbox 474 865 570 930; x_wconf 89' lang='lat' dir='ltr'>etiam</span> <span class='ocrx_word' id='word_1_63' title='bbox 590 866 624 930; x_wconf 92' lang='lat' dir='ltr'>in</span> <span class='ocrx_word' id='word_1_64' title='bbox 638 865 730 930; x_wconf 83' lang='lat' dir='ltr'>hoste</span> <span class='ocrx_word' id='word_1_65' title='bbox 752 885 984 946; x_wconf 82' lang='lat' dir='ltr'>commemores,</span> <span class='ocrx_word' id='word_1_66' title='bbox 1006 867 1133 933; x_wconf 91' lang='lat' dir='ltr'>omnino</span> <span class='ocrx_word' id='word_1_67' title='bbox 1154 867 1250 934; x_wconf 89' lang='lat' dir='ltr'>fidem</span> <span class='ocrx_word' id='word_1_68' title='bbox 1265 871 1402 938; x_wconf 87' lang='lat' dir='ltr'>orationi</span> <span class='ocrx_word' id='word_1_69' title='bbox 1418 881 1451 940; x_wconf 91' lang='lat' dir='ltr'>et</span> 
     </span>
     <span class='ocr_line' id='line_1_8' title="bbox 128 951 1451 1042; baseline 0.011 -27"><span class='ocrx_word' id='word_1_70' title='bbox 128 951 179 1016; x_wconf 92' lang='lat' dir='ltr'>hic</span> <span class='ocrx_word' id='word_1_71' title='bbox 208 960 243 1016; x_wconf 88' lang='lat' dir='ltr'>at</span> <span class='ocrx_word' id='word_1_72' title='bbox 271 952 350 1018; x_wconf 82' lang='lat' dir='ltr'>abbi</span> <span class='ocrx_word' id='word_1_73' title='bbox 378 953 532 1020; x_wconf 86' lang='lat' dir='ltr'>adstruis.</span> <span class='ocrx_word' id='word_1_74' title='bbox 576 952 695 1030; x_wconf 82' lang='lat' dir='ltr'>Quodsi</span> <span class='ocrx_word' id='word_1_75' title='bbox 724 953 782 1020; x_wconf 91' lang='lat' dir='ltr'>tibi</span> <span class='ocrx_word' id='word_1_76' title='bbox 811 959 905 1020; x_wconf 78' lang='lat' dir='ltr'>uacat</span> <span class='ocrx_word' id='word_1_77' title='bbox 926 975 1031 1022; x_wconf 91' lang='lat' dir='ltr'>meum</span> <span class='ocrx_word' id='word_1_78' title='bbox 1053 956 1166 1022; x_wconf 84' lang='lat' dir='ltr'>audire</span> <span class='ocrx_word' id='word_1_79' title='bbox 1188 959 1365 1042; x_wconf 86' lang='lat' dir='ltr'>consilium,</span> <span class='ocrx_word' id='word_1_80' title='bbox 1395 961 1451 1028; x_wconf 89' lang='lat' dir='ltr'>ubi</span> 
     </span>
     <span class='ocr_line' id='line_1_9' title="bbox 127 1041 1447 1132; baseline 0.008 -29"><span class='ocrx_word' id='word_1_81' title='bbox 127 1041 295 1106; x_wconf 84' lang='lat' dir='ltr'>excuderis</span> <span class='ocrx_word' id='word_1_82' title='bbox 326 1042 365 1107; x_wconf 93' lang='lat' dir='ltr'>de</span> <span class='ocrx_word' id='word_1_83' title='bbox 394 1042 455 1107; x_wconf 89' lang='lat' dir='ltr'>hoc</span> <span class='ocrx_word' id='word_1_84' title='bbox 485 1043 616 1125; x_wconf 88' lang='lat' dir='ltr'>aliquid,</span> <span class='ocrx_word' id='word_1_85' title='bbox 648 1043 753 1127; x_wconf 87' lang='lat' dir='ltr'>ipsius</span> <span class='ocrx_word' id='word_1_86' title='bbox 776 1042 875 1108; x_wconf 77' lang='lat' dir='ltr'>rerba</span> <span class='ocrx_word' id='word_1_87' title='bbox 904 1042 1016 1125; x_wconf 76' lang='lat' dir='ltr'>allega,</span> <span class='ocrx_word' id='word_1_88' title='bbox 1040 1066 1105 1110; x_wconf 90' lang='lat' dir='ltr'>non</span> <span class='ocrx_word' id='word_1_89' title='bbox 1126 1053 1203 1110; x_wconf 89' lang='lat' dir='ltr'>sunt</span> <span class='ocrx_word' id='word_1_90' title='bbox 1224 1047 1317 1112; x_wconf 88' lang='lat' dir='ltr'>nimis</span> <span class='ocrx_word' id='word_1_91' title='bbox 1339 1049 1447 1132; x_wconf 78' lang='lat' dir='ltr'>longa:</span> 
     </span>
     <span class='ocr_line' id='line_1_10' title="bbox 126 1115 1449 1221; baseline 0.009 -29"><span class='ocrx_word' id='word_1_92' title='bbox 126 1130 158 1192; x_wconf 92' lang='lat' dir='ltr'>iu</span> <span class='ocrx_word' id='word_1_93' title='bbox 187 1135 247 1194; x_wconf 87' lang='lat' dir='ltr'>tua</span> <span class='ocrx_word' id='word_1_94' title='bbox 275 1115 527 1196; x_wconf 54' lang='lat' dir='ltr'>vorosttratione</span> <span class='ocrx_word' id='word_1_95' title='bbox 555 1129 746 1196; x_wconf 82' lang='lat' dir='ltr'>circumcide</span> <span class='ocrx_word' id='word_1_96' title='bbox 768 1131 998 1196; x_wconf 82' lang='lat' dir='ltr'>tirnidiusculas</span> <span class='ocrx_word' id='word_1_97' title='bbox 1021 1133 1190 1216; x_wconf 79' lang='lat' dir='ltr'>allegorias</span> <span class='ocrx_word' id='word_1_98' title='bbox 1214 1142 1247 1200; x_wconf 90' lang='lat' dir='ltr'>ct</span> <span class='ocrx_word' id='word_1_99' title='bbox 1268 1138 1449 1221; x_wconf 82' lang='lat' dir='ltr'>superfluas</span> 
     </span>
     <span class='ocr_line' id='line_1_11' title="bbox 127 1216 1448 1308; baseline 0.008 -28"><span class='ocrx_word' id='word_1_100' title='bbox 127 1216 291 1302; x_wconf 87' lang='lat' dir='ltr'>ambages:</span> <span class='ocrx_word' id='word_1_101' title='bbox 315 1225 406 1303; x_wconf 91' lang='lat' dir='ltr'>potes</span> <span class='ocrx_word' id='word_1_102' title='bbox 429 1219 598 1304; x_wconf 80' lang='lat' dir='ltr'>complecti</span> <span class='ocrx_word' id='word_1_103' title='bbox 616 1241 682 1286; x_wconf 89' lang='lat' dir='ltr'>una</span> <span class='ocrx_word' id='word_1_104' title='bbox 696 1219 778 1284; x_wconf 87' lang='lat' dir='ltr'>lacie</span> <span class='ocrx_word' id='word_1_105' title='bbox 793 1225 899 1286; x_wconf 87' lang='lat' dir='ltr'>totum&#39;</span> <span class='ocrx_word' id='word_1_106' title='bbox 911 1221 1084 1304; x_wconf 77' lang='lat' dir='ltr'>negotium,</span> <span class='ocrx_word' id='word_1_107' title='bbox 1107 1221 1162 1288; x_wconf 90' lang='lat' dir='ltr'>ubi</span> <span class='ocrx_word' id='word_1_108' title='bbox 1178 1223 1330 1308; x_wconf 83' lang='lat' dir='ltr'>Scaligeri</span> <span class='ocrx_word' id='word_1_109' title='bbox 1343 1225 1448 1292; x_wconf 82' lang='lat' dir='ltr'>verbis</span> 
     </span>
     <span class='ocr_line' id='line_1_12' title="bbox 126 1307 1447 1392; baseline 0.008 -23"><span class='ocrx_word' id='word_1_110' title='bbox 126 1307 173 1370; x_wconf 93' lang='lat' dir='ltr'>uti</span> <span class='ocrx_word' id='word_1_111' title='bbox 202 1307 353 1374; x_wconf 84' lang='lat' dir='ltr'>volueris.</span> <span class='ocrx_word' id='word_1_112' title='bbox 399 1309 489 1374; x_wconf 87' lang='lat' dir='ltr'>Tunc</span> <span class='ocrx_word' id='word_1_113' title='bbox 518 1309 587 1392; x_wconf 88' lang='lat' dir='ltr'>ipse</span> <span class='ocrx_word' id='word_1_114' title='bbox 617 1310 683 1374; x_wconf 87' lang='lat' dir='ltr'>suis</span> <span class='ocrx_word' id='word_1_115' title='bbox 714 1307 818 1374; x_wconf 86' lang='lat' dir='ltr'>verbis</span> <span class='ocrx_word' id='word_1_116' title='bbox 849 1328 883 1372; x_wconf 90' lang='lat' dir='ltr'>se</span> <span class='ocrx_word' id='word_1_117' title='bbox 914 1310 993 1373; x_wconf 90' lang='lat' dir='ltr'>satis</span> <span class='ocrx_word' id='word_1_118' title='bbox 1024 1310 1200 1376; x_wconf 86' lang='lat' dir='ltr'>excusabit.</span> <span class='ocrx_word' id='word_1_119' title='bbox 1245 1312 1337 1390; x_wconf 84' lang='lat' dir='ltr'>Quod</span> <span class='ocrx_word' id='word_1_120' title='bbox 1360 1320 1392 1382; x_wconf 88' lang='lat' dir='ltr'>ct</span> <span class='ocrx_word' id='word_1_121' title='bbox 1413 1316 1447 1380; x_wconf 91' lang='lat' dir='ltr'>in</span> 
     </span>
     <span class='ocr_line' id='line_1_13' title="bbox 126 1393 1329 1480; baseline 0.003 -20"><span class='ocrx_word' id='word_1_122' title='bbox 126 1393 205 1460; x_wconf 91' lang='lat' dir='ltr'>libro</span> <span class='ocrx_word' id='word_1_123' title='bbox 221 1401 282 1462; x_wconf 91' lang='lat' dir='ltr'>tuo</span> <span class='ocrx_word' id='word_1_124' title='bbox 296 1397 350 1465; x_wconf 86' lang='lat' dir='ltr'>iol.</span> <span class='ocrx_word' id='word_1_125' title='bbox 374 1400 425 1462; x_wconf 88' lang='lat'>11.</span> <span class='ocrx_word' id='word_1_126' title='bbox 437 1446 444 1462; x_wconf 92' lang='lat'><em>.</em></span> <span class='ocrx_word' id='word_1_127' title='bbox 456 1447 463 1462; x_wconf 94' lang='lat'>.</span> <span class='ocrx_word' id='word_1_128' title='bbox 474 1403 525 1470; x_wconf 79' lang='lat' dir='ltr'>.(v.</span> <span class='ocrx_word' id='word_1_129' title='bbox 544 1410 611 1474; x_wconf 69' lang='lat' dir='ltr'>nna</span> <span class='ocrx_word' id='word_1_130' title='bbox 628 1425 652 1475; x_wconf 78' lang='lat' dir='ltr'>p.</span> <span class='ocrx_word' id='word_1_131' title='bbox 671 1405 744 1471; x_wconf 81' lang='lat'>448.)</span> <span class='ocrx_word' id='word_1_132' title='bbox 769 1397 977 1464; x_wconf 82' lang='lat' dir='ltr'>traditionem</span> <span class='ocrx_word' id='word_1_133' title='bbox 1002 1399 1117 1465; x_wconf 80' lang='lat' dir='ltr'>euertit</span> <span class='ocrx_word' id='word_1_134' title='bbox 1129 1451 1137 1467; x_wconf 93' lang='lat'><strong>.</strong></span> <span class='ocrx_word' id='word_1_135' title='bbox 1149 1449 1156 1465; x_wconf 92' lang='lat'><em>.</em></span> <span class='ocrx_word' id='word_1_136' title='bbox 1169 1451 1176 1466; x_wconf 91' lang='lat'><strong>.</strong></span> <span class='ocrx_word' id='word_1_137' title='bbox 1190 1407 1224 1472; x_wconf 81' lang='lat' dir='ltr'>(v.</span> <span class='ocrx_word' id='word_1_138' title='bbox 1243 1411 1329 1480; x_wconf 70' lang='lat' dir='ltr'>inca)</span> 
     </span>
    </p>
   </div>
   <div class='ocr_carea' id='block_1_3' title="bbox 120 1535 1446 2804">
    <p class='ocr_par' dir='ltr' id='par_1_3' title="bbox 120 1535 1446 2804">
     <span class='ocr_line' id='line_1_14' title="bbox 201 1535 1446 1611; baseline 0.006 -23"><span class='ocrx_word' id='word_1_139' title='bbox 201 1535 227 1590; x_wconf 86' lang='lat' dir='ltr'>J.</span> <span class='ocrx_word' id='word_1_140' title='bbox 248 1535 415 1590; x_wconf 79' lang='lat' dir='ltr'>Declserii</span> <span class='ocrx_word' id='word_1_141' title='bbox 437 1537 516 1606; x_wconf 84' lang='lat' dir='ltr'>Resp.</span> <span class='ocrx_word' id='word_1_142' title='bbox 546 1539 669 1608; x_wconf 74' lang='lat' dir='ltr'>(Epistola</span> <span class='ocrx_word' id='word_1_143' title='bbox 696 1538 788 1605; x_wconf 82' lang='lat' dir='ltr'>XIX.):</span> <span class='ocrx_word' id='word_1_144' title='bbox 814 1537 875 1590; x_wconf 88' lang='lat' dir='ltr'>Non</span> <span class='ocrx_word' id='word_1_145' title='bbox 890 1537 1015 1600; x_wconf 83' lang='lat' dir='ltr'>occurrit¹</span> <span class='ocrx_word' id='word_1_146' title='bbox 1033 1537 1128 1609; x_wconf 88' lang='lat' dir='ltr'>inquis,</span> <span class='ocrx_word' id='word_1_147' title='bbox 1144 1539 1266 1594; x_wconf 86' lang='lat' dir='ltr'>Judaeos</span> <span class='ocrx_word' id='word_1_148' title='bbox 1282 1541 1446 1611; x_wconf 73' lang='lat' dir='ltr'>anticipasse</span> 
     </span>
     <span class='ocr_line' id='line_1_15' title="bbox 120 1615 1446 1692; baseline 0.006 -24"><span class='ocrx_word' id='word_1_149' title='bbox 120 1631 174 1668; x_wconf 81' lang='lat' dir='ltr'>aua</span> <span class='ocrx_word' id='word_1_150' title='bbox 197 1616 286 1680; x_wconf 66' lang='lat' dir='ltr'>festa.</span> <span class='ocrx_word' id='word_1_151' title='bbox 308 1623 341 1671; x_wconf 93' lang='lat' dir='ltr'>ut</span> <span class='ocrx_word' id='word_1_152' title='bbox 363 1632 414 1686; x_wconf 86' lang='lat' dir='ltr'>per</span> <span class='ocrx_word' id='word_1_153' title='bbox 439 1615 576 1671; x_wconf 86' lang='lat' dir='ltr'>biennium</span> <span class='ocrx_word' id='word_1_154' title='bbox 600 1617 782 1671; x_wconf 77' lang='lat' dir='ltr'>retraherent</span> <span class='ocrx_word' id='word_1_155' title='bbox 822 1615 895 1672; x_wconf 90' lang='lat' dir='ltr'>Dein</span> <span class='ocrx_word' id='word_1_156' title='bbox 925 1617 1033 1681; x_wconf 85' lang='lat' dir='ltr'>subdis,</span> <span class='ocrx_word' id='word_1_157' title='bbox 1070 1619 1297 1688; x_wconf 80' lang='lat' dir='ltr'>„postpositiones</span> <span class='ocrx_word' id='word_1_158' title='bbox 1323 1622 1388 1692; x_wconf 79' lang='lat' dir='ltr'>lego</span> <span class='ocrx_word' id='word_1_159' title='bbox 1418 1621 1446 1676; x_wconf 88' lang='lat' dir='ltr'>iu</span> 
     </span>
     <span class='ocr_line' id='line_1_16' title="bbox 125 1694 1443 1772; baseline 0.005 -25"><span class='ocrx_word' id='word_1_160' title='bbox 125 1711 172 1747; x_wconf 89' lang='lat' dir='ltr'>usu</span> <span class='ocrx_word' id='word_1_161' title='bbox 191 1696 281 1750; x_wconf 86' lang='lat' dir='ltr'>fuisse</span> <span class='ocrx_word' id='word_1_162' title='bbox 301 1695 423 1762; x_wconf 78' lang='lat' dir='ltr'>iudaeis,</span> <span class='ocrx_word' id='word_1_163' title='bbox 443 1714 496 1766; x_wconf 80' lang='lat' dir='ltr'>non</span> <span class='ocrx_word' id='word_1_164' title='bbox 517 1694 751 1766; x_wconf 80' lang='lat' dir='ltr'>anticipationes.“</span> <span class='ocrx_word' id='word_1_165' title='bbox 794 1695 863 1750; x_wconf 78' lang='lat' dir='ltr'>Mihi</span> <span class='ocrx_word' id='word_1_166' title='bbox 882 1695 960 1750; x_wconf 81' lang='lat' dir='ltr'>testis</span> <span class='ocrx_word' id='word_1_167' title='bbox 981 1697 1099 1750; x_wconf 86' lang='lat' dir='ltr'>occurrit</span> <span class='ocrx_word' id='word_1_168' title='bbox 1118 1699 1204 1767; x_wconf 86' lang='lat' dir='ltr'>probe</span> <span class='ocrx_word' id='word_1_169' title='bbox 1220 1695 1348 1764; x_wconf 82' lang='lat' dir='ltr'>testatus,</span> <span class='ocrx_word' id='word_1_170' title='bbox 1369 1701 1443 1772; x_wconf 91' lang='lat' dir='ltr'>apud</span> 
     </span>
     <span class='ocr_line' id='line_1_17' title="bbox 125 1775 1444 1853; baseline 0.006 -27"><span class='ocrx_word' id='word_1_171' title='bbox 125 1791 202 1845; x_wconf 90' lang='lat' dir='ltr'>quem</span> <span class='ocrx_word' id='word_1_172' title='bbox 221 1777 298 1846; x_wconf 80' lang='lat' dir='ltr'>lego,</span> <span class='ocrx_word' id='word_1_173' title='bbox 319 1778 442 1830; x_wconf 81' lang='lat' dir='ltr'>iudaeos</span> <span class='ocrx_word' id='word_1_174' title='bbox 462 1793 515 1830; x_wconf 91' lang='lat' dir='ltr'>non</span> <span class='ocrx_word' id='word_1_175' title='bbox 529 1778 622 1853; x_wconf 62' lang='lat' dir='ltr'>¹solum</span> <span class='ocrx_word' id='word_1_176' title='bbox 642 1776 788 1848; x_wconf 87' lang='lat' dir='ltr'>aliquando</span> <span class='ocrx_word' id='word_1_177' title='bbox 810 1776 890 1829; x_wconf 90' lang='lat' dir='ltr'>biduo</span> <span class='ocrx_word' id='word_1_178' title='bbox 912 1775 1037 1830; x_wconf 80' lang='lat' dir='ltr'>triduove</span> <span class='ocrx_word' id='word_1_179' title='bbox 1057 1777 1233 1846; x_wconf 65' lang='lat' dir='ltr'>anticipasse,⁸</span> <span class='ocrx_word' id='word_1_180' title='bbox 1253 1782 1300 1833; x_wconf 88' lang='lat' dir='ltr'>sed</span> <span class='ocrx_word' id='word_1_181' title='bbox 1318 1782 1351 1832; x_wconf 88' lang='lat' dir='ltr'>de</span> <span class='ocrx_word' id='word_1_182' title='bbox 1369 1779 1444 1834; x_wconf 80' lang='lat' dir='ltr'>facto</span> 
     </span>
     <span class='ocr_line' id='line_1_18' title="bbox 124 1855 1444 1929; baseline 0.005 -23"><span class='ocrx_word' id='word_1_183' title='bbox 124 1855 205 1908; x_wconf 89' lang='lat' dir='ltr'>etiarn</span> <span class='ocrx_word' id='word_1_184' title='bbox 225 1855 267 1912; x_wconf 91' lang='lat' dir='ltr'>ita</span> <span class='ocrx_word' id='word_1_185' title='bbox 287 1855 453 1926; x_wconf 78' lang='lat' dir='ltr'>anticipasse</span> <span class='ocrx_word' id='word_1_186' title='bbox 474 1855 500 1909; x_wconf 91' lang='lat' dir='ltr'>in</span> <span class='ocrx_word' id='word_1_187' title='bbox 522 1871 602 1919; x_wconf 84' lang='lat' dir='ltr'>anuo,</span> <span class='ocrx_word' id='word_1_188' title='bbox 623 1873 676 1928; x_wconf 89' lang='lat' dir='ltr'>quo</span> <span class='ocrx_word' id='word_1_189' title='bbox 696 1863 740 1909; x_wconf 90' lang='lat' dir='ltr'>est</span> <span class='ocrx_word' id='word_1_190' title='bbox 758 1871 855 1925; x_wconf 86' lang='lat' dir='ltr'>passus</span> <span class='ocrx_word' id='word_1_191' title='bbox 875 1857 1011 1910; x_wconf 78' lang='lat' dir='ltr'>Salvator.</span> <span class='ocrx_word' id='word_1_192' title='bbox 1052 1857 1079 1911; x_wconf 86' lang='lat' dir='ltr'>ls</span> <span class='ocrx_word' id='word_1_193' title='bbox 1099 1865 1142 1911; x_wconf 86' lang='lat' dir='ltr'>est</span> <span class='ocrx_word' id='word_1_194' title='bbox 1162 1859 1189 1913; x_wconf 89' lang='lat' dir='ltr'>S.</span> <span class='ocrx_word' id='word_1_195' title='bbox 1205 1859 1386 1929; x_wconf 84' lang='lat' dir='ltr'>Epiphanius,</span> <span class='ocrx_word' id='word_1_196' title='bbox 1407 1877 1444 1913; x_wconf 81' lang='lat' dir='ltr'>ex</span> 
     </span>
     <span class='ocr_line' id='line_1_19' title="bbox 125 1935 1444 2012; baseline 0.005 -26"><span class='ocrx_word' id='word_1_197' title='bbox 125 1935 227 1988; x_wconf 85' lang='lat' dir='ltr'>Judaeo</span> <span class='ocrx_word' id='word_1_198' title='bbox 252 1935 344 1989; x_wconf 80' lang='lat' dir='ltr'>factus</span> <span class='ocrx_word' id='word_1_199' title='bbox 370 1935 433 1990; x_wconf 74' lang='lat' dir='ltr'>olIm</span> <span class='ocrx_word' id='word_1_200' title='bbox 460 1935 642 1998; x_wconf 83' lang='lat' dir='ltr'>Cluistiauus,</span> <span class='ocrx_word' id='word_1_201' title='bbox 674 1935 774 2006; x_wconf 82' lang='lat' dir='ltr'>quique</span> <span class='ocrx_word' id='word_1_202' title='bbox 788 1936 966 2002; x_wconf 65' lang='lat' dir='ltr'>iudaeorum</span> <span class='ocrx_word' id='word_1_203' title='bbox 993 1937 1202 1991; x_wconf 88' lang='lat' dir='ltr'>consuetudines</span> <span class='ocrx_word' id='word_1_204' title='bbox 1229 1945 1269 2012; x_wconf 21' lang='lat' dir='ltr'>et*</span> <span class='ocrx_word' id='word_1_205' title='bbox 1285 1941 1444 1993; x_wconf 80' lang='lat' dir='ltr'>deuteroses</span> 
     </span>
     <span class='ocr_line' id='line_1_20' title="bbox 125 2014 1443 2084; baseline 0.005 -18"><span class='ocrx_word' id='word_1_206' title='bbox 125 2016 206 2082; x_wconf 89' lang='lat' dir='ltr'>probe</span> <span class='ocrx_word' id='word_1_207' title='bbox 232 2016 343 2078; x_wconf 86' lang='lat' dir='ltr'>calluit,</span> <span class='ocrx_word' id='word_1_208' title='bbox 369 2016 391 2069; x_wconf 88' lang='lat' dir='ltr'>si</span> <span class='ocrx_word' id='word_1_209' title='bbox 417 2015 496 2070; x_wconf 87' lang='lat' dir='ltr'>ullus.</span> <span class='ocrx_word' id='word_1_210' title='bbox 537 2018 614 2070; x_wconf 89' lang='lat' dir='ltr'>Haec</span> <span class='ocrx_word' id='word_1_211' title='bbox 641 2014 699 2084; x_wconf 83' lang='lat' dir='ltr'>ejus</span> <span class='ocrx_word' id='word_1_212' title='bbox 725 2016 792 2068; x_wconf 86' lang='lat' dir='ltr'>cedo</span> <span class='ocrx_word' id='word_1_213' title='bbox 818 2015 905 2069; x_wconf 84' lang='lat' dir='ltr'>verba</span> <span class='ocrx_word' id='word_1_214' title='bbox 930 2015 1039 2070; x_wconf 86' lang='lat' dir='ltr'>haeresi</span> <span class='ocrx_word' id='word_1_215' title='bbox 1066 2017 1119 2072; x_wconf 81' lang='lat'>51:</span> <span class='ocrx_word' id='word_1_216' title='bbox 1167 2014 1300 2072; x_wconf 65' lang='lat' dir='ltr'>mareas</span> <span class='ocrx_word' id='word_1_217' title='bbox 1326 2021 1443 2073; x_wconf 65' lang='lat' dir='ltr'>scandit</span> 
     </span>
     <span class='ocr_line' id='line_1_21' title="bbox 123 2093 1443 2165; baseline 0.005 -19"><span class='ocrx_word' id='word_1_218' title='bbox 123 2095 229 2162; x_wconf 75' lang='lat' dir='ltr'>pascha</span> <span class='ocrx_word' id='word_1_219' title='bbox 254 2096 370 2149; x_wconf 82' lang='lat' dir='ltr'>daciae</span> <span class='ocrx_word' id='word_1_220' title='bbox 396 2093 498 2148; x_wconf 81' lang='lat' dir='ltr'>dictus</span> <span class='ocrx_word' id='word_1_221' title='bbox 523 2104 674 2165; x_wconf 75' lang='lat' dir='ltr'>antequam</span> <span class='ocrx_word' id='word_1_222' title='bbox 699 2095 804 2162; x_wconf 72' lang='lat' dir='ltr'>consedi</span> <span class='ocrx_word' id='word_1_223' title='bbox 829 2095 908 2148; x_wconf 80' lang='lat' dir='ltr'>solet.</span> <span class='ocrx_word' id='word_1_224' title='bbox 950 2097 1018 2149; x_wconf 87' lang='lat' dir='ltr'>Tum</span> <span class='ocrx_word' id='word_1_225' title='bbox 1037 2097 1137 2158; x_wconf 86' lang='lat' dir='ltr'>subdit,</span> <span class='ocrx_word' id='word_1_226' title='bbox 1157 2096 1287 2152; x_wconf 80' lang='lat' dir='ltr'>Jadusos</span> <span class='ocrx_word' id='word_1_227' title='bbox 1308 2116 1339 2152; x_wconf 83' lang='lat' dir='ltr'>eo</span> <span class='ocrx_word' id='word_1_228' title='bbox 1359 2117 1443 2159; x_wconf 75' lang='lat' dir='ltr'>auam</span> 
     </span>
     <span class='ocr_line' id='line_1_22' title="bbox 125 2173 1443 2246; baseline 0.005 -20"><span class='ocrx_word' id='word_1_229' title='bbox 125 2189 177 2242; x_wconf 72' lang='lat' dir='ltr'>piso</span> <span class='ocrx_word' id='word_1_230' title='bbox 202 2173 348 2229; x_wconf 65' lang='lat' dir='ltr'>Christum</span> <span class='ocrx_word' id='word_1_231' title='bbox 374 2177 405 2230; x_wconf 84' lang='lat' dir='ltr'>iss</span> <span class='ocrx_word' id='word_1_232' title='bbox 425 2193 534 2228; x_wconf 72' lang='lat' dir='ltr'>cruam</span> <span class='ocrx_word' id='word_1_233' title='bbox 557 2183 682 2246; x_wconf 59' lang='lat' dir='ltr'>sporum</span> <span class='ocrx_word' id='word_1_234' title='bbox 709 2176 888 2245; x_wconf 73' lang='lat' dir='ltr'>anticipasse</span> <span class='ocrx_word' id='word_1_235' title='bbox 904 2176 1025 2245; x_wconf 76' lang='lat' dir='ltr'>pascito,</span> <span class='ocrx_word' id='word_1_236' title='bbox 1050 2177 1164 2230; x_wconf 67' lang='lat' dir='ltr'>edaces</span> <span class='ocrx_word' id='word_1_237' title='bbox 1184 2177 1262 2230; x_wconf 83' lang='lat' dir='ltr'>iliud</span> <span class='ocrx_word' id='word_1_238' title='bbox 1283 2178 1358 2232; x_wconf 74' lang='lat' dir='ltr'>cissos</span> <span class='ocrx_word' id='word_1_239' title='bbox 1379 2179 1443 2232; x_wconf 82' lang='lat' dir='ltr'>ds&#39;ea</span> 
     </span>
     <span class='ocr_line' id='line_1_23' title="bbox 124 2253 1442 2328; baseline 0.005 -23"><span class='ocrx_word' id='word_1_240' title='bbox 124 2261 192 2314; x_wconf 79' lang='lat' dir='ltr'>esde,</span> <span class='ocrx_word' id='word_1_241' title='bbox 220 2253 367 2309; x_wconf 65' lang='lat' dir='ltr'>canosum</span> <span class='ocrx_word' id='word_1_242' title='bbox 395 2273 462 2308; x_wconf 70' lang='lat' dir='ltr'>cmo</span> <span class='ocrx_word' id='word_1_243' title='bbox 488 2253 642 2309; x_wconf 68' lang='lat' dir='ltr'>Damnem</span> <span class='ocrx_word' id='word_1_244' title='bbox 670 2255 784 2324; x_wconf 80' lang='lat' dir='ltr'>poscito</span> <span class='ocrx_word' id='word_1_245' title='bbox 815 2255 894 2308; x_wconf 84' lang='lat' dir='ltr'>illud</span> <span class='ocrx_word' id='word_1_246' title='bbox 918 2253 1074 2308; x_wconf 74' lang='lat' dir='ltr'>Iudaicum</span> <span class='ocrx_word' id='word_1_247' title='bbox 1104 2273 1165 2310; x_wconf 81' lang='lat' dir='ltr'>cum</span> <span class='ocrx_word' id='word_1_248' title='bbox 1188 2258 1350 2328; x_wconf 77' lang='lat' dir='ltr'>discipulis</span> <span class='ocrx_word' id='word_1_249' title='bbox 1377 2262 1442 2312; x_wconf 80' lang='lat' dir='ltr'>sais</span> 
     </span>
     <span class='ocr_line' id='line_1_24' title="bbox 125 2333 1443 2408; baseline 0.007 -25"><span class='ocrx_word' id='word_1_250' title='bbox 125 2334 279 2395; x_wconf 82' lang='lat' dir='ltr'>emasdisac,</span> <span class='ocrx_word' id='word_1_251' title='bbox 308 2351 365 2389; x_wconf 78' lang='lat' dir='ltr'>acre</span> <span class='ocrx_word' id='word_1_252' title='bbox 390 2335 477 2390; x_wconf 80' lang='lat' dir='ltr'>aliter</span> <span class='ocrx_word' id='word_1_253' title='bbox 491 2333 639 2404; x_wconf 80' lang='lat' dir='ltr'>faciendo,</span> <span class='ocrx_word' id='word_1_254' title='bbox 666 2352 751 2404; x_wconf 80' lang='lat' dir='ltr'>quasa</span> <span class='ocrx_word' id='word_1_255' title='bbox 765 2335 861 2404; x_wconf 79' lang='lat' dir='ltr'>secere</span> <span class='ocrx_word' id='word_1_256' title='bbox 879 2333 995 2388; x_wconf 77' lang='lat' dir='ltr'>Jedeo&#39;.</span> <span class='ocrx_word' id='word_1_257' title='bbox 1036 2337 1264 2402; x_wconf 84' lang='lat' dir='ltr'>Praeveniebant,</span> <span class='ocrx_word' id='word_1_258' title='bbox 1290 2337 1385 2408; x_wconf 87' lang='lat' dir='ltr'>inquit,</span> <span class='ocrx_word' id='word_1_259' title='bbox 1413 2347 1443 2392; x_wconf 89' lang='lat' dir='ltr'>et</span> 
     </span>
     <span class='ocr_line' id='line_1_25' title="bbox 124 2414 1442 2485; baseline 0.006 -21"><span class='ocrx_word' id='word_1_260' title='bbox 124 2416 299 2470; x_wconf 78' lang='lat' dir='ltr'>comedebant</span> <span class='ocrx_word' id='word_1_261' title='bbox 324 2416 443 2485; x_wconf 88' lang='lat' dir='ltr'>pascha,</span> <span class='ocrx_word' id='word_1_262' title='bbox 470 2417 547 2470; x_wconf 85' lang='lat' dir='ltr'>velut</span> <span class='ocrx_word' id='word_1_263' title='bbox 572 2415 747 2485; x_wconf 77' lang='lat' dir='ltr'>evangelium</span> <span class='ocrx_word' id='word_1_264' title='bbox 773 2414 846 2478; x_wconf 87' lang='lat' dir='ltr'>dicit,</span> <span class='ocrx_word' id='word_1_265' title='bbox 873 2420 902 2467; x_wconf 88' lang='lat' dir='ltr'>et</span> <span class='ocrx_word' id='word_1_266' title='bbox 927 2431 976 2469; x_wconf 87' lang='lat' dir='ltr'>noa</span> <span class='ocrx_word' id='word_1_267' title='bbox 1001 2431 1085 2485; x_wconf 83' lang='lat' dir='ltr'>saepe</span> <span class='ocrx_word' id='word_1_268' title='bbox 1110 2416 1236 2480; x_wconf 85' lang='lat' dir='ltr'>diximus,</span> <span class='ocrx_word' id='word_1_269' title='bbox 1263 2417 1442 2474; x_wconf 83' lang='lat' dir='ltr'>comedebant</span> 
     </span>
     <span class='ocr_line' id='line_1_26' title="bbox 124 2479 1440 2568; baseline 0.007 -25"><span class='ocrx_word' id='word_1_270' title='bbox 124 2491 205 2562; x_wconf 75' lang='lat' dir='ltr'>igitur</span> <span class='ocrx_word' id='word_1_271' title='bbox 228 2496 336 2564; x_wconf 86' lang='lat' dir='ltr'>pascha</span> <span class='ocrx_word' id='word_1_272' title='bbox 356 2497 462 2552; x_wconf 88' lang='lat' dir='ltr'>duobus</span> <span class='ocrx_word' id='word_1_273' title='bbox 482 2495 578 2550; x_wconf 83' lang='lat' dir='ltr'>diebus</span> <span class='ocrx_word' id='word_1_274' title='bbox 598 2501 745 2565; x_wconf 86' lang='lat' dir='ltr'>antequam</span> <span class='ocrx_word' id='word_1_275' title='bbox 766 2479 870 2548; x_wconf 82' lang='lat' dir='ltr'>comedi</span> <span class='ocrx_word' id='word_1_276' title='bbox 889 2496 967 2548; x_wconf 86' lang='lat' dir='ltr'>solet</span> <span class='ocrx_word' id='word_1_277' title='bbox 1009 2496 1085 2548; x_wconf 88' lang='lat' dir='ltr'>Haec</span> <span class='ocrx_word' id='word_1_278' title='bbox 1107 2496 1197 2550; x_wconf 88' lang='lat' dir='ltr'>ethis</span> <span class='ocrx_word' id='word_1_279' title='bbox 1217 2496 1299 2567; x_wconf 88' lang='lat' dir='ltr'>plura</span> <span class='ocrx_word' id='word_1_280' title='bbox 1318 2496 1440 2568; x_wconf 80' lang='lat' dir='ltr'>Epipha·</span> 
     </span>
     <span class='ocr_line' id='line_1_27' title="bbox 123 2571 1440 2648; baseline 0.006 -24"><span class='ocrx_word' id='word_1_281' title='bbox 123 2571 190 2636; x_wconf 86' lang='lat' dir='ltr'>nius;</span> <span class='ocrx_word' id='word_1_282' title='bbox 210 2591 284 2645; x_wconf 84' lang='lat' dir='ltr'>quae</span> <span class='ocrx_word' id='word_1_283' title='bbox 306 2592 360 2646; x_wconf 74' lang='lat' dir='ltr'>ego</span> <span class='ocrx_word' id='word_1_284' title='bbox 381 2575 528 2646; x_wconf 87' lang='lat' dir='ltr'>aliquando</span> <span class='ocrx_word' id='word_1_285' title='bbox 549 2575 622 2628; x_wconf 82' lang='lat' dir='ltr'>falsa</span> <span class='ocrx_word' id='word_1_286' title='bbox 641 2592 707 2648; x_wconf 81' lang='lat' dir='ltr'>esse</span> <span class='ocrx_word' id='word_1_287' title='bbox 721 2573 831 2638; x_wconf 89' lang='lat' dir='ltr'>credidi,</span> <span class='ocrx_word' id='word_1_288' title='bbox 852 2575 899 2627; x_wconf 90' lang='lat' dir='ltr'>sed</span> <span class='ocrx_word' id='word_1_289' title='bbox 920 2576 1148 2644; x_wconf 86' lang='lat' dir='ltr'>post&#39;multorum</span> <span class='ocrx_word' id='word_1_290' title='bbox 1169 2593 1301 2630; x_wconf 88' lang='lat' dir='ltr'>annorum</span> <span class='ocrx_word' id='word_1_291' title='bbox 1321 2578 1440 2632; x_wconf 90' lang='lat' dir='ltr'>studium</span> 
     </span>
     <span class='ocr_line' id='line_1_28' title="bbox 123 2652 1441 2727; baseline 0.006 -25"><span class='ocrx_word' id='word_1_292' title='bbox 123 2658 150 2703; x_wconf 89' lang='lat' dir='ltr'>ct</span> <span class='ocrx_word' id='word_1_293' title='bbox 173 2669 238 2708; x_wconf 79' lang='lat' dir='ltr'>vera</span> <span class='ocrx_word' id='word_1_294' title='bbox 263 2661 296 2708; x_wconf 89' lang='lat' dir='ltr'>et</span> <span class='ocrx_word' id='word_1_295' title='bbox 320 2655 455 2709; x_wconf 78' lang='lat' dir='ltr'>vaticiniis</span> <span class='ocrx_word' id='word_1_296' title='bbox 480 2655 676 2724; x_wconf 88' lang='lat' dir='ltr'>prophetarum</span> <span class='ocrx_word' id='word_1_297' title='bbox 704 2666 737 2708; x_wconf 79' lang='lat' dir='ltr'>ac</span> <span class='ocrx_word' id='word_1_298' title='bbox 763 2652 869 2723; x_wconf 87' lang='lat' dir='ltr'>scriptis</span> <span class='ocrx_word' id='word_1_299' title='bbox 894 2653 1136 2724; x_wconf 80' lang='lat' dir='ltr'>Evangelistarum</span> <span class='ocrx_word' id='word_1_300' title='bbox 1162 2657 1294 2727; x_wconf 80' lang='lat' dir='ltr'>cycloque</span> <span class='ocrx_word' id='word_1_301' title='bbox 1314 2657 1386 2712; x_wconf 84' lang='lat' dir='ltr'>Solis</span> <span class='ocrx_word' id='word_1_302' title='bbox 1411 2663 1441 2710; x_wconf 89' lang='lat' dir='ltr'>et</span> 
     </span>
     <span class='ocr_line' id='line_1_29' title="bbox 123 2730 831 2804; baseline 0.004 -21"><span class='ocrx_word' id='word_1_303' title='bbox 123 2730 211 2786; x_wconf 90' lang='lat' dir='ltr'>Lunae</span> <span class='ocrx_word' id='word_1_304' title='bbox 231 2741 419 2790; x_wconf 84' lang='lat' dir='ltr'>consentanea</span> <span class='ocrx_word' id='word_1_305' title='bbox 438 2733 537 2804; x_wconf 86' lang='lat' dir='ltr'>reperi,</span> <span class='ocrx_word' id='word_1_306' title='bbox 559 2735 630 2804; x_wconf 86' lang='lat' dir='ltr'>quod</span> <span class='ocrx_word' id='word_1_307' title='bbox 651 2733 717 2788; x_wconf 82' lang='lat' dir='ltr'>alibi</span> <span class='ocrx_word' id='word_1_308' title='bbox 737 2733 831 2788; x_wconf 86' lang='lat' dir='ltr'>dilato.</span> 
     </span>
    </p>
   </div>
   <div class='ocr_carea' id='block_1_4' title="bbox 121 2830 1439 3032">
    <p class='ocr_par' dir='ltr' id='par_1_4' title="bbox 121 2830 1439 3032">
     <span class='ocr_line' id='line_1_30' title="bbox 201 2830 1439 2947; baseline 0.002 -21"><span class='ocrx_word' id='word_1_309' title='bbox 201 2859 392 2947; x_wconf 88' lang='lat' dir='ltr'>Keplerus</span> <span class='ocrx_word' id='word_1_310' title='bbox 412 2863 525 2947; x_wconf 82' lang='lat' dir='ltr'>&#39;pergit</span> <span class='ocrx_word' id='word_1_311' title='bbox 552 2869 678 2939; x_wconf 78' lang='lat' dir='ltr'>(Epistola</span> <span class='ocrx_word' id='word_1_312' title='bbox 698 2870 808 2936; x_wconf 71' lang='lat' dir='ltr'>xvnhz</span> <span class='ocrx_word' id='word_1_313' title='bbox 847 2861 1065 2928; x_wconf 87' lang='lat' dir='ltr'>Traditionem</span> <span class='ocrx_word' id='word_1_314' title='bbox 1096 2863 1210 2928; x_wconf 73' lang='lat' dir='ltr'>eremit</span> <span class='ocrx_word' id='word_1_315' title='bbox 1232 2830 1377 2947; x_wconf 79' lang='lat' dir='ltr'>Scaliger</span> <span class='ocrx_word' id='word_1_316' title='bbox 1400 2863 1439 2934; x_wconf 91' lang='lat' dir='ltr'>de</span> 
     </span>
     <span class='ocr_line' id='line_1_31' title="bbox 121 2943 1437 3032; baseline 0.008 -22"><span class='ocrx_word' id='word_1_317' title='bbox 121 2946 167 3012; x_wconf 92' lang='lat' dir='ltr'>die</span> <span class='ocrx_word' id='word_1_318' title='bbox 199 2952 303 3018; x_wconf 89' lang='lat' dir='ltr'>natali</span> <span class='ocrx_word' id='word_1_319' title='bbox 332 2951 482 3020; x_wconf 79' lang='lat' dir='ltr'>Domini?</span> <span class='ocrx_word' id='word_1_320' title='bbox 531 2955 575 3017; x_wconf 80' lang='lat' dir='ltr'>At</span> <span class='ocrx_word' id='word_1_321' title='bbox 611 2956 648 3016; x_wconf 87' lang='lat' dir='ltr'>tu</span> <span class='ocrx_word' id='word_1_322' title='bbox 679 2955 712 3016; x_wconf 86' lang='lat' dir='ltr'>et</span> <span class='ocrx_word' id='word_1_323' title='bbox 741 2971 800 3032; x_wconf 79' lang='lat' dir='ltr'>ego</span> <span class='ocrx_word' id='word_1_324' title='bbox 830 2951 1002 3023; x_wconf 80' lang='lat' dir='ltr'>evertimus</span> <span class='ocrx_word' id='word_1_325' title='bbox 1031 2943 1236 3016; x_wconf 82' lang='lat' dir='ltr'>traditionem</span> <span class='ocrx_word' id='word_1_326' title='bbox 1274 2952 1315 3018; x_wconf 91' lang='lat' dir='ltr'>de</span> <span class='ocrx_word' id='word_1_327' title='bbox 1352 2973 1437 3020; x_wconf 89' lang='lat' dir='ltr'>anno</span> 
     </span>
    </p>
   </div>
   <div class='ocr_carea' id='block_1_5' title="bbox 120 3029 1561 3123">
    <p class='ocr_par' dir='ltr' id='par_1_5' title="bbox 120 3029 1561 3123">
     <span class='ocr_line' id='line_1_32' title="bbox 120 3029 1561 3123; baseline 0.006 -25"><span class='ocrx_word' id='word_1_328' title='bbox 120 3039 214 3102; x_wconf 89' lang='lat' dir='ltr'>natali</span> <span class='ocrx_word' id='word_1_329' title='bbox 240 3040 382 3106; x_wconf 89' lang='lat' dir='ltr'>Domini.</span> <span class='ocrx_word' id='word_1_330' title='bbox 427 3038 592 3106; x_wconf 83' lang='lat' dir='ltr'>Habemus</span> <span class='ocrx_word' id='word_1_331' title='bbox 619 3029 677 3106; x_wconf 82' lang='lat' dir='ltr'>nos</span> <span class='ocrx_word' id='word_1_332' title='bbox 704 3038 910 3106; x_wconf 79' lang='lat' dir='ltr'>traditionem</span> <span class='ocrx_word' id='word_1_333' title='bbox 936 3037 1035 3106; x_wconf 87' lang='lat' dir='ltr'>otiam</span> <span class='ocrx_word' id='word_1_334' title='bbox 1062 3039 1302 3123; x_wconf 75' lang='lat' dir='ltr'>chrysostomi?</span> <span class='ocrx_word' id='word_1_335' title='bbox 1338 3039 1439 3106; x_wconf 89' lang='lat' dir='ltr'>habet</span> <span class='ocrx_word' id='word_1_336' title='bbox 1558 3038 1561 3048; x_wconf 78' lang='grc'><strong>’</strong></span> 
     </span>
    </p>
   </div>
   <div class='ocr_carea' id='block_1_6' title="bbox 116 3124 1462 4191">
    <p class='ocr_par' dir='ltr' id='par_1_6' title="bbox 116 3124 1462 4191">
     <span class='ocr_line' id='line_1_33' title="bbox 121 3124 1445 3214; baseline 0.009 -27"><span class='ocrx_word' id='word_1_337' title='bbox 121 3124 169 3189; x_wconf 91' lang='lat' dir='ltr'>ille</span> <span class='ocrx_word' id='word_1_338' title='bbox 194 3129 293 3193; x_wconf 85' lang='lat' dir='ltr'>etiam</span> <span class='ocrx_word' id='word_1_339' title='bbox 315 3149 374 3212; x_wconf 91' lang='lat' dir='ltr'>pro</span> <span class='ocrx_word' id='word_1_340' title='bbox 396 3149 430 3194; x_wconf 90' lang='lat' dir='ltr'>se</span> <span class='ocrx_word' id='word_1_341' title='bbox 452 3129 549 3194; x_wconf 88' lang='lat' dir='ltr'>aliam</span> <span class='ocrx_word' id='word_1_342' title='bbox 570 3129 752 3214; x_wconf 86' lang='lat' dir='ltr'>Epiphanii.</span> <span class='ocrx_word' id='word_1_343' title='bbox 797 3125 923 3193; x_wconf 90' lang='lat' dir='ltr'>Utimur</span> <span class='ocrx_word' id='word_1_344' title='bbox 945 3127 1004 3193; x_wconf 83' lang='lat' dir='ltr'>n&#39;os</span> <span class='ocrx_word' id='word_1_345' title='bbox 1025 3129 1248 3210; x_wconf 65' lang='lat' dir='ltr'>argumentis?</span> <span class='ocrx_word' id='word_1_346' title='bbox 1278 3126 1381 3194; x_wconf 85' lang='lat' dir='ltr'>utitur</span> <span class='ocrx_word' id='word_1_347' title='bbox 1403 3137 1445 3200; x_wconf 80' lang='lat' dir='ltr'>et</span> 
     </span>
     <span class='ocr_line' id='line_1_34' title="bbox 119 3207 1437 3304; baseline 0.008 -28"><span class='ocrx_word' id='word_1_348' title='bbox 119 3211 169 3278; x_wconf 88' lang='lat' dir='ltr'>illo</span> <span class='ocrx_word' id='word_1_349' title='bbox 196 3219 396 3300; x_wconf 81' lang='lat' dir='ltr'>argumentis</span> <span class='ocrx_word' id='word_1_350' title='bbox 425 3223 459 3282; x_wconf 92' lang='lat' dir='ltr'>et</span> <span class='ocrx_word' id='word_1_351' title='bbox 487 3207 617 3301; x_wconf 77' lang='lat' dir='ltr'>quddam</span> <span class='ocrx_word' id='word_1_352' title='bbox 647 3217 777 3295; x_wconf 89' lang='lat' dir='ltr'>talibus,</span> <span class='ocrx_word' id='word_1_353' title='bbox 808 3237 945 3300; x_wconf 86' lang='lat' dir='ltr'>quorum</span> <span class='ocrx_word' id='word_1_354' title='bbox 972 3215 1109 3283; x_wconf 87' lang='lat' dir='ltr'>alterum</span> <span class='ocrx_word' id='word_1_355' title='bbox 1135 3224 1182 3298; x_wconf 91' lang='lat' dir='ltr'>tu,</span> <span class='ocrx_word' id='word_1_356' title='bbox 1214 3216 1354 3284; x_wconf 72' lang='lat' dir='ltr'>alternum</span> <span class='ocrx_word' id='word_1_357' title='bbox 1377 3239 1437 3304; x_wconf 78' lang='lat' dir='ltr'>ego</span> 
     </span>
     <span class='ocr_line' id='line_1_35' title="bbox 119 3305 1436 3391; baseline 0.002 -20"><span class='ocrx_word' id='word_1_358' title='bbox 119 3305 238 3371; x_wconf 85' lang='lat' dir='ltr'>maximi</span> <span class='ocrx_word' id='word_1_359' title='bbox 259 3307 412 3390; x_wconf 47' lang='lat' dir='ltr'>,facimus</span> <span class='ocrx_word' id='word_1_360' title='bbox 466 3306 601 3372; x_wconf 90' lang='lat' dir='ltr'>Omnino</span> <span class='ocrx_word' id='word_1_361' title='bbox 631 3307 772 3372; x_wconf 69' lang='lat' dir='ltr'>duceret</span> <span class='ocrx_word' id='word_1_362' title='bbox 794 3305 846 3371; x_wconf 87' lang='lat' dir='ltr'>rel</span> <span class='ocrx_word' id='word_1_363' title='bbox 868 3311 903 3370; x_wconf 91' lang='lat' dir='ltr'>te</span> <span class='ocrx_word' id='word_1_364' title='bbox 924 3305 1129 3386; x_wconf 85' lang='lat' dir='ltr'>concedente,</span> <span class='ocrx_word' id='word_1_365' title='bbox 1152 3306 1180 3375; x_wconf 92' lang='lat' dir='ltr'>si</span> <span class='ocrx_word' id='word_1_366' title='bbox 1203 3305 1337 3391; x_wconf 89' lang='lat' dir='ltr'>eclipsin</span> <span class='ocrx_word' id='word_1_367' title='bbox 1358 3307 1436 3374; x_wconf 90' lang='lat' dir='ltr'>anni</span> 
     </span>
     <span class='ocr_line' id='line_1_36' title="bbox 118 3387 1436 3480; baseline 0.005 -25"><span class='ocrx_word' id='word_1_368' title='bbox 118 3387 230 3459; x_wconf 78' lang='lat' dir='ltr'>dubani</span> <span class='ocrx_word' id='word_1_369' title='bbox 260 3402 316 3461; x_wconf 79' lang='lat'>45.</span> <span class='ocrx_word' id='word_1_370' title='bbox 346 3395 431 3462; x_wconf 88' lang='lat' dir='ltr'>tueri</span> <span class='ocrx_word' id='word_1_371' title='bbox 460 3402 581 3477; x_wconf 68' lang='lat' dir='ltr'>possm,</span> <span class='ocrx_word' id='word_1_372' title='bbox 606 3415 706 3478; x_wconf 86' lang='lat' dir='ltr'>quam</span> <span class='ocrx_word' id='word_1_373' title='bbox 736 3415 794 3476; x_wconf 81' lang='lat' dir='ltr'>ego</span> <span class='ocrx_word' id='word_1_374' title='bbox 824 3391 1030 3460; x_wconf 84' lang='lat' dir='ltr'>commodiori</span> <span class='ocrx_word' id='word_1_375' title='bbox 1057 3400 1217 3476; x_wconf 84' lang='lat' dir='ltr'>permuta.</span> <span class='ocrx_word' id='word_1_376' title='bbox 1263 3394 1330 3460; x_wconf 84' lang='lat' dir='ltr'>Cur</span> <span class='ocrx_word' id='word_1_377' title='bbox 1358 3417 1436 3480; x_wconf 77' lang='lat' dir='ltr'>orgo</span> 
     </span>
     <span class='ocr_line' id='line_1_37' title="bbox 117 3477 1433 3568; baseline 0.002 -18"><span class='ocrx_word' id='word_1_378' title='bbox 117 3477 259 3550; x_wconf 77' lang='lat' dir='ltr'>undose</span> <span class='ocrx_word' id='word_1_379' title='bbox 299 3485 361 3568; x_wconf 88' lang='lat' dir='ltr'>ipsi</span> <span class='ocrx_word' id='word_1_380' title='bbox 390 3483 566 3567; x_wconf 85' lang='lat' dir='ltr'>exprobras</span> <span class='ocrx_word' id='word_1_381' title='bbox 596 3483 862 3548; x_wconf 86' lang='lat' dir='ltr'>declamationem</span> <span class='ocrx_word' id='word_1_382' title='bbox 891 3502 989 3564; x_wconf 87' lang='lat' dir='ltr'>super</span> <span class='ocrx_word' id='word_1_383' title='bbox 1018 3484 1199 3564; x_wconf 79' lang='lat' dir='ltr'>argumenti</span> <span class='ocrx_word' id='word_1_384' title='bbox 1228 3481 1433 3555; x_wconf 83' lang='lat' dir='ltr'>firmitudine.</span> 
     </span>
     <span class='ocr_line' id='line_1_38' title="bbox 118 3569 1434 3658; baseline 0.007 -26"><span class='ocrx_word' id='word_1_385' title='bbox 118 3587 184 3635; x_wconf 91' lang='lat' dir='ltr'>cum</span> <span class='ocrx_word' id='word_1_386' title='bbox 212 3579 249 3638; x_wconf 92' lang='lat' dir='ltr'>tu</span> <span class='ocrx_word' id='word_1_387' title='bbox 281 3573 352 3658; x_wconf 90' lang='lat' dir='ltr'>ipse</span> <span class='ocrx_word' id='word_1_388' title='bbox 381 3572 441 3638; x_wconf 92' lang='lat' dir='ltr'>hoc</span> <span class='ocrx_word' id='word_1_389' title='bbox 461 3572 548 3638; x_wconf 86' lang='lat' dir='ltr'>idem</span> <span class='ocrx_word' id='word_1_390' title='bbox 569 3591 670 3653; x_wconf 82' lang='lat' dir='ltr'>genus</span> <span class='ocrx_word' id='word_1_391' title='bbox 692 3571 872 3654; x_wconf 78' lang='lat' dir='ltr'>argumenti</span> <span class='ocrx_word' id='word_1_392' title='bbox 894 3569 982 3638; x_wconf 84' lang='lat' dir='ltr'>obelo</span> <span class='ocrx_word' id='word_1_393' title='bbox 1005 3572 1148 3652; x_wconf 82' lang='lat' dir='ltr'>aeques?</span> <span class='ocrx_word' id='word_1_394' title='bbox 1192 3569 1308 3654; x_wconf 87' lang='lat' dir='ltr'>Itaque</span> <span class='ocrx_word' id='word_1_395' title='bbox 1330 3571 1434 3640; x_wconf 84' lang='lat' dir='ltr'>multo</span> 
     </span>
     <span class='ocr_line' id='line_1_39' title="bbox 117 3657 1433 3744; baseline 0.002 -20"><span class='ocrx_word' id='word_1_396' title='bbox 117 3663 261 3744; x_wconf 88' lang='lat' dir='ltr'>majorem</span> <span class='ocrx_word' id='word_1_397' title='bbox 282 3663 381 3728; x_wconf 89' lang='lat' dir='ltr'>fidem</span> <span class='ocrx_word' id='word_1_398' title='bbox 403 3661 451 3726; x_wconf 89' lang='lat' dir='ltr'>rei</span> <span class='ocrx_word' id='word_1_399' title='bbox 473 3659 667 3740; x_wconf 84' lang='lat' dir='ltr'>conciliabis,</span> <span class='ocrx_word' id='word_1_400' title='bbox 688 3660 716 3726; x_wconf 89' lang='lat' dir='ltr'>si</span> <span class='ocrx_word' id='word_1_401' title='bbox 738 3659 840 3724; x_wconf 86' lang='lat' dir='ltr'>dicas:</span> <span class='ocrx_word' id='word_1_402' title='bbox 863 3679 949 3726; x_wconf 81' lang='lat' dir='ltr'>uere.</span> <span class='ocrx_word' id='word_1_403' title='bbox 959 3657 1089 3742; x_wconf 91' lang='lat' dir='ltr'>quidem</span> <span class='ocrx_word' id='word_1_404' title='bbox 1110 3657 1239 3724; x_wconf 86' lang='lat' dir='ltr'>firmum</span> <span class='ocrx_word' id='word_1_405' title='bbox 1254 3681 1323 3726; x_wconf 89' lang='lat' dir='ltr'>esse</span> <span class='ocrx_word' id='word_1_406' title='bbox 1338 3683 1433 3744; x_wconf 64' lang='lat' dir='ltr'>argu·</span> 
     </span>
     <span class='ocr_line' id='line_1_40' title="bbox 118 3747 1434 3836; baseline 0.005 -26"><span class='ocrx_word' id='word_1_407' title='bbox 118 3756 269 3832; x_wconf 90' lang='lat' dir='ltr'>mentum,</span> <span class='ocrx_word' id='word_1_408' title='bbox 312 3751 370 3816; x_wconf 86' lang='lat' dir='ltr'>sed</span> <span class='ocrx_word' id='word_1_409' title='bbox 404 3747 605 3836; x_wconf 82' lang='lat' dir='ltr'>Scaligerum</span> <span class='ocrx_word' id='word_1_410' title='bbox 637 3749 671 3814; x_wconf 92' lang='lat' dir='ltr'>id</span> <span class='ocrx_word' id='word_1_411' title='bbox 709 3749 793 3814; x_wconf 91' lang='lat' dir='ltr'>male</span> <span class='ocrx_word' id='word_1_412' title='bbox 826 3747 1102 3828; x_wconf 83' lang='lat' dir='ltr'>accommodasse,</span> <span class='ocrx_word' id='word_1_413' title='bbox 1138 3749 1285 3819; x_wconf 85' lang='lat' dir='ltr'>delmum</span> <span class='ocrx_word' id='word_1_414' title='bbox 1318 3749 1434 3836; x_wconf 87' lang='lat' dir='ltr'>&#39;eclipsi</span> 
     </span>
     <span class='ocr_line' id='line_1_41' title="bbox 118 3832 1462 3925; baseline 0.004 -26"><span class='ocrx_word' id='word_1_415' title='bbox 118 3832 230 3922; x_wconf 87' lang='lat' dir='ltr'>Lunae,</span> <span class='ocrx_word' id='word_1_416' title='bbox 259 3845 462 3924; x_wconf 84' lang='lat' dir='ltr'>qua&#39;ercpta</span> <span class='ocrx_word' id='word_1_417' title='bbox 483 3838 534 3905; x_wconf 79' lang='lat' dir='ltr'>ael</span> <span class='ocrx_word' id='word_1_418' title='bbox 555 3838 625 3922; x_wconf 91' lang='lat' dir='ltr'>ipso</span> <span class='ocrx_word' id='word_1_419' title='bbox 649 3837 808 3920; x_wconf 78' lang='lat' dir='ltr'>Scaligero</span> <span class='ocrx_word' id='word_1_420' title='bbox 830 3842 911 3904; x_wconf 87' lang='lat' dir='ltr'>teste</span> <span class='ocrx_word' id='word_1_421' title='bbox 934 3835 1020 3900; x_wconf 90' lang='lat' dir='ltr'>coire</span> <span class='ocrx_word' id='word_1_422' title='bbox 1042 3836 1207 3904; x_wconf 85' lang='lat' dir='ltr'>articulos.</span> <span class='ocrx_word' id='word_1_423' title='bbox 1252 3837 1381 3919; x_wconf 90' lang='lat' dir='ltr'>Postea,</span> <span class='ocrx_word' id='word_1_424' title='bbox 1405 3839 1433 3904; x_wconf 88' lang='lat' dir='ltr'>si</span> <span class='ocrx_word' id='word_1_425' title='bbox 1460 3917 1462 3925; x_wconf 16' lang='grc' dir='ltr'><strong><em>γ</em></strong></span> 
     </span>
     <span class='ocr_line' id='line_1_42' title="bbox 117 3921 1431 4024; baseline 0.004 -37"><span class='ocrx_word' id='word_1_426' title='bbox 117 3921 197 4008; x_wconf 90' lang='lat' dir='ltr'>libet,</span> <span class='ocrx_word' id='word_1_427' title='bbox 227 3948 395 4009; x_wconf 85' lang='lat' dir='ltr'>recensere</span> <span class='ocrx_word' id='word_1_428' title='bbox 422 3934 514 4012; x_wconf 86' lang='lat' dir='ltr'>potes</span> <span class='ocrx_word' id='word_1_429' title='bbox 540 3928 640 4010; x_wconf 88' lang='lat' dir='ltr'>ipsius</span> <span class='ocrx_word' id='word_1_430' title='bbox 662 3926 944 4010; x_wconf 81' lang='lat' dir='ltr'>intemperantiam</span> <span class='ocrx_word' id='word_1_431' title='bbox 966 3923 1146 4006; x_wconf 86' lang='lat' dir='ltr'>verborum,</span> <span class='ocrx_word' id='word_1_432' title='bbox 1178 3947 1246 4012; x_wconf 86' lang='lat' dir='ltr'>qua</span> <span class='ocrx_word' id='word_1_433' title='bbox 1267 3929 1431 4024; x_wconf 78' lang='lat' dir='ltr'>abstinere</span> 
     </span>
     <span class='ocr_line' id='line_1_43' title="bbox 116 4012 1432 4101; baseline 0.003 -26"><span class='ocrx_word' id='word_1_434' title='bbox 116 4012 255 4084; x_wconf 86' lang='lat' dir='ltr'>debuerit</span> <span class='ocrx_word' id='word_1_435' title='bbox 282 4019 318 4084; x_wconf 92' lang='lat' dir='ltr'>in</span> <span class='ocrx_word' id='word_1_436' title='bbox 340 4038 376 4082; x_wconf 93' lang='lat' dir='ltr'>re</span> <span class='ocrx_word' id='word_1_437' title='bbox 397 4015 595 4100; x_wconf 82' lang='lat' dir='ltr'>disputabili,</span> <span class='ocrx_word' id='word_1_438' title='bbox 619 4013 675 4082; x_wconf 88' lang='lat' dir='ltr'>ubi</span> <span class='ocrx_word' id='word_1_439' title='bbox 698 4015 737 4082; x_wconf 91' lang='lat' dir='ltr'>de</span> <span class='ocrx_word' id='word_1_440' title='bbox 758 4015 967 4081; x_wconf 75' lang='lat' dir='ltr'>coridonem</span> <span class='ocrx_word' id='word_1_441' title='bbox 988 4015 1195 4096; x_wconf 78' lang='lat' dir='ltr'>auctoritate,</span> <span class='ocrx_word' id='word_1_442' title='bbox 1225 4016 1432 4101; x_wconf 88' lang='lat' dir='ltr'>antiquitatis</span> 
     </span>
     <span class='ocr_line' id='line_1_44' title="bbox 116 4099 1431 4191; baseline 0.005 -27"><span class='ocrx_word' id='word_1_443' title='bbox 116 4099 228 4172; x_wconf 89' lang='lat' dir='ltr'>honore</span> <span class='ocrx_word' id='word_1_444' title='bbox 250 4109 368 4191; x_wconf 83' lang='lat' dir='ltr'>agitur.</span> <span class='ocrx_word' id='word_1_445' title='bbox 413 4104 476 4171; x_wconf 90' lang='lat' dir='ltr'>Ubi</span> <span class='ocrx_word' id='word_1_446' title='bbox 497 4105 615 4171; x_wconf 82' lang='lat' dir='ltr'>merita</span> <span class='ocrx_word' id='word_1_447' title='bbox 637 4109 707 4190; x_wconf 91' lang='lat' dir='ltr'>ejus</span> <span class='ocrx_word' id='word_1_448' title='bbox 729 4103 816 4186; x_wconf 87' lang='lat' dir='ltr'>bona</span> <span class='ocrx_word' id='word_1_449' title='bbox 833 4107 925 4188; x_wconf 78' lang='lat' dir='ltr'>Justa</span> <span class='ocrx_word' id='word_1_450' title='bbox 946 4108 1136 4185; x_wconf 88' lang='lat' dir='ltr'>prosecutus</span> <span class='ocrx_word' id='word_1_451' title='bbox 1157 4103 1256 4170; x_wconf 78' lang='lat' dir='ltr'>lucris</span> <span class='ocrx_word' id='word_1_452' title='bbox 1270 4105 1431 4182; x_wconf 87' lang='lat' dir='ltr'>oratioue,</span> 
     </span>
    </p>
   </div>
   <div class='ocr_carea' id='block_1_7' title="bbox 115 4189 1429 4354">
    <p class='ocr_par' dir='ltr' id='par_1_7' title="bbox 115 4189 1429 4354">
     <span class='ocr_line' id='line_1_45' title="bbox 115 4189 1429 4278; baseline -0.003 -20"><span class='ocrx_word' id='word_1_453' title='bbox 115 4196 218 4275; x_wconf 74' lang='lat' dir='ltr'>aequm</span> <span class='ocrx_word' id='word_1_454' title='bbox 241 4196 376 4265; x_wconf 85' lang='lat' dir='ltr'>auribus</span> <span class='ocrx_word' id='word_1_455' title='bbox 398 4194 575 4278; x_wconf 83' lang='lat' dir='ltr'>excipieris,</span> <span class='ocrx_word' id='word_1_456' title='bbox 606 4194 634 4260; x_wconf 91' lang='lat' dir='ltr'>si</span> <span class='ocrx_word' id='word_1_457' title='bbox 655 4199 689 4260; x_wconf 88' lang='lat' dir='ltr'>ct</span> <span class='ocrx_word' id='word_1_458' title='bbox 710 4193 798 4260; x_wconf 89' lang='lat' dir='ltr'>mala</span> <span class='ocrx_word' id='word_1_459' title='bbox 818 4189 1171 4276; x_wconf 82' lang='lat' dir='ltr'>meritasubjunxeris.</span> <span class='ocrx_word' id='word_1_460' title='bbox 1217 4197 1314 4266; x_wconf 67' lang='lat' dir='ltr'>werbe</span> <span class='ocrx_word' id='word_1_461' title='bbox 1327 4205 1385 4256; x_wconf 80' lang='lat' dir='ltr'>inas</span> <span class='ocrx_word' id='word_1_462' title='bbox 1398 4217 1429 4254; x_wconf 83' lang='lat' dir='ltr'>a:</span> 
     </span>
     <span class='ocr_line' id='line_1_46' title="bbox 117 4281 908 4354; baseline -0.005 -16"><span class='ocrx_word' id='word_1_463' title='bbox 117 4297 172 4338; x_wconf 68' lang='lat' dir='ltr'>socr</span> <span class='ocrx_word' id='word_1_464' title='bbox 187 4289 262 4354; x_wconf 66' lang='lat' dir='ltr'>argei*</span> <span class='ocrx_word' id='word_1_465' title='bbox 274 4327 280 4339; x_wconf 95' lang='lat'>.</span> <span class='ocrx_word' id='word_1_466' title='bbox 292 4327 299 4340; x_wconf 90' lang='lat'><em>.</em></span> <span class='ocrx_word' id='word_1_467' title='bbox 311 4325 318 4338; x_wconf 94' lang='lat'><strong><em>.</em></strong></span> <span class='ocrx_word' id='word_1_468' title='bbox 328 4289 378 4338; x_wconf 91' lang='lat' dir='ltr'>hnc</span> <span class='ocrx_word' id='word_1_469' title='bbox 394 4301 473 4352; x_wconf 83' lang='lat' dir='ltr'>usqua</span> <span class='ocrx_word' id='word_1_470' title='bbox 493 4302 507 4336; x_wconf 89' lang='lat' dir='ltr'>e</span> <span class='ocrx_word' id='word_1_471' title='bbox 525 4288 702 4350; x_wconf 82' lang='lat' dir='ltr'>manuscriptis</span> <span class='ocrx_word' id='word_1_472' title='bbox 715 4281 908 4345; x_wconf 64' lang='lat' dir='ltr'>vdesursushuus.)</span> 
     </span>
    </p>
   </div>
   <div class='ocr_carea' id='block_1_8' title="bbox 115 4391 1428 4786">
    <p class='ocr_par' dir='ltr' id='par_1_8' title="bbox 115 4391 1428 4786">
     <span class='ocr_line' id='line_1_47' title="bbox 186 4391 1428 4467; baseline -0.006 -15"><span class='ocrx_word' id='word_1_473' title='bbox 186 4398 210 4453; x_wconf 82' lang='lat' dir='ltr'>J.</span> <span class='ocrx_word' id='word_1_474' title='bbox 230 4397 426 4453; x_wconf 80' lang='lat' dir='ltr'>Declserius</span> <span class='ocrx_word' id='word_1_475' title='bbox 452 4399 579 4467; x_wconf 80' lang='lat' dir='ltr'>(Epistola</span> <span class='ocrx_word' id='word_1_476' title='bbox 604 4399 696 4464; x_wconf 65' lang='lat' dir='ltr'>mi:</span> <span class='ocrx_word' id='word_1_477' title='bbox 737 4395 842 4449; x_wconf 86' lang='lat' dir='ltr'>Ibidem</span> <span class='ocrx_word' id='word_1_478' title='bbox 862 4393 938 4456; x_wconf 90' lang='lat' dir='ltr'>dicis,</span> <span class='ocrx_word' id='word_1_479' title='bbox 958 4393 1131 4464; x_wconf 76' lang='lat' dir='ltr'>scaligerum</span> <span class='ocrx_word' id='word_1_480' title='bbox 1152 4393 1179 4448; x_wconf 90' lang='lat' dir='ltr'>in</span> <span class='ocrx_word' id='word_1_481' title='bbox 1193 4391 1428 4448; x_wconf 65' lang='lat' dir='ltr'>senmntiadedie</span> 
     </span>
     <span class='ocr_line' id='line_1_48' title="bbox 116 4471 1428 4548; baseline -0.002 -22"><span class='ocrx_word' id='word_1_482' title='bbox 116 4478 194 4530; x_wconf 81' lang='lat' dir='ltr'>natali</span> <span class='ocrx_word' id='word_1_483' title='bbox 214 4478 315 4534; x_wconf 83' lang='lat' dir='ltr'>Christi</span> <span class='ocrx_word' id='word_1_484' title='bbox 335 4478 443 4546; x_wconf 42' lang='lat' dir='ltr'>habere,</span> <span class='ocrx_word' id='word_1_485' title='bbox 460 4471 517 4546; x_wconf 85' lang='lat' dir='ltr'>pro&#39;</span> <span class='ocrx_word' id='word_1_486' title='bbox 530 4493 561 4530; x_wconf 86' lang='lat' dir='ltr'>se</span> <span class='ocrx_word' id='word_1_487' title='bbox 580 4476 755 4530; x_wconf 85' lang='lat' dir='ltr'>traditionem</span> <span class='ocrx_word' id='word_1_488' title='bbox 775 4473 931 4548; x_wconf 78' lang='lat' dir='ltr'>Epiphauii.</span> <span class='ocrx_word' id='word_1_489' title='bbox 958 4473 1028 4537; x_wconf 85' lang='lat' dir='ltr'>Quid</span> <span class='ocrx_word' id='word_1_490' title='bbox 1048 4473 1093 4530; x_wconf 88' lang='lat' dir='ltr'>hic</span> <span class='ocrx_word' id='word_1_491' title='bbox 1114 4473 1212 4528; x_wconf 77' lang='lat' dir='ltr'>audio?</span> <span class='ocrx_word' id='word_1_492' title='bbox 1232 4471 1428 4540; x_wconf 79' lang='lat' dir='ltr'>vultScaliger</span> 
     </span>
     <span class='ocr_line' id='line_1_49' title="bbox 115 4550 1426 4625; baseline -0.003 -19"><span class='ocrx_word' id='word_1_493' title='bbox 115 4565 201 4610; x_wconf 88' lang='lat' dir='ltr'>natum</span> <span class='ocrx_word' id='word_1_494' title='bbox 221 4558 358 4612; x_wconf 85' lang='lat' dir='ltr'>Christum</span> <span class='ocrx_word' id='word_1_495' title='bbox 384 4575 476 4612; x_wconf 86' lang='lat' dir='ltr'>meuse</span> <span class='ocrx_word' id='word_1_496' title='bbox 496 4557 651 4625; x_wconf 86' lang='lat' dir='ltr'>Septembri</span> <span class='ocrx_word' id='word_1_497' title='bbox 676 4561 705 4610; x_wconf 87' lang='lat' dir='ltr'>et</span> <span class='ocrx_word' id='word_1_498' title='bbox 725 4563 885 4623; x_wconf 82' lang='lat' dir='ltr'>conceptum</span> <span class='ocrx_word' id='word_1_499' title='bbox 906 4553 933 4608; x_wconf 92' lang='lat' dir='ltr'>in</span> <span class='ocrx_word' id='word_1_500' title='bbox 953 4553 1103 4610; x_wconf 72' lang='lat' dir='ltr'>quuader</span> <span class='ocrx_word' id='word_1_501' title='bbox 1143 4552 1209 4615; x_wconf 89' lang='lat' dir='ltr'>Quis</span> <span class='ocrx_word' id='word_1_502' title='bbox 1230 4550 1358 4606; x_wconf 83' lang='lat' dir='ltr'>exomni</span> <span class='ocrx_word' id='word_1_503' title='bbox 1379 4550 1426 4605; x_wconf 92' lang='lat' dir='ltr'>illo</span> 
     </span>
     <span class='ocr_line' id='line_1_50' title="bbox 115 4629 1424 4707; baseline -0.005 -20"><span class='ocrx_word' id='word_1_504' title='bbox 115 4633 156 4690; x_wconf 84' lang='lat' dir='ltr'>SS.</span> <span class='ocrx_word' id='word_1_505' title='bbox 181 4639 291 4694; x_wconf 78' lang='lat' dir='ltr'>Palmum</span> <span class='ocrx_word' id='word_1_506' title='bbox 316 4639 399 4693; x_wconf 87' lang='lat' dir='ltr'>choro</span> <span class='ocrx_word' id='word_1_507' title='bbox 427 4637 455 4692; x_wconf 86' lang='lat' dir='ltr'>id</span> <span class='ocrx_word' id='word_1_508' title='bbox 473 4653 593 4707; x_wconf 87' lang='lat' dir='ltr'>unquam</span> <span class='ocrx_word' id='word_1_509' title='bbox 613 4635 774 4692; x_wconf 79' lang='lat' dir='ltr'>somniavit?</span> <span class='ocrx_word' id='word_1_510' title='bbox 800 4634 843 4688; x_wconf 91' lang='lat' dir='ltr'>cui</span> <span class='ocrx_word' id='word_1_511' title='bbox 864 4635 908 4687; x_wconf 81' lang='lat' dir='ltr'>vel</span> <span class='ocrx_word' id='word_1_512' title='bbox 930 4633 956 4688; x_wconf 92' lang='lat' dir='ltr'>in</span> <span class='ocrx_word' id='word_1_513' title='bbox 976 4639 1094 4687; x_wconf 80' lang='lat' dir='ltr'>mentem</span> <span class='ocrx_word' id='word_1_514' title='bbox 1114 4631 1206 4686; x_wconf 88' lang='lat' dir='ltr'>venire</span> <span class='ocrx_word' id='word_1_515' title='bbox 1226 4637 1327 4698; x_wconf 88' lang='lat' dir='ltr'>posset,</span> <span class='ocrx_word' id='word_1_516' title='bbox 1348 4629 1424 4682; x_wconf 88' lang='lat' dir='ltr'>Chri·</span> 
     </span>
     <span class='ocr_line' id='line_1_51' title="bbox 116 4710 1425 4786; baseline -0.003 -18"><span class='ocrx_word' id='word_1_517' title='bbox 116 4721 177 4768; x_wconf 75' lang='lat' dir='ltr'>stum</span> <span class='ocrx_word' id='word_1_518' title='bbox 197 4727 256 4771; x_wconf 87' lang='lat' dir='ltr'>octo</span> <span class='ocrx_word' id='word_1_519' title='bbox 277 4723 383 4774; x_wconf 87' lang='lat' dir='ltr'>tantum</span> <span class='ocrx_word' id='word_1_520' title='bbox 404 4717 540 4771; x_wconf 86' lang='lat' dir='ltr'>mensibus</span> <span class='ocrx_word' id='word_1_521' title='bbox 561 4716 692 4786; x_wconf 76' lang='lat' dir='ltr'>uirgineis</span> <span class='ocrx_word' id='word_1_522' title='bbox 713 4714 797 4767; x_wconf 80' lang='lat' dir='ltr'>fuisse</span> <span class='ocrx_word' id='word_1_523' title='bbox 818 4714 944 4767; x_wconf 87' lang='lat' dir='ltr'>claustris</span> <span class='ocrx_word' id='word_1_524' title='bbox 965 4713 1114 4767; x_wconf 88' lang='lat' dir='ltr'>inclusum?</span> <span class='ocrx_word' id='word_1_525' title='bbox 1133 4711 1177 4763; x_wconf 85' lang='lat' dir='ltr'>vel</span> <span class='ocrx_word' id='word_1_526' title='bbox 1193 4710 1425 4780; x_wconf 86' lang='lat' dir='ltr'>quistarnparum</span> 
     </span>
    </p>
   </div>
   <div class='ocr_carea' id='block_1_9' title="bbox 0 0 1702 5540">
    <p class='ocr_par' dir='ltr' id='par_1_9' title="bbox 0 0 1702 5540">
     <span class='ocr_line' id='line_1_52' title="bbox 0 0 1702 5540; baseline 0 7"><span class='ocrx_word' id='word_1_527' title='bbox 0 0 1702 5540; x_wconf 95' lang='lat' dir='ltr'> </span> 
     </span>
    </p>
   </div>
  </div>
 </body>
</html>
