3428 5542
102 361 107 378 .
221 299 291 382 ,188
787 321 1007 390 comarcus

226 464 278 528 sai
287 465 452 548 pvrpandi
466 485 582 538 emrsa;
603 465 658 548 qui
675 485 730 548 per
747 467 796 530 13.
811 469 939 541 detersti,
962 467 1088 530 tandem
1108 465 1226 549 insecta
1246 473 1281 528 rs
1302 464 1351 527 14.
1371 463 1505 527 redeant
1526 461 1569 524 ad

226 553 394 618 Herodem
424 551 493 619 Jsm
512 555 559 621 15.
578 555 625 620 16.
643 549 692 620 17.
710 556 760 620 18.
776 557 912 620 dabimus
927 558 1018 624 rebus
1033 555 1243 640 pendentibus,
1259 556 1328 619 dum
1337 551 1485 617 Herodes
1497 571 1569 615 rna-

227 644 270 709 lis
285 641 495 708 ctircsclerrtia
517 645 651 708 Modiam
671 653 810 721 coactas,
832 669 960 712 mosam
981 649 1076 710 mittit
1096 645 1232 730 lepatam
1254 643 1425 710 Nicolaum
1446 661 1503 725 per
1521 640 1570 705 19.

189 771 193 794 1
228 741 320 816 atqve
339 735 369 796 is
387 733 508 797 Romae
524 733 652 820 Syllam
678 736 762 800 diem
780 738 876 810 dicim
900 737 989 800 detur
1009 737 1078 801 huic
1102 737 1152 800 20.
1184 735 1273 800 ’11666
1297 732 1418 798 Caesar
1439 732 1572 796 babebat

227 823 262 886 in
275 823 390 909 receati
402 823 553 888 maneria
566 846 728 890 mammam
743 828 915 890 occisorum
928 825 1085 900 Arabum,
1108 847 1196 908 parra
1208 827 1301 908 privs
1316 821 1476 908 Syllam,
1499 819 1585 884 He-'

226 913 335 977 rodem
356 933 521 988 scamaras,
543 915 679 980 diaerat.
714 916 795 979 Vide
810 916 917 999 igitur,
939 936 978 980 66
1000 924 1119 998 tempus
1145 917 1235 997 longe
1263 915 1385 978 brevius
1412 930 1504 994 quam
1531 911 1571 976 10

226 1003 372 1068 mensium
392 1005 599 1068 intercesserit
618 1007 699 1069 inter
721 1007 944 1071 accusationem
968 1014 1001 1070 et
1025 1006 1259 1070 excusationem.
1298 1003 1419 1068 Caesar
1439 997 1574 1064 Nicobri

229 1095 369 1158 oratioue
389 1091 609 1159 reconciliatos
622 1095 764 1169 Herodi,
787 1095 889 1160 literis
909 1117 980 1160 vero
994 1095 1137 1159 Herodis
1158 1095 1198 1158 de
1206 1093 1351 1178 filioram
1362 1091 1504 1174 perfidia
1518 1109 1572 1151 ec-

227 1183 298 1246 dem
311 1189 459 1246 momento
473 1204 601 1249 rossam
612 1175 827 1268 pertrabatur,
849 1205 984 1249 mensem
1004 1187 1055 1249 21.
1070 1186 1259 1266 interponat,
1281 1184 1377 1246 donec
1397 1181 1573 1244 rescriberes

226 1265 353 1336 Herodi
363 1279 544 1354 potestatem
562 1275 592 1336 ei
612 1276 697 1338 necis
709 1273 854 1357 filioram
867 1277 974 1358 facit:
1002 1275 1052 1357 qui
1073 1274 1198 1337 nuncius
1221 1280 1348 1354 occupet
1364 1273 1416 1346 22,
1431 1269 1572 1333 residuos

169 1359 177 1378 '
228 1362 303 1424 duos
318 1361 463 1426 Herodes
477 1365 692 1428 convocatione
706 1365 920 1442 Rammorvm
935 1365 1101 1448 Raptim,
1117 1363 1317 1428 danmatione
1331 1370 1362 1424 et
1375 1357 1573 1441 6661161116-

225 1471 297 1514 ram
311 1459 476 1515 consumat
502 1451 584 1517 Sane
600 1474 656 1518 nec
672 1455 771 1518 odium
788 1455 852 1534 ejus
867 1457 898 1517 iu
914 1454 1000 1531 lilios,
1015 1461 1087 1536 post
1102 1453 1196 1536 ipsius
1212 1453 1343 1516 reditum
1356 1453 1572 1523 instauratum,

203 1621 211 1630 ,
226 1539 338 1604 (1161166
352 1541 472 1605 biennio
493 1542 526 1605 iu
539 1542 597 1606 hoc
619 1543 742 1626 fastigio
765 1552 848 1608 stare
864 1543 972 1626 potuit.
1011 1545 1120 1625 Itaque
1133 1543 1210 1606 haec
1226 1542 1326 1606 omnis
1340 1541 1423 1604 intro
1439 1537 1573 1622 spatium

228 1631 270 1694 24
285 1631 439 1707 mensium,
455 1631 572 1695 scilicet
586 1633 617 1699 in
633 1633 684 1697 39.
701 1639 733 1697 et
748 1634 799 1697 40.
814 1634 969 1698 lulianum
982 1633 1128 1698 incidunt.
1162 1633 1282 1698 Abhinc
1297 1631 1434 1694 iuvenies
1450 1628 1573 1692 circiter

230 1720 270 1783 14
286 1739 404 1784 meuses
428 1721 466 1783 ad
481 1722 571 1786 finem
591 1725 674 1788 vitae
688 1723 830 1789 Herodis.
860 1724 982 1787 Etenim
990 1723 1074 1806 filiis
1088 1721 1232 1786 Herodis
1245 1719 1431 1786 Alecmrdrc
1447 1727 1480 1782 et
1493 1717 1573 1782 Ari-

226 1807 344 1874 dotato
356 1811 479 1894 sraade
495 1814 616 1897 fratris
633 1813 800 1896 Antipatri
820 1815 867 1877 sic
889 1815 928 1876 ab
943 1812 1073 1877 Herode
1090 1820 1184 1894 patre
1199 1811 1382 1884 interessetis,
1404 1809 1574 1890 Antipater

228 1894 359 1981 (recenti
374 1899 476 1981 utique
491 1903 637 1966 memoris
651 1897 741 1984 lacti)
753 1901 916 1984 paulatim
929 1904 1009 1966 venit
1023 1903 1058 1964 in
1073 1903 1189 1965 odiam
1226 1902 1325 1965 Detur
1347 1901 1416 1963 huic
1435 1899 1482 1962 rei
1498 1916 1572 1978 spo·

227 1989 303 2052 tium
317 1996 509 2067 menstruum,
525 1992 595 2055 dum
609 1993 639 2055 is
652 1993 778 2056 interim
791 1994 881 2075 repni
895 1993 1067 2074 cupiditate
1085 1999 1116 2054 a
1134 1992 1301 2075 manifesto
1314 1987 1458 2072 pericula
1479 1987 1575 2050 irreti-

225 2085 319 2161 pavr
328 2080 418 2160 patri
432 2099 550 2162 poaque
565 2081 691 2146 Herodi
704 2083 740 2146 in
754 2081 885 2146 Iudaea
899 2089 928 2143 et
935 2083 1097 2164 fratribvs
1111 2083 1222 2144 ceteris
1235 2081 1357 2143 Romae
1369 2099 1429 2161 per
1443 2073 1575 2139 clanm-

226 2169 326 2231 stinas
341 2165 450 2233 literas
462 2171 580 2235 covarr
592 2171 738 2254 insidias.
768 2173 860 2235 Alter
873 2171 987 2234 mensis
1002 2171 1095 2235 obest
1109 2171 1179 2233 dum
1194 2167 1304 2234 literas
1316 2170 1413 2233 ndttit
1425 2165 1574 2238 Romans,

228 2259 267 2322 ab
282 2258 392 2321 amicis
403 2260 547 2339 petitam,
568 2268 604 2324 vt
617 2269 725 2325 carent
738 2281 772 2323 se
786 2283 808 2325 a
824 2260 963 2324 Caesare
984 2262 1104 2324 occasi
1109 2283 1120 2322 :
1142 2259 1235 2323 tertio
1256 2261 1388 2323 redeant
1400 2259 1509 2321 Roma
1522 2275 1574 2318 re-

226 2367 342 2432 speum
356 2350 530 2414 amicornm
544 2358 574 2413 et
586 2353 723 2426 vocatio;
746 2359 854 2433 quarto
869 2353 936 2432 ipse
952 2352 1065 2413 citatas
1079 2357 1132 2414 eat
1144 2349 1289 2413 Romam.
1430 2411 1434 2424 ,

313 2437 416 2520 Atque
429 2439 555 2502 interim
569 2441 638 2522 ipse
652 2442 762 2504 absens
776 2447 806 2503 et
819 2441 982 2523 fratribvs
1003 2448 1113 2504 avator
1131 2441 1225 2512 necis,
1245 2445 1275 2501 et
1288 2437 1449 2522 fratribvs
1464 2435 1576 2500 ceteris
1664 2447 1667 2454 ⁴

227 2528 348 2612 ipsique
365 2529 455 2610 patri
474 2528 600 2593 Herodi
620 2530 793 2594 insidiatos
811 2532 912 2607 fnisse
934 2531 1141 2594 convincatur.
1176 2528 1225 2592 Ab
1245 2529 1303 2593 lroc
1327 2525 1463 2592 articulo
1478 2546 1575 2607 aspere

228 2619 273 2684 ad
287 2617 354 2701 ἠιιι
369 2617 539 2684 discessum
554 2640 593 2684 ea
607 2621 682 2684 vrbe
691 2619 805 2694 mora,
822 2620 899 2684 dvm
909 2622 1000 2702 patri
1007 2620 1166 2686 revocanti
1170 2625 1271 2701 paret,
1287 2617 1445 2700 Josephus
1459 2615 1577 2678 diserte

227 2715 370 2774 numerat
383 2728 502 2772 mereses
515 2717 640 2792 septem,
657 2711 836 2774 admiratum
849 2711 930 2791 ipse,
951 2717 1071 2776 mabam
1086 2709 1234 2791 temporis
1248 2709 1387 2791 matiam
1402 2704 1469 2768 labi
1480 2711 1575 2787 poter-

228 2799 298 2872 r'sse,
313 2797 483 2878 Annpavo
498 2819 561 2862 non
574 2797 762 2882 intellipente
774 2795 951 2881 pericolum
963 2821 1062 2863 anam
1091 2800 1230 2862 Mensem
1249 2799 1352 2880 itsque
1369 2795 1577 2860 duodecimum

177 2963 181 2974 Ι
228 2889 361 2951 insumat
373 2886 406 2948 in
419 2887 559 2951 reditum.
588 2886 630 2951 In
645 2891 714 2972 ipso
731 2889 823 2952 adita
836 2886 963 2970 patriae
976 2892 1010 2952 in
1023 2885 1150 2953 viomado
1164 2888 1318 2972 conjectas
1331 2893 1386 2960 est,
1402 2885 1578 2966 missaeque

229 2977 273 3038 ad
289 2973 458 3038 casarea
471 2973 623 3040 scelerum
636 2980 769 3042 manaae
785 2979 904 3052 literae,
922 2980 1028 3062 quibus
1047 2979 1096 3041 13.
1119 2977 1210 3041 cedet
1223 2977 1352 3052 mensis3
1376 2983 1409 3038 et
1426 2974 1477 3037 14.
1492 2975 1577 3056 rese-

227 3071 320 3128 ratur
333 3067 602 3131 commorante
617 3089 639 3130 a
649 3067 796 3143 Caesare,
812 3089 876 3150 poa
891 3076 1019 3151 accepta
1028 3067 1183 3142 Herodes,
1191 3067 1265 3151 jam
1278 3067 1385 3130 morbo
1393 3063 1577 3146 implicitum,

228 3155 355 3218 caedem
375 3151 443 3236 filii
467 3175 656 3239 properasse
674 3157 801 3240 legitur,
831 3161 884 3222 cai
903 3180 967 3223 non
987 3155 1126 3241 amplias
1147 3157 1282 3240 quinque
1302 3156 1372 3220 dies
1391 3153 1577 3236 svperrriait·

227 3243 272 3308 Ut
279 3244 326 3306 its
335 3243 429 3306 etium
438 3263 476 3307 ex
485 3246 632 3312 historice
642 3256 788 3312 contextu
797 3248 961 3331 intelligas,
976 3248 1130 3313 Herodem
1138 3254 1288 3311 mortuum
1298 3265 1377 3309 anno
1387 3243 1578 3308 4216116116.

315 3331 369 3394 m.
401 3335 486 3398 Idem
502 3355 598 3401 sunus
613 3339 721 3402 mortis
736 3338 869 3402 Herodis
888 3358 946 3421 per
961 3339 1091 3402 altemm
1107 3337 1200 3400 etism
1213 3336 1346 3400 Herodis
1369 3351 1580 3398 successorem

226 3421 399 3504 Philippum
413 3425 560 3507 probetur
574 3429 606 3491 io
620 3429 699 3492 hunc
721 3429 850 3491 modum.
888 3429 1033 3492 Affirmat
1047 3427 1201 3511 Josephus
1218 3435 1375 3490 mortuam
1389 3421 1581 3506 Philippum

227 3532 309 3577 armo
324 3507 385 3576 20.
398 3511 538 3590 ittera·
560 3517 587 3580 is
604 3525 660 3595 est,
675 3537 731 3599 per
739 3526 876 3582 nostram
885 3519 1078 3602 hypothesin,
1092 3517 1231 3582 Julianus
1242 3511 1293 3580 78.
1317 3515 1492 3597 Imperavit
1507 3531 1580 3576 vero

232 3622 333 3666 aanor
350 3598 398 3665 37
414 3605 523 3668 ecdem
538 3613 619 3670 teste.
650 3608 758 3689 Itaque
775 3609 928 3672 sirannus
944 3604 996 3672 78.
1012 3609 1098 3690 regui
1112 3607 1245 3688 Philippi
1261 3602 1312 3670 37.
1336 3607 1419 3686 Ergo
1435 3603 1580 3668 411611-

229 3711 305 3756 snus
321 3699 371 3755 est
384 3694 499 3775 primus
514 3695 632 3778 imperii
646 3697 797 3780 Philippi,
816 3699 940 3761 ultimus
955 3697 1048 3780 igitur
1061 3697 1180 3780 imperii
1195 3696 1340 3759 Herodis:
1363 3695 1409 3757 its
1423 3699 1460 3756 ut
1474 3693 1579 3756 Hera·

125 3777 138 3810 ·’
229 3783 283 3846 dss
297 3781 350 3845 illc
366 3803 445 3846 suno
461 3785 553 3851 luerit
567 3795 712 3850 mortuus.

316 3872 421 3954 Atque
442 3874 520 3939 hsec
541 3876 600 3940 duo
623 3883 804 3957 arguments
826 3895 859 3938 se
881 3875 957 3958 ipsis
981 3875 1057 3940 odeo
1079 3875 1179 3939 vsiide
1203 3881 1274 3938 sunt
1291 3874 1439 3948 revincto,
1454 3879 1492 3934 ut
1508 3873 1534 3936 si
1551 3872 1582 3935 in

229 3961 316 4026 suuis
332 3961 463 4028 Herodis
478 3965 556 4028 velis
573 3966 710 4047 argutari
726 3973 759 4029 et
775 3966 932 4047 scrupulos
949 3966 1106 4048 colligere,
1129 3984 1239 4047 neque,
1260 3970 1295 4027 ut
1315 3963 1406 4027 hodie
1421 3962 1582 4044 loquimur,

228 4050 374 4120 inclusive
390 4073 558 4130 numerare,
581 4056 624 4120 sic
639 4063 675 4119 ut
688 4055 821 4119 Herodis
837 4056 981 4119 decessus
1002 4057 1034 4119 in
1050 4055 1101 4119 43.
1116 4055 1241 4131 incidat,
1258 4053 1362 4117 stetim
1377 4052 1535 4134 Josephus
1550 4059 1585 4115 ut

227 4142 312 4226 prius
326 4141 359 4205 in
373 4141 528 4208 Archelao
551 4145 595 4208 sic
613 4145 679 4227 jorn
699 4146 729 4208 in
745 4144 886 4229 Phiiippo
908 4147 999 4228 plone
1022 4146 1105 4209 dicat
1126 4145 1252 4221 laisum,
1273 4144 1332 4207 nisi
1348 4151 1380 4206 et
1393 4142 1457 4206 illic
1472 4141 1584 4206 Dionis

229 4230 442 4295 bl.Julisnum
450 4233 537 4296 ethic
544 4235 565 4298 J
566 4236 672 4317 osephi
681 4236 730 4299 20.
736 4235 930 4299 'liberianum
936 4255 991 4318 per
999 4235 1086 4301 0666.
1094 4242 1283 4298 numeratum
1289 4234 1417 4298 velimus
1425 4231 1584 4296 excedere.

316 4321 428 4384 Mirum
441 4323 474 4385 in
488 4323 537 4387 his
552 4324 642 4389 rebus
657 4324 767 4388 fatum:
791 4345 858 4388 oum
874 4323 1013 4407 Scaliger
1034 4326 1084 4389 hic
1105 4326 1260 4401 haereret,
1283 4323 1384 4404 coepit
1407 4323 1584 4403 conjecture

229 4412 370 4475 mendum
385 4411 415 4473 iu
430 4412 566 4493 Josepho
583 4422 615 4476 61
629 4433 684 4496 pro
701 4414 861 4494 20iegsre
885 4417 935 4478 22.
959 4416 1038 4499 quod
1059 4435 1125 4479 cum
1148 4415 1288 4490 lecisset,
1309 4411 1427 4476 invenit
1440 4411 1584 4476 Rufinum

230 4508 366 4564 veterem
380 4500 509 4582 Josephi
523 4503 738 4584 interpretem,
760 4505 810 4585 qui
831 4503 878 4567 ita
898 4511 935 4567 ut
949 4505 1001 4568 ille
1017 4505 1191 4586 conjecerat
1212 4511 1261 4566 est
1275 4504 1508 4584 interpretatus.
1539 4500 1584 4564 At

231 4609 284 4653 seu
290 4587 493 4653 mensRuliuo
502 4591 727 4656 oberraveritiu
736 4594 947 4675 computando,
956 4595 1064 4657 iisdem
1072 4613 1137 4657 cum
1145 4592 1303 4675 Scaligero
1311 4591 1483 4655 rationihu
1491 4597 1583 4665 mota

232 4697 284 4741 seu
299 4679 406 4742 mauris
423 4681 591 4755 scribendo,
607 4681 737 4746 adverso
751 4682 847 4745 hebet
863 4683 1122 4765 JosephiGraece
1137 4683 1331 4765 exemplaris,
1347 4680 1582 4745 6066666616-

232 4767 317 4850 sephi
326 4787 440 4832 rnorem
447 4771 625 4834 numerandi
639 4790 694 4853 per
702 4771 859 4835 Romanos
876 4773 1024 4850 consules,
1041 4775 1307 4856 adversamipsem
1324 4772 1401 4835 odeo
1410 4771 1582 4834 veritatem

318 4855 469 4939 objicitur
482 4879 556 4936 ¹vero
572 4861 668 4924 series
682 4861 830 4925 historiae
839 4861 968 4945 Josephi
982 4863 1033 4928 lib.
1052 4862 1101 4927 18.
1118 4883 1183 4946 cop.
1194 4863 1224 4941 6,
1239 4863 1290 4928 uhi
1304 4861 1427 4926 Vitellii
1440 4860 1580 4926 rcsPs'r-
