3396 5540
646 278 754 342 Eclogae
779 277 926 326 chronicae.
1383 279 1445 342 4119
1478 295 1482 302 ’

121 454 209 538 cyclo
234 473 372 518 erroneo
391 453 499 517 Lunae
521 458 600 517 tunc
622 452 813 534 anticipasse
830 453 967 516 Nicenas
986 451 1093 516 biduo.
1132 452 1193 528 Qui
1215 473 1291 518 vero
1315 461 1363 520 10.
1378 455 1445 520 011.
1541 517 1547 530 ,

88 555 94 566 ’
121 545 282 622 dixerunt
307 563 376 618 rem
398 561 459 610 acu
481 537 663 624 tetigerunt.
710 542 833 606 Tenent
855 543 938 630 enim
961 547 993 604 et
1014 541 1126 605 leriam
1150 548 1182 604 et
1204 543 1329 607 Lunam
1353 544 1445 608 Nice·

120 639 196 696 nam
215 653 289 696 curn
308 631 489 716 Epiphanio
507 630 540 694 in
563 635 612 695 10.
634 629 711 711 Cal,
736 627 834 716 qua'm
852 629 1052 713 Epiphanius
1068 629 1235 694 transtulit
1252 634 1286 696 in
1309 637 1358 698 13.
1377 633 1445 698 Cal.

121 723 228 785 (lausa
245 721 339 805 hujus
359 720 577 785 translationis
596 720 629 784 in
649 718 784 784 obscuro
802 725 859 782 est.
890 719 942 784 Sic
957 725 1062 784 auitam
1081 717 1223 804 loquitur
1238 720 1305 802 ipse
1321 721 1444 788 haeresi

121 809 157 874 L.
175 809 347 892 .uun·igeus
366 809 447 874 alios
470 812 543 894 jam'
558 808 675 873 dictes:
699 807 817 890 τάληθη
842 817 881 884 de,
907 806 947 880 ὥς
963 809 997 871 ἐκ
1018 813 1125 887 aeliae
1144 806 1292 889 ἅκριβειας
1311 811 1446 897 ἔγνωμεν,

120 899 155 962 ir
177 923 213 980 ap
227 923 284 981 προ
307 907 379 963 dean
400 923 541 980 τριων...
566 903 788 978 κάτειληφαμεν.
833 897 881 962 Ex
909 897 1026 979 quibus
1050 894 1166 974 verbiS,
1193 898 1221 962 si
1243 901 1448 982 conjecturae

121 988 226 1068 locus,
257 987 385 1052 videtur
405 986 604 1069 Epiphanius
630 981 764 1050 1111111111
789 984 920 1049 illorum
946 985 1095 1049 relationi
1121 983 1278 1064 adhibita,
1309 989 1364 1069 qui
1396 995 1445 1054 10.

122 1076 192 1141 Cal.
217 1077 373 1150 dixerant,
406 1077 575 1139 veritatem
604 1075 804 1157 pervertisse,
836 1095 930 1156 quarn
958 1075 1028 1156 ipse
1055 1071 1191 1158 putabat
1216 1095 1251 1137 11
1273 1076 1448 1141 rectissime
1526 1099 1532 1108 ·

121 1165 409 1248 comprehendisse.
443 1165 526 1228 Nam
546 1183 618 1228 cunr
637 1163 766 1242 rideret,
789 1163 1028 1246 aequinoctium
1046 1169 1190 1244 tempore
1210 1163 1447 1230 (lhristifuisse

122 1275 163 1318 ex
192 1254 364 1318 traditione
381 1250 543 1319 Caesaris
572 1252 606 1316 in
639 1269 667 1315 1.
694 1252 761 1317 Cal.
794 1251 869 1334 Apr.
900 1253 1136 1334 invenissetque
1171 1251 1205 1314 in
1241 1255 1320 1317 actis
1350 1254 1448 1319 Pilati

121 1343 305 1426 passionem
329 1347 378 1406 10.
401 1342 479 1422 eci,
504 1343 611 1424 itaque
634 1341 825 1405 resurreetio
845 1341 998 1405 incideret
1016 1341 1051 1406 iu
1069 1340 1205 1404 eundem
1224 1345 1255 1408 8.
1276 1341 1345 1408 Gal.
1357 1344 1445 1426 Apr,

123 1429 297 1515 perpendit
318 1431 423 1512 igitur,
449 1431 718 1494 resurrectionem
735 1429 872 1494 incidere
895 1431 928 1492 in
951 1430 1035 1494 diem
1062 1429 1255 1511 aequinoctii
1295 1437 1334 1502 (in
1360 1457 1444 1505 mser:

122 1527 150 1580 8.
172 1523 322 1596 01111111..
345 1525 415 1578 diem
429 1525 602 1594 aequinoctii,
623 1523 736 1594 primum
751 1525 802 1576 hoc
818 1523 964 1577 memoriae
985 1523 1082 1585 infixit,
1104 1523 1242 1602 Christum
1260 1525 1447 1578 resurrexisse

122 1614 168 1666 die
185 1609 370 1684 aequinoctii),
391 1620 473 1682 quae
495 1599 626 1664 traditio
650 1599 716 1662 late
739 1605 920 1682 propagata
944 1606 1022 1663 erat.
1057 1599 1099 1662 Α1
1121 1599 1198 1680 quia
1221 1620 1279 1664 suo
1301 1606 1449 1683 tempore

124 1688 175 1752 vel
200 1689 295 1770 paulo
318 1695 393 1752 ante
413 1689 652 1770 aequinoctium
672 1689 707 1752 in
736 1693 784 1750 11.
811 1687 983 1764 Celeret,
1000 1686 1216 1770 Epiphanius,
1240 1689 1278 1752 ut
1302 1689 1359 1772 qui
1382 1710 1448 1754 non

122 1777 164 1842 de
192 1777 346 1842 historiae
373 1777 452 1854 lide,
484 1777 541 1840 ssd
569 1777 609 1842 de
637 1776 798 1861 paschatis
829 1775 1044 1842 celebratione
1073 1774 1246 1858 cogitabat,
1278 1777 1339 1842 hoc
1369 1797 1450 1842 suae

122 1866 311 1948 diligentiae
340 1863 477 1948 putabat
504 1885 589 1944 esse,
620 1873 667 1942 ut,
699 1867 781 1928 sicut
810 1865 1050 1946 aequinoctium
1081 1865 1187 1930 triduo
1216 1866 1324 1930 sedem
1355 1886 1447 1932 suam

122 1955 357 2034 antevertisset,
386 1954 433 2018 sic
454 1954 550 2018 etiam
577 1956 768 2024 resurrectio
791 1959 824 2017 et
847 1955 953 2038 passio
970 1953 1095 2054 ¹Christi
1122 1953 1229 2022 triduo
1258 1955 1449 2020 ascenderet

4 2115 10 2124 ,
123 2044 158 2108 in
185 2049 235 2119 11.
260 2048 293 2106 11
320 2047 369 2108 13.
394 2042 462 2106 011.
485 2041 615 2126 Aprilis.
644 2041 694 2107 ,si
716 2043 796 2108 haec
817 2041 998 2125 Epiphanio
1021 2063 1086 2106 nou
1104 2042 1165 2108 fuit
1187 2044 1317 2110 urendi
1340 2043 1437 2108 causa

122 2133 211 2197 dicat
233 2133 306 2214 quis
329 2131 437 2198 aliam.
1426 2160 1439 2175 ν

212 2245 381 2330 Sequitur:
405 2245 642 2330 ὕπερβεβηκοτων
664 2245 762 2311 adron
790 2244 1021 2328 asturiensem:
1051 2245 1214 2312 Christum
1244 2249 1288 2311 ait
1315 2268 1448 2330 passum

126 2341 176 2400 13.
203 2336 270 2401 cai.
291 2336 420 2419 Aprilis,
446 2357 517 2400 cum
540 2334 658 2400 ludaei
679 2335 968 2403 transscendissent
990 2355 1086 2421 uriam
1107 2352 1283 2418 vesperam,
1302 2335 1447 2402 Christus

126 2425 211 2488 enim
243 2431 276 2489 et
305 2427 388 2490 l'orte
418 2445 490 2489 curn
520 2446 558 2489 eo
590 2445 666 2508 pars
697 2424 890 2488 ludaeorum
921 2423 1125 2487 comederant
1160 2425 1280 2506 pascha
1311 2431 1447 2490 exeunte

122 2513 217 2577 Luna
246 2511 332 2578 XIV.
364 2512 443 2598 cycli
473 2513 616 2590 duclaici,
648 2512 765 2576 Judaei
796 2507 959 2594 postridie.
1012 2513 1083 2579 Vox
1113 2510 1238 2596 teneque
1269 2515 1376 2596 arguit
1407 2513 1447 2577 de

122 2601 277 2686 paschate
300 2603 406 2686 ipsum
429 2602 529 2686 loqui,
555 2602 630 2686 quia
652 2599 776 2684 vesperi
798 2601 859 2664 hoc
882 2599 1116 2667 comedebatur.

213 2725 296 2792 Tova’
321 2727 412 2804 11111,
440 2728 472 2792 ἐν
494 2752 529 2809 τῃ
551 2735 844 2809 τεσσαρεςκαιδεκατῃ
868 2752 917 2806 της
940 2729 1058 2806 σεληνης
1082 2751 1232 2809 ’νυκτερινῃ
1254 2751 1335 2810 prop.
1381 2720 1448 2790 Nec

123 2816 203 2900 nihil
231 2816 325 2900 capio
346 2817 543 2904 1111111111.
588 2817 664 2882 Fuit
684 2816 751 2882 illa,
765 2835 841 2882 sanc
864 2813 931 2879 dies
953 2813 1084 2878 ludaeis
1108 2813 1180 2896 (per
1195 2815 1447 2892 translationem,

121 2903 297 2988 terpsicore)
328 2905 573 2988 quartadecima,
605 2903 699 2988 paulo
729 2909 803 2988 post
821 2909 956 2968 mortem
973 2901 1089 2968 Christi
1106 2903 1255 2982 desitura,
1280 2903 1355 2988 quia
1371 2909 1448 2968 tunc

122 3001 216 3074 erant
246 2995 419 3072 comesturi
446 2993 576 3079 pascha.
622 2995 664 3058 nt
693 3015 757 3058 uon
786 2992 926 3076 loquitur
956 2991 996 3054 de
1027 2991 1088 3056 hac
1111 2991 1359 3074 quartadecuna,
1391 2993 1448 3058 sed

120 3083 161 3148 de
191 3093 484 3166 τεσσαρεςκαιδεκατῃ
511 3108 561 3164 της
590 3089 722 3166 oelqrpg,
761 3100 856 3164 quam
885 3101 994 3144 rocem
1024 3100 1080 3161 ego
1110 3077 1254 3166 intelligo
1286 3080 1325 3146 de
1355 3083 1444 3164 cyclo

121 3169 256 3236 Niceno.
280 3171 384 3236 'Nam
408 3179 443 3258 ut
465 3172 552 3236 vides
573 3169 740 3238 intabula
762 3169 943 3254 Epiphanii,
968 3173 1022 3234 13.
1045 3169 1176 3240 Calend.
1200 3173 1276 3252 Apr.
1292 3171 1325 3235 in
1341 3178 1448 3236 mente

122 3259 296 3348 Epiphauii
318 3263 487 3346 occupavit
508 3261 698 3344 principium
721 3281 777 3324 seu
798 3265 923 3326 noctem
945 3257 1053 3326 Lunae
1073 3257 1156 3335 XIV,
1180 3279 1276 3340 quam
1294 3259 1449 3327 Niceuanr

122 3371 192 3414 esse
215 3349 294 3414 feria
317 3349 486 3416 conuincit.
531 3350 652 3416 Verum
674 3349 735 3414 hoc
757 3369 822 3414 nou
845 3353 893 3412 est
911 3345 1004 3426 idem,
1030 3368 1068 3410 ac
1084 3342 1244 3410 Christian
1258 3349 1349 3416 Luna
1365 3348 1448 3414 Xll'.

122 3459 253 3522 passum
284 3459 362 3516 esse,
394 3439 421 3503 si
451 3460 563 3522 passus
586 3445 635 3502 est
657 3459 694 3502 eo
717 3437 778 3516 die,
803 3439 889 3520 cujus
912 3435 975 3499 diei
990 3437 1075 3516 'pars
1098 3439 1260 3516 postrema
1282 3438 1340 3500 tuit
1362 3439 1450 3520 priu-

122 3527 240 3610 cipium
264 3525 380 3594 ,Lunae
395 3559 397 3564 ·
410 3527 493 3594 XIV.
540 3525 657 3590 Passus
688 3527 772 3590 enim
802 3527 847 3590 sle
878 3531 927 3588 est
955 3524 988 3588 in
1011 3546 1049 3588 ea
1072 3531 1164 3606 parte
1187 3523 1259 3602 diei,
1285 3547 1365 3608 quae
1388 3527 1452 3592 t'uit

122 3615 233 3680 adhuc
263 3616 464 3682 accensenda
482 3617 600 3681 Lunae
630 3613 716 3688 XIII.
747 3615 898 3678 Niccnae.
952 3612 1022 3678 Nisi
1055 3610 1137 3676 forte
1165 3619 1202 3679 ut
1230 3615 1450 3696 Evangdistae

121 3704 247 3770 dicunt:
284 3703 345 3768 »Et
368 3707 455 3772 venit
475 3705 579 3790 prima
601 3723 811 3788 azymorum«
845 3701 892 3784 lid
914 3707 971 3779 est,
1001 3699 1068 3776 (lies
1091 3700 1185 3780 venit,
1214 3702 1248 3766 in
1265 3705 1357 3788 cujus
1380 3726 1449 3767 res·

120 3814 203 3876 pera
233 3793 402 3878 inceptura
425 3801 496 3859 crat
521 3793 626 3876 prima
647 3789 853 3878 azymorum),
877 3791 923 3854 sic
946 3796 978 3854 et
1001 3789 1053 3854 hic
1072 3787 1272 3874 Epiphanius
1295 3791 1448 3876 loquitur,

121 3883 237 3948 teriam
267 3881 473 3948 denominans
503 3903 531 3946 a
554 3881 655 3962 Luna,
688 3903 772 3964 quae
802 3882 835 3945 in
867 3903 905 3944 ea
926 3877 1048 3960 incipit.
1094 3877 1267 3944 Praeterea
1290 3882 1366 3964 quid
1389 3881 1450 3946 sibi

119 3971 199 4036 velit
223 3993 283 4036 vox
305 3997 385 4052 μεσῃ,
415 3995 479 4038 uon
501 3970 659 4050 hariolum
690 3971 743 4036 vix
766 3968 860 4035 credo
883 3989 951 4032 esse
975 3969 1184 4032 astronomiae
1207 3969 1354 4053 positam.
1400 3975 1451 4034 An

119 4061 184 4125 hoc
206 4060 315 4140 1111111,
346 4061 430 4126 diem
457 4065 506 4126 13.
530 4059 599 4124 011.
622 4059 749 4144 Aprilis
780 4060 814 4122 in
836 4079 900 4141 qua
921 4078 1035 4140 passus
1059 4053 1215 4140 Christus,
1248 4059 1451 4124 terminatam

119 4150 221 4214 luisse
244 4151 277 4214 iu
300 4157 392 4236 nocte
415 4150 525 4216 Lunae
548 4147 630 4216 XIV.
654 4147 824 4214 mediante.
870 4145 1028 4219 Transeat
1048 4145 1144 4228 igitur
1162 4169 1229 4222 ,vox
1249 4147 1322 4232 ista,

211 4279 390 4358 Hpoelallor
421 4291 474 4360 pap
506 4300 555 4338 και
584 4273 694 4356 ἔφαγον
717 4297 750 4338 to
781 4269 943 4354 coequale
965 4295 1033 4352 φησι
1056 4297 1089 4336 το
1114 4271 1277 4354 sduyyelror
1299 4299 1348 4336 11111
1370 4270 1451 4352 ἡμεις

120 4369 264 4436 rotiana
295 4366 420 4442 sinopes.
466 4365 584 4429 Passus
615 4355 698 4426 enim
725 4361 953 4440 1110111111111,
984 4381 1045 4441 quo
1070 4360 1265 4438 diedudaei,
1289 4359 1450 4424 1111111111-

120 4454 241 4533 geliurn
265 4459 413 4532 testatur,
439 4451 558 4536 pascha
581 4459 675 4516 erant
697 4450 874 4528 comestmi,
900 4449 1112 4531 anticipantes
1136 4450 1273 4532 quidem.
1298 4448 1350 4512 Sic
1366 4450 1450 4512 eninr

123 4564 181 4624 ego
210 4548 290 4626 puto
314 4541 540 4626 applicandum
563 4540 730 4624 Evangelii
752 4539 973 4618 testiinonium,
998 4560 1062 4608 non
1086 4539 1127 4602 ad
1150 4543 1305 4620 προληψιν,
1329 4536 1384 4600 sed
1407 4535 1451 4600 ad

120 4657 227 4716 πασχα.
276 4631 364 4696 Nihil
395 4631 478 4694 enirn
501 4635 550 4695 cst
571 4631 604 4694 in
629 4629 799 4711 Evangelio
822 4629 861 4693 de
884 4634 1029 4710 προληψει
1051 4627 1261 4692 ludaeorum.
1285 4699 1288 4706 ¹
1307 4625 1451 4691 Christus

121 4723 254 4804 quidem
283 4721 449 4802 praeuenit
477 4718 619 4784 ludaeos
650 4719 843 4786 comedendo
873 4717 1004 4800 pascha,
1035 4717 1091 4782 sed
1115 4713 1311 4796 Epiphanius
1339 4713 1389 4778 hic
1411 4714 1451 4776 de

119 4811 252 4880 illorum
284 4809 489 4886 dudaeonun,
523 4827 599 4892 quos
628 4807 776 4873 Christus
806 4811 854 4871 est
878 4806 1033 4886 imitatus,
1065 4809 1211 4886 npoipqa
1239 4802 1392 4886 loquitur,
1417 4812 1451 4868 ut
