3406 5542
552 327 700 394 capurxv.
725 325 995 381 0000000000.
1104 287 1108 294 ’
1384 305 1450 376 300
1555 365 1571 400 ,Ι

120 467 164 533 25.
172 465 274 532 5100011
289 469 361 533 anni
374 463 426 545 4'1,
441 475 513 534 tunc
535 471 682 536 correctio
706 471 770 553 ejus
787 467 807 537 'l
823 491 918 536 annos
933 471 1124 538 detrahentis
1138 469 1265 554 digitum
1279 472 1454 536 intenderet

119 559 145 622 10
159 558 321 627 auhtenti
336 559 406 621 anni
421 559 473 622 40.
481 560 603 637 Juliani,
619 581 759 644 quorsum
774 581 831 644 ego
847 563 1073 644 conceptionem
1088 560 1205 625 Christi
1220 563 1336 642 refero:
1360 569 1452 645 atque

118 649 170 712 hoc
184 647 222 710 ad
238 649 392 738 superiora
406 649 582 729 pertineret
619 653 815 733 In-praesens
832 652 971 714 standum
987 652 1137 716 affirmato
1154 650 1288 732 Georgii.

196 736 242 800 At
262 739 358 800 multo
381 738 491 802 clarius
514 747 563 804 est
585 747 723 822 quartum
744 741 803 804 hoc
825 742 1029 826 testimonium
1051 740 1184 804 auctoris
1207 740 1348 822 anonymi
1371 741 1452 821 apud

118 825 338 907 Cuspinianum,
359 827 408 906 qui
426 827 525 892 tradit
541 827 695 894 Christum
718 837 823 892 natum
846 829 921 911 Cajo
936 829 1072 894 Caesare
1095 837 1128 892 et
1148 829 1244 892 Paulo
1261 829 1348 893 Coss.
1365 829 1453 892 VHI.

118 914 177 980 001.
184 915 332 992 Januarii,
346 914 404 978 hoc
416 925 469 980 est
485 919 536 982 25.
545 920 732 982 Decembris.
761 921 876 984 Notum
891 920 969 982 enim
984 938 1022 982 ex
1038 919 1250 999 superioribus,
1266 919 1454 981 consulatum

116 1005 187 1068 hunc
201 1005 335 1069 incidero
351 1005 382 1067 10
397 1005 611 1072 4050110000]
627 1029 687 1071 000
703 1009 796 1084 1045,
812 1027 898 1091 quem
908 1007 1001 1089 Cajus
1016 1009 1114 1089 gessit
1129 1008 1239 1070 absens
1254 1008 1285 1070 iu
1300 1007 1454 1070 Annenia

117 1093 355 1158 Confirmationis
372 1112 464 1158 causa
480 1098 602 1160 additur
616 1098 673 1161 hos
684 1097 771 1163 Coss.
786 1097 917 1161 incidere
932 1099 962 1160 in
977 1098 1030 1162 44.
1038 1097 1182 1177 Augusti,¹
1195 1095 1332 1177 intelligo
1348 1103 1451 1159 acon-

115 1183 208 1247 snlatu
224 1185 290 1264 ejus
305 1184 401 1266 primo
422 1193 455 1248 et
476 1207 495 1249 a
509 1187 630 1250 Juliano
653 1187 683 1251 3.
728 1185 818 1258 Quod
832 1207 904 1250 vero
918 1187 997 1249 idem
1020 1193 1126 1250 auctor
1148 1193 1180 1247 et
1194 1184 1312 1247 Lunam
1326 1185 1398 1248 XV.
1414 1186 1453 1247 ad

115 1273 162 1336 25.
176 1273 354 1337 Decembris
377 1275 527 1354 applicat,
549 1277 580 1340 id
602 1278 712 1340 falsum
734 1287 783 1340 est
805 1295 858 1340 seu
880 1276 981 1360 cyclos
1003 1275 1140 1356 sequaris
1161 1293 1214 1336 eeu
1237 1273 1454 1337 astronomiam

115 1363 259 1438 consulas,
274 1363 364 1444 idque
381 1381 440 1427 non
456 1371 575 1429 tantum
592 1386 671 1430 0000
686 1363 740 1442 46,
754 1367 809 1446 sed
824 1366 916 1428 etiam
932 1385 1010 1428 auno
1026 1364 1077 1428 45.
1092 1364 1224 1427 5011000.
1267 1364 1358 1427 Anno
1376 1363 1454 1425 enim

114 1452 160 1516 45.
174 1452 222 1514 die
240 1451 291 1516 14.
300 1453 375 1515 Dec.
389 1455 509 1536 vesperi
531 1455 589 1518 fuit
603 1455 799 1520 novilunium:
823 1475 914 1538 quare
933 1455 981 1518 15.
990 1456 1065 1517 Dec.
1080 1452 1169 1516 Luna
1183 1453 1244 1526 XI,
1259 1452 1455 1514 undouullus
1503 1445 1506 1461 '

114 1541 209 1624 cyclus
224 1542 245 1604 4
260 1541 357 1604 Lunis
373 1544 528 1608 aberravit
542 1545 593 1607 illo
610 1552 755 1628 tempore.
798 1544 889 1608 Auno
905 1563 975 1607 vero
991 1543 1043 1618 46,
1067 1543 1104 1606 de
1121 1561 1179 1624 000
1196 1549 1302 1604 000000
1318 1540 1370 1603 1110
1386 1549 1454 1603 000-

113 1639 199 1706 tatur,
215 1631 402 1696 novilunium
423 1634 481 1702 fuit
496 1633 544 1696 die
560 1633 591 1696 4.
606 1633 785 1698 Decembris
804 1640 875 1696 ante
892 1634 1002 1709 lucem,
1024 1634 1128 1713 itaque
1151 1631 1199 1695 die
1215 1632 1267 1693 25.
1276 1629 1455 1693 Decembris

112 1715 193 1783 Luna
207 1720 314 1784 XXII.
337 1723 386 1785 vel
400 1721 488 1786 XXI.
524 1722 632 1805 ltaque
655 1731 788 1786 erratum
803 1731 877 1804 puto
898 1722 1058 1786 memoriae
1081 1721 1194 1802 lapsur.
1208 1721 1327 1800 legerat
1349 1727 1455 1782 auctor

114 1811 159 1872 ille
172 1809 261 1873 Luna
276 1809 349 1873 XV.
365 1820 470 1874 natum
483 1831 547 1874 non
564 1812 729 1888 Christum,
744 1813 798 1874 sed
807 1813 970 1887 ι1000000ος
994 1812 1033 1874 ad
1049 1808 1191 1873 2450011
1208 1809 1300 1890 igitur
1315 1827 1383 1871 cmn
1398 1809 1454 1870 de-

113 1899 225 1961 buisset
240 1918 395 1980 apponere
411 1900 528 1964 Lunam
542 1901 615 1978 XV,
628 1921 788 1983 perperam
803 1901 944 1983 apposuit
959 1901 999 1964 ad
1013 1898 1260 1962 2511000005010.

194 1988 288 2068 Adde
304 1990 418 2070 quinto,
433 2009 536 2052 aeram
550 1991 727 2076 hodiernam
743 1985 915 2064 olim'secus
931 2009 1019 2072 quam
1033 1989 1123 2052 hodie
1140 1987 1198 2052 dici
1214 1987 1335 2050 solitam
1353 2005 1455 2048 aeram

112 2078 343 2154 incarnationis,
364 2099 425 2142 non
439 2098 511 2142 vero
525 2086 561 2142 ut
571 2079 632 2142 hos
648 2099 750 2144 aeram
765 2079 945 2144 nativitatis.
975 2078 1124 2159 Exempla
1138 2084 1211 2158 pets
1227 2095 1266 2138 ex
1280 2075 1456 2150 Heruardtt

112 2167 158 2230 101.
167 2167 240 2232 223.
258 2165 474 2248 chronologici
491 2169 599 2249 operis,
616 2169 800 2236 Cassiodori.
821 2169 934 2244 Bcdae,
957 2169 1046 2232 Pauli
1062 2167 1189 2242 diaconi,
1204 2165 1377 2246 Landulphi
1393 2159 1456 2227 80-

112 2257 205 2336 gacis,
226 2257 395 2321 Annalium
409 2259 637 2334 Francicorum,
658 2259 784 2322 Asseris
798 2259 992 2321 Menevensis
1014 2257 1164 2338 etiamque
1176 2255 1330 2318 Panodori
1348 2273 1456 2336 supra-

113 2345 188 2426 dicti.
234 2345 411 2427 Cognatum
427 2355 476 2410 est
499 2355 708 2428 argumentum
724 2356 859 2423 sextum,
881 2348 958 2428 quod
973 2349 1095 2408 veteres
1105 2344 1276 2426 scriptores
1292 2361 1394 2406 aeram
1409 2343 1458 2405 in-

113 2436 297 2499 carnationis
317 2443 464 2518 putarunt
486 2457 505 2499 a
528 2437 578 2500 25.
594 2437 702 2500 Martii
718 2438 766 2500 die
788 2436 1019 2510 incarnationis,
1041 2453 1101 2497 non
1117 2455 1136 2496 a
1151 2434 1202 2497 25.
1217 2431 1394 2495 Decembris
1410 2433 1458 2494 die

111 2524 295 2588 nativitatis:
327 2525 414 2608 quale
444 2527 515 2607 qnid
538 2545 629 2608 supra
657 2527 750 2588 etiam
771 2526 802 2588 in
824 2525 962 2588 Mariano
985 2522 1096 2598 Sooto,
1121 2522 1257 2606 quamvis
1280 2519 1455 2602 correctiori

112 2633 178 2676 aera
198 2622 327 2690 utente,
349 2614 590 2690 observavimns;
614 2616 692 2698 quod
714 2615 797 2676 illum
814 2633 923 2678 annum
944 2614 1071 2696 primum
1086 2619 1238 2686 numeret,
1260 2631 1317 2692 quo
1332 2610 1455 2674 finiente

112 2701 263 2768 Christum
280 2711 387 2766 natum
401 2711 505 2784 putat3
531 2724 640 2768 anuum
655 2704 747 2784 igitur
763 2711 795 2767 et
809 2703 874 2784 ipse
890 2723 975 2766 suum
991 2703 1041 2765 25.
1051 2702 1156 2765 Martii
1172 2700 1220 2763 die
1236 2699 1455 2762 incarnationis

112 2811 160 2855 seu
174 2793 388 2874 conceptionis
410 2796 593 2876 auspicatur.
639 2791 728 2865 Quod
744 2792 912 2874 exemplum
927 2792 1024 2856 secuti
1041 2797 1126 2866 sunt,
1149 2790 1199 2870 qui
1221 2809 1293 2852 aera
1309 2787 1456 2850 hodierna

112 2888 177 2944 tunc
198 2883 327 2946 fuerunt
347 2882 402 2945 usi.
447 2883 515 2947 Hoc
531 2883 612 2946 clare
635 2883 736 2946 doceri
750 2890 856 2964 potest
877 2903 915 2945 ex
931 2881 1102 2946 Annalibus
1116 2879 1273 2943 Franciois
1290 2877 1329 2940 ad
1346 2893 1456 2939 annum
1558 2887 1564 2900 '

111 2971 179 3046 808,
194 2991 231 3034 00
247 2972 331 3035 enim
347 2972 545 3053 0000000010
561 2973 667 3036 diebus
683 2972 894 3054 0000000050,
910 2991 950 3036 sc
966 2977 1038 3033 ante
1055 2971 1105 3034 25.
1120 2969 1226 3032 Μο0011
1242 2967 1457 3030 numerabatur
1486 2969 1491 2976 '

111 3056 204 3122 adhuc
226 3081 328 3124 00000
349 3056 423 3124 807.
453 3081 519 3124 cum
544 3062 650 3129 statim
673 3069 745 3142 post
768 3063 883 3144 pascha
907 3081 979 3124 aera
1003 3061 1142 3138 obtineat
1168 3063 1275 3120 nostra
1298 3055 1454 3118 hodierna.

111 3153 229 3220 (elevet
242 3159 278 3210 11.
292 3154 400 3224 0800.)
435 3151 572 3214 Eundem
592 3169 706 3215 morem
729 3152 877 3234 hodieque
901 3151 932 3214 in
955 3150 1135 3214 Treverensi
1161 3147 1287 3228 aliisque
1319 3141 1457 3208 ecclesiis
1529 3215 1537 3230 .
1568 3192 1571 3200 .

112 3236 237 3302 Gallicis
261 3238 401 3302 obtinere
423 3240 564 3312 tradunt:
595 3242 722 3304 eundem
741 3241 842 3304 Lucas
865 3239 1014 3304 Camicus
1039 3241 1198 3320 episcopus
1224 3233 1457 3316 Geophonensis
1556 3269 1558 3274 ·

111 3327 199 3390 etiam
217 3327 354 3392 Venetis
374 3335 407 3391 et
427 3330 628 3406 Florentinis,
651 3339 685 3392 et
706 3330 782 3393 alius
805 3331 926 3412 quidam
940 3329 1061 3392 Pisanis
1076 3327 1199 3400 tribuit,
1222 3325 1271 3407 qui
1288 3325 1331 3386 sic
1346 3323 1455 3386 habet:

112 3417 255 3497 superiori
280 3417 378 3479 hieme
399 3418 474 3502 Imp.
496 3417 613 3482 Caesar
634 3419 785 3482 Matthias
807 3420 962 3499 proiectus
983 3426 1032 3479 est
1053 3416 1158 3480 Lincio
1180 3412 1393 3477 Bndovecium
1417 3411 1457 3474 ad

111 3506 230 3570 comitia
244 3507 429 3572 Bohemica:
456 3507 687 3571 numerabamus
709 3527 765 3572 nos
782 3507 847 3588 jam
870 3505 970 3572 aCal.
984 3506 1053 3569 Jan.
1076 3503 1327 3568 antecedentibus
1347 3520 1458 3564 aunum
1536 3519 1545 3528 ·

111 3596 173 3658 0001
189 3595 311 3660 0501001
329 3595 428 3672 1614,
450 3597 650 3661 numerabant
668 3597 712 3660 illi
734 3597 832 3660 adhuc
848 3605 919 3660 tunc
942 3602 974 3659 et
988 3613 1081 3677 usque
1103 3595 1143 3656 ad
1159 3592 1210 3656 25.
1225 3593 1331 3655 Martii
1347 3610 1458 3653 annum

111 3685 331 3750 incarnationis
356 3686 448 3750 1613.
493 3688 524 3751 A
547 3687 597 3749 25.
607 3686 712 3750 Martii
734 3686 889 3750 nobiscum
910 3691 1069 3748 numerant
1091 3681 1259 3764 aequaliter
1283 3679 1381 3756 1614,
1403 3680 1459 3743 sed

111 3775 151 3838 illi
166 3776 206 3838 ah
221 3776 443 3851 incarnatione,
458 3795 515 3838 nos
531 3797 550 3838 a
564 3777 736 3839 nativitate.
765 3775 899 3838 Evidens
914 3774 972 3837 hoc
988 3775 1198 3836 documentum
1214 3779 1271 3846 est,
1286 3771 1347 3834 illis
1361 3770 1458 3832 videri

111 3865 346 3946 aconceptione
363 3862 479 3928 Christi
502 3866 542 3927 ad
562 3864 651 3944 huu‘us
674 3863 745 3928 anni
767 3865 818 3928 25.
827 3863 932 3929 Martii
954 3863 1058 3943 lapsos
1081 3880 1177 3924 annos
1195 3860 1296 3935 1613,
1319 3878 1385 3923 curn
1400 3877 1457 3921 nos

110 3960 265 4033 putemus,
290 3974 309 4015 a
331 3954 494 4018 nativitate
517 3952 632 4017 Christi
654 3973 747 4035 usque
771 3956 810 4018 ad
832 3952 1064 4018 antecedentem
1084 3953 1135 4015 25.
1149 3949 1328 4014 Decembris
1350 3950 1456 4030 100000

112 4061 176 4104 0000
192 4042 336 4105 totidem.
1486 4057 1494 4064 ·

193 4128 297 4196 Nobis
313 4131 416 4214 itaque
432 4151 491 4194 uno
507 4151 586 4195 anno
601 4131 699 4212 major
712 4133 749 4195 iit
764 4140 852 4196 aetas
869 4129 993 4204 Christi,
1009 4149 1097 4211 quam
1111 4130 1181 4203 illis,
1198 4126 1339 4210 aquibus
1355 4143 1457 4189 aeram

110 4220 187 4284 hanc
203 4221 390 4302 accepimns.
419 4221 493 4284 Inde
510 4222 586 4284 adeo
601 4222 694 4296 venit,
716 4230 751 4284 ut
766 4222 916 4286 octiduum
924 4219 1004 4284 'illud
1020 4221 1099 4282 inter
1111 4218 1248 4283 251100
1265 4225 1298 4280 00
1313 4215 1378 4280 Cal.
1386 4216 1455 4277 Jan.

110 4311 194 4374 uobis
209 4311 242 4374 10
262 4328 386 4374 censum
401 4331 460 4374 non
475 4311 587 4386 veniat,
603 4311 657 4374 sed
671 4311 792 4392 penitus
802 4313 982 4394 negligatur.
1008 4307 1084 4374 Cum
1100 4309 1179 4374 euim
1193 4307 1289 4380 nobis,
1306 4304 1355 4388 001
1369 4303 1456 4385 prin-

112 4399 186 4480 cipio
203 4400 279 4464 anni
294 4399 433 4462 Romano
448 4399 479 4462 iu
496 4399 620 4464 Calend.
638 4400 792 4464 Januariis
809 4421 909 4464 sumus
926 4401 1057 4476 assueti,
1078 4399 1238 4462 molestum
1254 4395 1295 4456 sit
1310 4392 1391 4456 aliud
1406 4392 1456 4455 in·

111 4509 199 4570 super
215 4489 292 4552 anni
306 4489 484 4570 principium
500 4491 671 4565 observare,
694 4511 735 4554 sc.
750 4491 801 4554 25.
811 4491 915 4554 Martii
938 4509 1003 4553 oum
1019 4489 1217 4572 scriptoribus
1231 4483 1385 4546 historicis
1400 4501 1457 4545 ve-

111 4579 242 4643 teribus:
268 4579 384 4641 iactum
399 4587 456 4654 est,
477 4586 512 4641 nt
525 4598 580 4662 per
595 4580 659 4642 dies
674 4579 718 4643 84
734 4581 772 4643 ab
787 4581 845 4644 hoc
860 4580 997 4643 insecuto
1014 4587 1046 4642 et
1061 4573 1267 4643 ecclesiastico
1284 4573 1323 4635 ad
1340 4579 1458 4634 suetum

112 4674 143 4730 et
155 4669 319 4749 politicum
333 4667 450 4730 initium
465 4667 535 4731 anni
551 4669 784 4745 ascenderimus,
799 4670 878 4752 quod
894 4689 960 4733 cum
970 4669 1226 4751 appropinquaret
1241 4661 1300 4724 diei
1315 4661 1457 4724 natalitio
1544 4729 1552 4736 ,

112 4757 277 4821 intervallo
292 4775 354 4819 non
368 4756 474 4836 majori
490 4757 594 4822 diebus
605 4765 687 4834 octo,
704 4758 770 4839 jam
785 4778 841 4822 nos
856 4760 932 4822 haec
946 4758 1155 4840 propinquitas
1171 4751 1300 4836 decepit,
1315 4758 1456 4836 utpute-

112 4863 184 4924 0000,
199 4867 262 4910 000
278 4867 298 4907 0
313 4845 476 4908 nativitate
491 4865 648 4912 numerare
664 4855 755 4930 atque
771 4848 819 4912 dis
835 4849 931 4912 natali
946 4849 977 4912 iu
993 4845 1044 4910 25.
1053 4843 1240 4917 Decembris,
1263 4839 1457 4906 descendisse
