3390 5542
683 304 764 356 Notae
780 303 895 356 tumne.
1380 305 1442 368 659

780 484 806 622 ὲ·
819 494 898 616 DE']
918 535 945 577 et
962 493 1124 578 altitudinum
1146 545 1176 568 =
1190 481 1266 622 {Kc
1286 564 1291 576 .
1311 527 1352 596 γ2
1370 523 1407 588 (lr.
1420 543 1443 578 a.

122 679 196 736 Dm.
208 686 257 736 KG
268 723 274 736 .
285 685 336 754 γ2)
346 694 373 738 et
381 693 514 751 praeterea
523 688 672 739 minuendus
683 688 716 737 12
727 687 899 744 ,columellie“
908 686 951 737 dec.
963 695 991 736 ut
996 687 1101 751 prodeat
1110 687 1226 738 columna
1235 642 1274 780 G
1283 679 1342 736 DE²
1352 723 1357 734 .
1367 657 1443 770 DF),

122 801 187 850 Cum
206 808 292 852 ιιιιιιιιιι
310 802 447 852 seeundum
465 803 604 866 praemissa
620 803 669 854 KG
689 841 695 854 .
714 803 755 872 ΥΞ),
772 803 808 861 >
827 801 886 860 KD,
910 805 958 852 erit
975 795 1033 852 DE²
1052 839 1057 850 .
1076 802 1125 851 KG
1145 839 1151 849 .
1170 801 1211 870 pe
1228 802 1264 859 >
1284 791 1365 851 Μ’..
1385 803 1443 852 DK.

122 871 209 932 Quare
228 874 314 931 cubus,
332 874 523 923 transformatus
541 877 567 924 in
580 873 733 935 columnam,
751 877 808 940 plus
826 876 945 924 minuitur
964 887 1038 939 quarn
1058 880 1173 938 sugatur,
1191 887 1251 938 ergo
1271 873 1347 922 cubus
1361 865 1442 936 (AG⁸)

121 991 205 1050 major
223 995 263 1037 cst
281 989 398 1038 columna
416 943 522 1084 (ἐπ’
534 1027 541 1039 .
553 959 628 1080 DF).
649 1019 681 1028 -
706 967 709 974 Ι

212 1103 377 1154 Henricus
402 1103 562 1168 Briggius
590 1100 645 1166 (cir.
669 1105 701 1156 Π.
726 1122 750 1169 p.
769 1105 821 1154 405
845 1101 889 1164 ss.)
914 1103 1026 1168 Keplero
1051 1104 1114 1152 dono
1141 1103 1210 1154 dedit
1235 1103 1341 1160 librum,
1366 1117 1441 1167 quern

118 1175 260 1238 inscripsit:
280 1175 447 1226 Arithmetica
463 1175 651 1241 Logarithmica
674 1173 790 1238 (Londini
811 1173 904 1238 1624),
923 1191 1012 1225 munus
1030 1189 1102 1224 snum
1127 1175 1165 1224 his
1184 1188 1273 1224 ornans
1292 1174 1387 1224 verbis:
1412 1174 1442 1222 In

118 1260 177 1294 meo
196 1248 244 1295 isto
263 1246 335 1303 libro,
353 1261 427 1310 quem
445 1247 478 1296 ad
495 1257 520 1296 te
540 1250 619 1307 mitto,
638 1248 763 1313 quaedam
780 1246 874 1305 habes,
892 1261 965 1311 quae,
985 1255 1013 1295 ut
1030 1248 1158 1302 existimo,
1183 1247 1224 1295 rix
1242 1245 1302 1295 alibi
1321 1247 1439 1308 reperies.

117 1315 192 1365 luter
209 1316 262 1366 alia
280 1330 334 1380 cap.
349 1314 392 1366 26.
412 1332 499 1368 novam
517 1320 610 1369 tradidi
628 1319 687 1369 dolii
701 1320 777 1368 nostri
795 1315 915 1367 metiendi
935 1321 1066 1374 rationem,
1084 1331 1160 1381 quam
1176 1332 1225 1366 non
1236 1317 1340 1366 verebor
1353 1316 1441 1365 Archi·

118 1387 227 1436 medeae
247 1388 382 1446 entele‘rre,
399 1404 450 1438 non
461 1389 527 1453 quod
538 1393 659 1440 veriorem
678 1392 827 1446 existimem,
845 1388 890 1438 sed
902 1388 967 1455 guod
978 1404 1023 1452 per
1036 1391 1199 1438 camminata
1215 1389 1315 1452 negotio
1334 1387 1441 1436 eandem

118 1464 266 1506 accuratam
284 1461 415 1509 veritatem
434 1473 605 1525 assequamur.
642 1461 715 1519 Vide,
733 1475 835 1524 quaeso,
853 1460 874 1508 si
892 1474 937 1523 per
956 1460 1007 1510 alia
1025 1461 1121 1522 majora
1145 1461 1248 1524 negotia
1266 1465 1346 1514 vacet,
1365 1459 1441 1508 tinem

116 1543 179 1591 pag.
193 1522 229 1578 74
246 1544 325 1594 usqua
339 1530 459 1580 adfinem
478 1535 575 1597 capitis.
608 1532 671 1582 Cum
683 1534 733 1582 ista
744 1546 761 1580 a
773 1546 812 1580 me
832 1529 978 1588 edebantur,
996 1531 1089 1581 librum
1101 1538 1173 1580 tuum
1186 1531 1216 1579 de
1230 1529 1294 1580 dolio
1307 1529 1440 1578 Austrlaco

117 1599 194 1648 aride
214 1601 310 1663 inspexi
329 1608 355 1650 et
373 1602 505 1664 cupiebam
522 1603 665 1661 admodum,
683 1611 754 1652 tuum
772 1601 900 1651 metiendi·
912 1601 972 1650 dolii
984 1601 1084 1650 modum
1104 1615 1252 1665 cognoscere
1272 1611 1366 1649 etcum
1385 1615 1441 1648 meo

117 1683 275 1732 comparare.
304 1671 355 1722 Sed
372 1686 437 1736 quse
456 1673 510 1732 alii,
529 1690 589 1739 quos
607 1674 691 1726 videre
710 1675 823 1738 contigit,
842 1673 915 1722 unico
934 1673 986 1722 lere
1005 1673 1116 1736 capitulo
1135 1673 1318 1728 concluserunt,
1337 1678 1365 1719 tu
1377 1670 1441 1720 adeo

116 1742 207 1790 multis
225 1742 365 1792 disseruisti
383 1757 463 1808 eaque
479 1747 597 1796 totnonis
615 1745 744 1796 vocabulis
762 1753 788 1794 et
800 1743 984 1794 delinitionibus
1003 1742 1125 1806 impedita
1143 1743 1281 1799 reddidisti,
1300 1749 1329 1790 nt
1340 1749 1441 1790 coactns

116 1813 211 1861 luerim
224 1827 284 1877 prae
304 1815 472 1872 lesdnatione,
490 1816 559 1866 iacta
571 1817 677 1866 aliorum
689 1815 865 1866 nonnullorum
878 1816 1096 1872 mentione,tun1n
1109 1829 1199 1864 nomen
1216 1815 1315 1862 omnino
1327 1819 1442 1876 praeter-

117 1885 230 1933 mittere.
265 1883 338 1934 Haec
356 1897 373 1934 a
390 1900 430 1934 me
449 1885 601 1944 dictasunt,
619 1901 668 1936 nen
686 1896 715 1937 nt
732 1894 803 1936 tuum
825 1886 955 1935 consillum
973 1885 1197 1948 reprehenderem,
1220 1884 1285 1948 quod
1303 1886 1328 1934 in
1347 1883 1395 1932 hac
1414 1895 1441 1932 re

116 1961 173 2002 um
191 1953 286 2004 multus
304 1970 346 2012 εις
365 1963 424 2004 sunt
441 1959 508 2006 enirn
527 1961 659 2016 eaomnia,
677 1970 736 2009 mea
753 1957 852 2020 quidem
865 1958 990 2022 opinione,
1008 1959 1073 2005 scitu
1089 1956 1201 2018 jucunda
1219 1964 1246 2004 et
1260 1970 1309 2004 non
1327 1955 1440 2018 indigna,

115 2037 185 2088 quae
204 2039 221 2074 ιι
238 2029 373 2090 geometris
398 2027 544 2092 diligentius
569 2029 710 2088 discantur,
728 2027 774 2078 sed
791 2035 820 2078 nt
837 2043 878 2077 me
903 2029 984 2092 ipsum
1009 2025 1076 2090 apud
1093 2035 1119 2076 te
1139 2035 1298 2083 excusarem,
1322 2026 1387 2092 qnod
1403 2027 1442 2074 tui

116 2095 187 2153 libri,
205 2102 259 2144 tarn
278 2095 414 2162 diligenter
432 2106 458 2148 et
476 2107 593 2150 accurate
612 2099 643 2150 de
663 2101 752 2150 cadem
778 2114 805 2150 re
824 2099 926 2162 scripti,
945 2113 994 2147 non
1012 2099 1140 2150 voluntate
1165 2111 1223 2148 maa
1241 2097 1379 2156 adductus,
1397 2095 1443 2146 sed

114 2169 270 2216 necessitate
287 2176 396 2226 coactus,
415 2170 513 2220 nnllam
538 2171 641 2221 fecerim
659 2173 819 2222 mentionem.

208 2256 304 2305 Verum
322 2264 351 2305 nt
368 2257 455 2306 horum
475 2258 680 2324 legarithmornm
699 2275 772 2310 nsum
791 2249 901 2323 aliquem
914 2261 1080 2322 experiamur,
1099 2263 1243 2322 quaeratur,
1261 2270 1295 2304 an
1313 2255 1390 2305 cubus
1409 2256 1443 2303 sit

115 2325 301 2376 henadrornm
319 2328 401 2377 eidem
419 2329 542 2393 sphaerae
560 2333 734 2394 inscriptorum
752 2328 1021 2394 parallelepipedornm
1038 2329 1169 2386 maximus,
1187 2327 1254 2391 qnod
1273 2342 1290 2376 a
1307 2335 1333 2376 te
1354 2327 1442 2376 eodem

115 2399 145 2446 in
163 2396 228 2445 libro
251 2398 442 2448 demonstretur.
477 2401 537 2450 Esto
563 2401 687 2452 diameter
709 2401 831 2465 sphaerae
850 2399 886 2449 20
904 2415 910 2448 :
930 2406 1003 2448 erunt
1028 2399 1095 2448 latus
1119 2400 1231 2461 inscripti
1257 2397 1315 2448 cubi
1339 2397 1442 2461 longum

118 2462 233 2526 11‚547;
259 2469 424 2533 legarithmus
451 2469 665 2530 1‚0624693683,
691 2472 764 2534 liujus
790 2472 893 2534 duplum
916 2465 1132 2527 2,1249387366,
1164 2470 1231 2518 basis
1256 2468 1314 2520 cubi
1340 2462 1440 2531 133¹i⁸3

114 2540 188 2587 illius
207 2540 310 2602 triplum
329 2534 539 2601 3‚1874081049‚
559 2536 981 2606 cnbus1539,6007279dryvora.
1010 2542 1088 2590 Latus
1106 2541 1219 2604 inscripti
1238 2539 1295 2590 cubi
1313 2537 1442 2589 subtendit

115 2603 165 2658 70⁰
178 2607 222 2660 31¹
234 2607 286 2660 43¹·
300 2609 361 2660 ³6¹¹*
380 2613 539 2676 etamplius,
558 2615 597 2674 rel
615 2621 644 2662 ut
661 2628 678 2662 a
690 2629 730 2664 me
749 2615 814 2664 solet
831 2614 936 2676 exprimi
953 2604 1063 2668 ’ἵο,5290
1075 2613 1137 2661 lere.
1166 2611 1192 2660 Si
1212 2609 1277 2660 benc
1295 2611 1441 2660 snbtcnsam

115 2680 316 2744 multiplicemus
334 2684 361 2732 in
379 2686 509 2733 semissem
528 2685 643 2748 quadrati
670 2693 753 2734 rectae
779 2683 953 2733 subtendentis
978 2683 1187 2746 complementum
1205 2683 1238 2732 ad
1255 2681 1441 2730 semicirculum

115 2747 525 2816 (109,471),prorenietsolidns
549 2757 666 2819 inscripto
686 2756 748 2805 cubo
766 2756 888 2820 aequalis.
926 2753 977 2804 Sed
994 2756 1016 2802 si
1035 2753 1102 2802 basis
1124 2752 1307 2816 parallspipedi
1324 2752 1365 2802 rel
1381 2759 1439 2800 tan-

115 2824 204 2871 tillum
224 2830 348 2887 angeatur
366 2825 406 2874 rel
424 2828 560 2884 minuatur,
578 2825 671 2875 solidus
690 2837 793 2891 utroque
812 2825 884 2874 modo
903 2828 1044 2882 minuetur,
1063 2822 1131 2887 quod
1145 2825 1238 2887 poterit
1255 2824 1375 2872 facillime
1395 2837 1440 2885 per

116 2895 186 2955 ipsos
213 2894 376 2957 logarltbrnos
399 2895 567 2960 deprehendi:
598 2899 631 2945 sit
654 2898 760 2947 altitudo
784 2899 892 2962 corporis
910 2896 1030 2944 subtensa
1049 2894 1158 2952 11,548;
1183 2893 1256 2957 hujus
1275 2893 1440 2958 legaritbmus

119 2963 329 3020 notataesoua.
349 2966 489 3032 Diagonius
499 2968 566 3018 basis
575 2969 695 3018 subtensa
706 2967 809 3026 109,46,
821 2969 843 3016 lo
863 2967 984 3017 arithmus
994 2965 1090 3016 dimidii
1099 2965 1214 3030 quadrati
1223 2959 1439 3022 212487859032

116 3035 286 3099 legarithmus
314 3037 374 3087 iacti
400 3039 438 3087 rel
464 3042 572 3103 corporis
600 3042 712 3104 inscripti
735 3035 814 3098 3,187
885 3038 951 3095 925,
979 3039 1029 3102 leg.
1058 3037 1115 3086 cubi
1146 3044 1223 3086 antea
1250 3039 1365 3085 inventus
1392 3037 1441 3084 luit
1486 3036 1489 3046 ’

115 3101 330 3162 3,1874081049.
366 3109 460 3159 Verum
479 3117 532 3160 esto
555 3111 662 3161 altitudo
681 3114 788 3176 corporis
807 3111 927 3160 subteneo
947 3107 1055 3165 lassu,
1079 3110 1133 3170 elna
1152 3107 1201 3172 log.
1223 3104 1439 3164 1,0624223090;

115 3179 249 3241 diagonios
268 3178 335 3228 basis
353 3181 473 3230 subtensa
493 3181 604 3240 109,48:
624 3181 674 3248 leg.
694 3183 791 3232 dimidii
808 3181 924 3248 quadrati
942 3173 1160 3239 21249857882,
1178 3179 1228 3242 log.
1249 3179 1309 3228 lacti
1327 3178 1368 3226 tel
1386 3193 1439 3227 eor·

114 3251 184 3312 poris
202 3251 314 3312 inscripti
332 3246 541 3308 ammessia.

208 3337 329 3386 Videmus
348 3339 487 3404 utrobique,
512 3341 722 3406 parallelepipedi
747 3340 925 3404 legarithmnm
945 3353 961 3389 a
978 3339 1035 3389 cubi
1053 3337 1203 3403 legaritlrmo
1228 3338 1356 3400 superari,
1374 3336 1440 3402 qnod

116 3409 210 3457 cubum
229 3409 332 3472 reliquls
351 3412 472 3472 majorem
498 3427 552 3460 esse
579 3414 694 3462 ostendit.
731 3411 766 3460 lli
785 3411 929 3474 legarithmi
947 3425 963 3459 a
980 3425 1036 3459 meo
1055 3412 1154 3458 sinuum
1179 3423 1273 3458 canone
1299 3417 1439 3464 sumuntur,
1469 3426 1472 3432 ·

114 3493 192 3542 quem
217 3480 279 3527 satis
305 3479 440 3544 diligenter
465 3485 611 3544 supputari,
636 3494 688 3532 uria
710 3497 766 3530 cum
791 3481 970 3546 tangentibus,
993 3480 1137 3530 secantibus
1162 3487 1189 3528 at
1213 3479 1370 3542 legarithmis
1394 3495 1439 3543 pro

115 3551 226 3614 singulis
246 3548 369 3615 graduum
389 3555 540 3608 centesimis,
559 3567 633 3616 quem
651 3567 691 3601 me
710 3553 845 3616 aliquando
865 3550 988 3601 editurum
1007 3565 1087 3614 spero.
1115 3551 1187 3599 Licet
1205 3557 1288 3598 autem
1307 3553 1357 3599 ista
1374 3553 1438 3599 reri-

113 3629 197 3670 tatem
206 3623 381 3684 propositionis
391 3620 497 3672 reddant
507 3623 676 3680 manifestam,
694 3625 735 3672 rix
745 3629 830 3671 tamen
842 3624 1008 3679 satisfaciunt,
1022 3623 1070 3670 nisi
1080 3621 1289 3670 demonstratione
1303 3622 1439 3670 firmentur.
1505 3680 1508 3693 .

205 3709 336 3763 Adducam
356 3712 433 3776 igitur
450 3725 522 3761 meaa
549 3709 766 3761 demonstrationis
792 3717 928 3774 praecipua
952 3709 1131 3767 fundamenta,
1154 3723 1170 3758 a
1188 3711 1237 3759 tuis
1256 3709 1439 3774 aliquantulum

115 3781 223 3830 diversa.
259 3781 376 3844 Inprimis
395 3789 480 3832 antem
499 3791 557 3832 sunt
575 3781 637 3832 mihi
656 3783 704 3832 duo
723 3783 845 3832 lemmata
866 3781 1073 3839 demonstranda,
1091 3787 1121 3830 nt
1139 3781 1319 3846 subsequentia
1339 3780 1438 3828 facilius

116 3851 295 3902 concedentem

208 3920 233 3984 l)
253 3923 281 3974 Si
298 3922 342 3973 EI)
360 3925 395 3975 sit
412 3925 478 3975 latus
505 3927 616 3990 inscripti
643 3925 715 3984 cubi,
740 3932 766 3976 et
784 3939 800 3973 a
817 3934 909 3989 puncto
927 3924 951 3972 Ι)
970 3924 1093 3974 ducantur
1118 3925 1182 3974 dnae
1207 3935 1306 3982 rectae,
1332 3936 1437 3986 quarum

113 3993 200 4042 altera
217 3993 262 4044 DC
288 3996 322 4043 sit
346 3998 559 4060 perpendicularis
584 3997 713 4054 diametro,
739 3998 836 4061 reliqua
853 3996 897 4044 DF
921 3997 1051 4060 contingat
1075 3997 1256 4061 peripheriam,
1282 3997 1436 4044 intersecans

113 4067 267 4115 diurnetrum
286 4067 457 4116 continuatam
474 4073 501 4120 in
519 4069 555 4119 F:
575 4071 624 4118 erit
640 4068 680 4120 FC
699 4069 779 4133 dupla
795 4075 879 4118 rectae
898 4066 950 4116 cll.

204 4137 262 4186 Esto
300 4137 342 4185 ΑΕ
368 4156 399 4178 =
424 4137 450 4196 6,
921 4175 926 4186 .

111 4210 162 4258 erit
181 4209 220 4258 EC
236 4227 267 4248 =
281 4207 307 4264 2,
326 4207 369 4257 El)
387 4223 448 4273 qua·
904 4176 942 4228 ¹¹¹⁸
967 4178 1000 4218 ἢ

112 4281 212 4330 dratum
226 4278 264 4327 12.
275 4277 388 4329 Ducatnr
401 4280 448 4330 aB

111 4361 199 4400 cerrtro
208 4357 280 4400 recta
289 4349 343 4399 BD.
368 4351 448 4401 Erunt

111 4423 154 4472 CB
169 4421 192 4480 l,
201 4421 248 4472 BD
258 4419 284 4479 3,
302 4419 343 4470 BF
353 4421 378 4478 9,
390 4437 446 4473 con·

112 4497 181 4542 tinne
240 4493 445 4557 proportionales.

112 4565 240 4628 Eruntque
260 4563 303 4612 AC
323 4563 348 4620 4,
369 4563 407 4612 CF
420 4565 445 4614 8.

200 4633 228 4696 2)
246 4635 271 4684 Si
286 4634 350 4683 duae
362 4645 446 4686 rectae

112 4706 333 4770 perpendiculares
351 4706 446 4756 dianie-

111 4788 148 4825 tro
168 4779 446 4842 intersecenlperipbe-
489 4763 510 4804 ¹

111 4852 174 4899 rium
194 4852 221 4898 in
247 4850 343 4912 punctis
370 4850 397 4906 C,
417 4849 449 4905 D,

124 533 209 578 autem
222 511 329 592 quatuor
345 528 466 578 columnis
486 527 623 580 earundem
641 527 739 580 basium
758 495 779 618 ί
