3412 5538
191 237 281 328 'ill
690 278 1083 348 Keplsrlatudlachronolnglea.

214 445 291 488 aava
312 447 365 502 psa
387 422 454 496 iaec
474 421 659 498 Alexandri,
681 429 812 486 exeunte
835 442 913 486 anno
924 422 989 487 50.
1010 423 1126 504 primae
1147 419 1265 503 periodi
1287 417 1423 500 Oelippi‚
1454 422 1565 498 postea
1633 433 1637 440 ·

215 513 433 580 intervallum
424 522 505 577 mter
519 505 677 595 utramque
693 489 937 577 observationem
959 513 1070 576 statuit
1085 530 1231 575 annorum
1249 509 1320 585 152,
1336 527 1397 572 non
1415 506 1488 570 153.
1517 505 1566 568 Ex

216 623 274 686 quo
291 608 430 678 constat,
451 603 583 683 priorem
596 601 675 672 hanc
692 601 937 666 observationem
952 603 1091 666 similiter
1114 622 1138 664 c.
1152 601 1241 664 ludos
1258 592 1374 664 0187.
1389 601 1566 678 competere

218 693 274 756 sub
291 693 380 756 liuem
395 691 560 773 Apseudis.

304 781 404 862 Igitur
418 781 614 856 Prutenicae‚
636 800 713 862 quae
728 780 822 862 priori
837 801 915 844 anno
932 780 960 844 d
976 776 1211 844 attrahens
1227 779 1257 844 3
1272 776 1326 842 26‘
1341 798 1369 840 a.
1383 795 1422 840 ιι.
1437 791 1567 857 reprae-

217 871 368 934 sentant'
359 888 529 950 ungressum
545 866 610 948 Θ
602 889 633 932 ιι
649 885 691 945 ει,
707 870 853 954 siquidem
868 871 900 932 id
915 871 1016 936 studio
1031 877 1234 952 procuratum,
1250 868 1395 932 aberrant
1409 885 1471 928 uno
1487 882 1567 927 anno

218 961 257 1024 ab
284 959 497 1022 observatione
512 959 708 1022 Euctemonis
731 967 839 1023 contra
860 967 993 1023 mentem
1014 967 1179 1022 auctorum.
1215 958 1372 1024 Exhibent
1391 956 1488 1036 igitur
1509 955 1568 1016 hoo

218 1069 299 1117 anno
314 1049 484 1129 ingressum
499 1049 530 1112 h.
544 1048 575 1112 3.
590 1067 619 1129 p.
634 1068 673 1110 m.
687 1067 742 1130 pro
757 1049 787 1110 h.
806 1048 855 1112 18.
878 1047 1089 1132 Budolphinae
1105 1048 1228 1131 propius
1244 1046 1402 1120 accedunt,
1418 1043 1568 1108 exhiben-

219 1146 268 1201 tes
283 1139 367 1202 illum
382 1138 413 1200 in
428 1137 553 1202 meridie
570 1138 597 1200 d.
614 1138 665 1201 28.
680 1146 753 1218 post
767 1138 1012 1202 observationem
1026 1138 1118 1201 horas
1135 1157 1160 1200 o.
1175 1136 1205 1202 6.
1321 1171 1323 1176 ·

305 1228 344 1292 A.
358 1226 438 1291 Nab.
455 1227 529 1290 324.
543 1226 621 1290 de.
639 1227 710 1290 114.
733 1249 761 1290 ι.
771 1225 826 1292 ch.
842 1228 921 1291 424ι
945 1227 1101 1309 Sogdiano
1116 1227 1279 1290 interiecto
1296 1221 1446 1289 successit
1454 1221 1569 1285 Darius

217 1317 350 1392 Nothus,
366 1317 422 1380 sub
439 1336 497 1399 quo
512 1316 677 1380 Nehemiae
694 1317 817 1399 scripsit
831 1317 939 1380 librum
955 1335 1041 1380 suum
1055 1312 1148 1398 (Gap.
1166 1317 1216 1392 12,
1232 1313 1252 1380 7
1269 1310 1334 1396 ιι).
1379 1313 1438 1378 Hic
1453 1311 1569 1375 Darius

156 1473 158 1476 ,
216 1426 277 1470 ιιι
291 1407 466 1488 Hystaspes
482 1414 546 1481 est,
568 1406 639 1488 quia
654 1406 709 1470 sub
725 1405 777 1470 illo
792 1414 882 1470 erant
895 1407 1054 1488 pontifices
1069 1425 1131 1469 non
1143 1403 1261 1469 Eliasib
1277 1400 1322 1488 (N
1324 1404 1419 1467 ehem
1435 1395 1494 1483 3.),
1515 1399 1570 1462 sed

215 1497 312 1560 Jesue
329 1503 361 1556 et
374 1495 502 1559 Joaeina
546 1495 617 1559 Non
634 1494 862 1572 Oodomarruus,
884 1503 919 1558 ut
935 1495 1075 1577 Scaliger
1089 1496 1164 1572 vult,
1180 1514 1251 1578 qma
1265 1513 1290 1557 o
1309 1494 1358 1557 12.
1373 1513 1401 1555 v.
1418 1490 1471 1554 26.
1487 1499 1568 1552 tem·

216 1603 294 1668 pora
314 1584 433 1648 Esdree
450 1591 482 1647 et
495 1584 662 1648 Nehemiae
679 1585 901 1666 conjunguntur
923 1585 1109 1661 arctissime,
1131 1586 1209 1649 adeo
1231 1594 1267 1646 ut
1286 1582 1452 1648 Nehemiae
1476 1580 1570 1642 etiam

216 1681 290 1737 ante
304 1673 437 1750 Esdram
451 1674 630 1750 nominetur,
646 1681 678 1736 et
695 1675 745 1750 12,
760 1675 802 1737 35
812 1671 929 1737 Esdras
945 1675 1046 1738 scriba
1061 1675 1156 1737 estun
1172 1663 1363 1738 dedicatione
1378 1670 1465 1746 muri,
1482 1685 1570 1751 quem

218 1763 386 1828 Nehemiae
402 1763 583 1827 aedificavit.
619 1763 785 1846 Utriusque
800 1772 940 1846 tempora
954 1763 1066 1826 ibidem
1079 1763 1216 1846 proxime
1232 1761 1471 1826 subordinantur
1486 1767 1568 1821 tem-

217 1852 342 1935 poribus
364 1852 503 1920 Joacimi.
549 1852 626 1917 Cum
646 1853 740 1934 igitur
763 1852 881 1916 Esdras
901 1853 1006 1916 multis
1026 1853 1212 1936 argumentis
1235 1853 1290 1916 sub
1312 1851 1446 1934 priorem
1467 1849 1567 1912 Arta-

217 1960 342 2005 xerxem
355 1942 523 2019 referatnr,
545 1943 651 2006 eodem
673 1942 840 2025 pertinebit
862 1950 895 2006 et
908 1943 1090 2019 Nehemiae,
1112 1949 1237 2025 etpost
1257 1943 1341 2006 illum
1364 1940 1420 2004 sub
1441 1938 1571 2003 Darium

217 2031 362 2095 Nothum.

306 2120 412 2183 Adde:
437 2119 472 2184 Si
495 2122 532 2184 de
550 2119 745 2184 Oodomanno
767 2122 942 2203 loqueretur
956 2122 1138 2196 Nehemiae,
1159 2121 1315 2202 ingentem
1330 2120 1442 2185 saltum
1457 2118 1491 2182 in
1506 2117 1571 2199 ejus

216 2209 348 2273 historia
362 2210 509 2286 futumm;
533 2209 612 2274 adde
627 2210 677 2274 vel
693 2208 713 2274 6
730 2211 842 2292 grodm
857 2211 964 2292 patris,
979 2211 1033 2273 lilii
1049 2218 1081 2273 et
1095 2218 1240 2294 nepotum
1254 2210 1459 2280 unavioturos
1476 2207 1570 2271 fuisse

217 2301 272 2364 snb
288 2300 384 2362 Dario
398 2299 503 2363 Notho
514 2346 533 2385 ,Ι
544 2300 599 2363 sub
616 2319 703 2383 quem
720 2298 860 2381 Scaliger
881 2299 1131 2377 refertiorem,
1152 2301 1202 2364 vel
1217 2301 1305 2363 tarde
1322 2298 1485 2362 admodum
1500 2297 1569 2378 gig-

219 2396 329 2452 nentes
346 2389 513 2452 exhibitum
521 2389 564 2452 iri
579 2389 712 2471 priores,
733 2396 852 2452 mature
868 2389 1028 2454 admodum
1042 2391 1229 2471 posteriores
1235 2407 1245 2466 3
1269 2407 1336 2452 cum
1352 2390 1378 2452 si
1392 2405 1570 2450 maneamus

218 2479 299 2560 apud
313 2478 441 2541 Darium
455 2479 607 2554 Nothum,
630 2479 730 2541 omnia
752 2479 790 2543 de
810 2479 892 2543 lacili
915 2481 1092 2561 procedant.
1130 2478 1299 2543 Considera
1321 2480 1442 2553 etheo,
1461 2475 1571 2541 librum

204 2567 386 2632 Nehemiae
410 2567 556 2649 scriptum
577 2585 646 2630 esse
670 2569 725 2630 sub
749 2568 878 2652 quodam
899 2569 995 2632 Dario
1017 2569 1129 2644 Persa,
1152 2569 1202 2651 qui
1222 2569 1359 2650 proxime
1382 2573 1508 2630 secutus
1531 2563 1572 2630 sit

219 2657 369 2740 quendam
383 2657 591 2721 Artaxerxem
606 2650 719 2739 (comp.
734 2657 812 2721 Νι1ι.
832 2658 881 2732 12,
897 2659 948 2720 22.
965 2676 1031 2722 cum
1049 2659 1098 2734 13,
1115 2615 1169 2740 6.).

307 2747 347 2810 A.
364 2745 420 2810 Ch.
436 2746 510 2809 413.
540 2746 674 2827 Augusti
690 2739 741 2808 27.
771 2747 859 2810 Luna
875 2747 988 2810 deiecit
1003 2741 1179 2829 (Thucydu)
1222 2747 1301 2809 Erat
1315 2747 1429 2810 mensis
1446 2743 1571 2810 Cameli

217 2841 336 2918 ιιτραῦι
352 2839 513 2915 cotronae
528 2834 699 2917 Syracusis.
729 2831 812 2916 Ergo
828 2835 977 2900 Oarneius
994 2837 1071 2900 satis
1093 2845 1236 2900 accurate
1260 2835 1401 2918 congruit
1414 2835 1446 2898 in
1461 2835 1572 2915 Augu-

219 2933 301 2990 stum
316 2925 479 2988 Julianum.
523 2925 627 3008 Atque
650 2925 744 2988 etiarn
764 2926 949 2990 Plutarchus
964 2925 1129 2992 Oarneium
1150 2945 1218 2989 cum
1239 2924 1463 3006 Metagitnione
1487 2943 1572 2986 oom-

218 3021 319 3098 parat.
349 3013 432 3078 Sunt
446 3032 520 3077 sane
530 3013 626 3084 Siculi
634 3015 734 3078 Dores
751 3022 784 3076 et
798 3013 914 3096 Sparta
930 3015 1022 3078 etiam
1038 3015 1200 3080 aDoribus
1216 3023 1267 3077 est
1281 3014 1413 3078 condita
1439 3013 1573 3095 Spartae

219 3124 293 3168 vero
310 3103 443 3169 Carneia
458 3100 651 3168 celebrantur
665 3104 828 3184 plenilunio
844 3105 957 3168 mensis
973 3104 1099 3180 aestivi,
1120 3111 1155 3168 ut
1170 3123 1209 3167 ex
1222 3104 1367 3187 Euripide
1383 3105 1476 3166 docet
1491 3101 1573 3166 Scsl.

220 3193 287 3257 Em.
303 3194 407 3275 Temp.
423 3192 510 3269 156,
533 3193 685 3274 adjunctis
700 3194 859 3282 Herodoto
883 3199 915 3256 et
929 3194 1113 3277 Thucydide.
1159 3193 1223 3257 Sed
1244 3193 1294 3257 hic
1308 3193 1422 3257 mensis
1446 3211 1509 3256 non
1524 3191 1572 3254 in-

221 3283 295 3364 cipit
310 3301 378 3346 curn
393 3283 493 3345 Luna.

307 3372 348 3437 A.
364 3370 421 3435 Oh.
436 3367 511 3436 397.
540 3370 618 3434 Rae
637 3370 708 3434 141.
738 3371 816 3446 Nab.
831 3371 907 3435 351.
936 3371 997 3436 Est
1018 3392 1114 3437 annus
1138 3371 1167 3434 8.
1182 3326 1368 3436 Artaxerxis
1390 3370 1573 3435 Mnemonis.

221 3459 257 3526 Si
271 3461 389 3524 Esdras
398 3459 864 3542 hujusArtaxerxrsMnemonrs
878 3469 914 3524 ut
923 3461 1143 3543 vultSeahger
1158 3480 1237 3524 anno
1245 3460 1480 3546 praecedenti?
1496 3461 1575 3524 inter

222 3557 326 3615 cetera
341 3551 435 3614 etiam
448 3551 507 3613 hoc
523 3550 694 3625 statuisset,
709 3550 907 3614 sabbathicos
920 3571 1016 3616 annos
1026 3551 1242 3627 observandos,
1257 3551 1421 3614 verisimile
1438 3559 1498 3654 est
1514 3570 1574 3614 non

222 3639 314 3704 alium
329 3641 461 3703 futurum
477 3639 570 3702 fuisse
586 3659 698 3710 annum
713 3640 932 3717 sabbathicum,
948 3659 1037 3724 quarn
1047 3659 1123 3717 eum,
1138 3641 1187 3723 qui
1202 3641 1233 3704 in
1250 3641 1395 3704 continua
1412 3641 1491 3703 serie
1504 3640 1574 3704 inde

222 3730 262 3794 ab
278 3751 305 3792 a.
324 3731 372 3792 10.
383 3727 532 3792 Sedeciae
549 3730 750 3810 septimanam
766 3731 907 3792 annalem
922 3730 1092 3795 claudebat.
1121 3730 1246 3794 Fuisset
1260 3729 1354 3811 igitur
1367 3730 1418 3792 hic
1433 3729 1573 3794 8.Arta-

223 3819 325 3882 xerxis
341 3817 497 3881 decretum
511 3819 647 3900 proxime
664 3837 794 3901 sequens
810 3819 1016 3896 sabbathicus,
1032 3820 1102 3903 quia
1116 3820 1197 3883 inter
1214 3820 1264 3883 10.
1280 3819 1436 3882 Sedeciae
1446 3827 1481 3882 et
1494 3819 1574 3882 hune

222 3908 375 3972 intersunt
390 3908 455 3971 210
469 3907 592 3988 integra
607 3908 777 3971 Sabbatha.
820 3908 919 3990 Atqui
942 3910 968 3972 si
984 3910 1132 3973 calculum
1145 3909 1332 3972 Judaeorum
1348 3930 1367 3971 a
1382 3909 1575 3972 sabbathicis

223 3997 278 4062 sub
287 3997 410 4060 Herode
426 3997 598 4062 observatis
613 3999 672 4060 huc
687 4017 782 4080 usque
797 4005 881 4060 retro
897 3999 1064 4075 continues,
1079 3999 1128 4062 hic
1143 3998 1173 4061 8
1182 3997 1294 4061 Artax
1301 3998 1475 4061 Mnemonis
1485 3998 1574 4061 inve·
1621 3999 1624 4008 '

223 4085 350 4150 ι11ιι4.
365 4085 572 4151 hebdomadis.
616 4087 723 4162 Vides,
745 4107 771 4151 ιι
763 4086 978 4168 'Scaligerum
993 4088 1090 4152 secuti
1104 4088 1234 4151 Esdram
1251 4088 1305 4151 sub
1321 4087 1400 4152 huno
1416 4087 1575 4168 posterio-

162 4219 164 4226 -
221 4195 288 4239 rem
301 4177 507 4240 Artaxerxem
522 4176 703 4252 referamus,
726 4195 848 4240 eausam
863 4196 1011 4259 apparere
1027 4177 1155 4252 nullam,
1175 4195 1228 4241 cur
1250 4178 1382 4241 calculus
1399 4176 1578 4242 sabbathici

227 4265 319 4330 luerit
333 4266 465 4329 luxatas.

312 4355 351 4420 A
368 4354 492 4419 0386
521 4354 641 4420 Bellum
655 4354 840 4418 Artaxerxis
863 4375 931 4419 curn
947 4353 1131 4431 Cadusiis,
1121 4377 1152 4419 ιι
1169 4373 1226 4439 quo
1242 4355 1367 4432 Darius,
1389 4356 1578 4420 Artaxerxis

225 4463 264 4509 ex
279 4445 375 4508 hatra
384 4443 508 4507 Arsamr
523 4461 628 4524 nepos,
644 4444 693 4526 qui
702 4451 813 4526 postea
821 4445 992 4527 imperavit
1009 4453 1130 4509 strenue
1142 4466 1174 4510 se
1190 4447 1297 4528 gessit.
1320 4445 1578 4511 PraetorAthen.

226 4534 408 4597 Dexitheus.
434 4533 574 4596 Tiribazo
584 4532 742 4596 invincula
754 4533 901 4614 conjecto,
918 4553 1012 4616 gener
1027 4534 1092 4615 ejus
1104 4535 1172 4599 (iao
1188 4534 1376 4617 conspiravit
1390 4553 1460 4599 cum
1475 4533 1577 4599 Lace-

226 4621 393 4685 daemoniis
409 4629 442 4684 et
457 4640 525 4684 enm
538 4620 633 4684 Acori
649 4641 721 4704 rege
734 4622 880 4706 Aegypti.
894 4688 901 4704 ,
918 4620 1028 4687 Annus
1044 4631 1094 4687 est
1109 4626 1159 4688 20.
1168 4624 1362 4700 Artaxerxis,
1378 4625 1446 4707 quis
1462 4627 1579 4702 credat,

226 4710 286 4775 hoc
300 4718 437 4793 tempore
458 4709 531 4773 belli
545 4710 712 4774 Nehemiae
735 4713 840 4781 datam
862 4715 980 4795 copiam
1001 4713 1177 4776 exstruendi
1191 4714 1398 4797 Jerosolyma‚
1420 4715 1579 4798 Aegyptio

228 4800 392 4881 suspecto?
423 4799 517 4868 certe
532 4799 559 4864 si
575 4807 648 4873 ants
664 4800 707 4866 60
722 4820 820 4866 annos
841 4821 903 4867 non
917 4803 1049 4867 luissent
1068 4803 1223 4868 aedificati
1237 4802 1313 4868 muri
1328 4804 1385 4869 snb
1401 4803 1462 4868 allo
1477 4806 1578 4870 Arte-
