3390 5542
238 231 300 292 636
808 229 894 280 Tertia
911 228 980 280 Pars.

236 426 300 488 que
324 403 547 471 dissimilitudo
576 403 729 473 cadorum
761 403 933 487 (quantula
959 402 1086 488 quidem
1107 403 1140 468 in
1161 369 1328 468 dustriaca
1351 396 1436 468 dolia
1457 400 1558 480 cadit,

238 497 314 560 dum
345 494 500 559 doliorum
534 492 660 576 opifices
690 492 801 576 regula
831 513 890 556 sua
919 509 1027 558 crasse
1054 499 1208 570 utuntur,
1245 497 1302 555 aut
1330 491 1417 556 dolia
1446 501 1559 559 vetera

115 645 119 652 .
237 583 389 666 praecisis
412 582 607 664 marginibus
630 581 784 662 sarciunt)
807 581 944 658 multum
967 582 1101 662 derogat
1128 579 1203 644 fidei
1224 579 1321 664 hujus
1343 578 1554 644 mensuratio-

237 672 296 752 nis,
322 677 359 736 ut
381 671 500 738 dictum
522 670 693 736 corollario
715 669 740 734 l.
763 669 805 734 ad
829 671 873 734 th.
897 670 939 734 V:
960 677 991 735 et
1015 669 1058 734 th.
1076 667 1176 738 XXlI.
1199 669 1305 753 hujus.
1344 669 1466 744 Quarto
1490 690 1559 732 non

237 761 409 844 negligitur
442 759 506 840 hio,
541 759 596 824 sed
629 759 700 842 ipsa
732 759 884 824 methodo
917 758 1108 825 adsciscitur
1139 757 1317 842 amplitudo
1339 757 1476 836 ventris,
1499 778 1559 820 seu

237 849 374 915 circulus
396 849 552 914 maximus
575 847 643 912 XY:
673 846 715 912 ab
738 847 822 913 illius
849 847 931 913 enim
960 868 1083 913 summo
1106 845 1134 910 A
1156 846 1336 910 instituitur
1359 846 1559 913 mensuratio

238 939 280 1002 ad
304 938 437 1002 alterius
461 938 560 1002 imum
583 938 617 1003 (l.
663 937 740 1021 Ejus
763 935 808 1001 rei
831 935 1076 1001 fundamentum
1098 934 1218 1018 pendet
1241 956 1280 998 ex
1304 934 1348 997 th.
1373 933 1472 998 XXll.
1498 933 1558 998 hu·

233 1031 285 1112 jus
308 1027 421 1110 partis.
466 1024 585 1102 Quinto
608 1045 667 1090 nec
689 1025 864 1090 buecositas
888 1025 1155 1092 trunciconoidis
1184 1023 1236 1088 hic
1260 1024 1430 1104 quicquam
1453 1031 1559 1101 nocet,

236 1137 294 1202 pqr
317 1117 362 1180 th.
394 1115 509 1180 XXIX.
561 1113 620 1180 Est
651 1114 734 1179 enim
764 1121 795 1178 et
822 1135 879 1196 per
909 1135 942 1178 se
977 1115 1102 1196 exigua,
1135 1121 1168 1178 et
1195 1135 1251 1194 per
1279 1133 1387 1176 omnes
1415 1113 1560 1175 omnium

238 1202 395 1270 doliorum
418 1204 605 1270 medietates
631 1203 699 1268 fere
726 1201 836 1267 similis
865 1204 1062 1268 conniventia
1090 1200 1286 1278 tabularum,
1311 1200 1352 1264 ad
1376 1207 1559 1264 structurae

238 1293 376 1358 rationes
398 1293 570 1376 pertinens,
596 1313 679 1375 qnae
695 1312 753 1356 nec
767 1313 889 1355 meram
906 1290 1300 1380 conicampectitudinem,
1325 1309 1381 1353 nec
1403 1288 1560 1370 insignem

236 1381 379 1466 aliquam
401 1382 680 1458 ventricositatem,
705 1381 806 1462 magis
838 1387 947 1445 tumen
968 1378 1071 1458 illam,
1097 1399 1193 1461 qnam
1215 1377 1299 1442 hanc
1323 1373 1467 1460 reqbirit.
1515 1377 1560 1440 At

236 1469 278 1534 de
310 1470 380 1535 hac¹
405 1469 598 1536 buccssitate
633 1468 777 1553 plerique
809 1489 970 1534 mensores
1002 1469 1095 1534 valde
1128 1475 1202 1532 sunt
1226 1467 1373 1543 solliciti,
1409 1467 1491 1530 adeo
1519 1475 1559 1530 nt

236 1557 384 1638 Clariae,
414 1563 451 1621 ut
478 1579 578 1642 supra
605 1559 737 1637 dictum,
767 1557 810 1621 ad
839 1557 966 1641 ellipses
994 1565 1027 1622 et
1058 1555 1212 1620 corsoides
1243 1555 1419 1637 confugiat3
1452 1577 1558 1637 neque

236 1647 346 1714 tannen
373 1647 544 1730 quisquam
570 1647 698 1712 illorum
725 1646 830 1711 adhuc
859 1647 1010 1728 genuinas
1038 1645 1193 1711 doliorum
1219 1643 1339 1726 figuras
1366 1643 1558 1708 calculando

236 1747 365 1800 secutus
390 1741 453 1814 est,
482 1757 563 1819 ques
591 1757 648 1818 ego
676 1757 760 1800 nuuc
782 1736 920 1819 primum
935 1727 978 1799 'et
992 1731 1234 1817 'cognoscendas
1259 1732 1333 1797 dedi
1356 1733 1557 1798 demonstra-

235 1825 376 1890 tionibus
399 1825 632 1907 spinosissimis,
655 1824 741 1889 etin
763 1845 912 1888 numeros
936 1827 1055 1909 conjeci
1078 1823 1299 1906 operosissimo
1321 1820 1459 1901 calculo,
1499 1821 1558 1884 sed

236 1913 322 1996 quod
348 1914 519 1978 Austriaca
547 1923 657 1978 nostra
688 1912 774 1978 dolia
804 1913 933 1993 attinet,
964 1913 1126 1994 ingeniosa
1155 1912 1256 1993 magis
1286 1931 1384 1993 quarn
1411 1909 1484 1973 utili
1507 1909 1558 1972 rel

237 2004 416 2066 necessaria
439 2000 687 2082 machinatione,
716 2008 841 2067 tantum
872 2008 909 2064 ut
931 2023 971 2068 ex
999 2000 1238 2085 comparatione
1261 1999 1375 2063 calculi
1397 2020 1471 2064 cunr
1497 2019 1558 2062 usu

237 2092 557 2173 s·irgaeAust1iacae
579 2097 611 2154 et
630 2091 839 2170 ¹commoditas
861 2089 955 2174 hujus
972 2089 1176 2156 dimensionis
1199 2095 1290 2154 tanto
1312 2089 1413 2168 magis
1437 2088 1558 2150 eluces·

238 2187 334 2261 cerat,
359 2187 391 2245 et
414 2181 512 2245 ceteri
528 2175 708 2263 scrupulosi
731 2185 969 2262 computatores
992 2199 1060 2242 sese
1082 2179 1287 2261 respicerent,
1312 2175 1557 2260 perpendentes,

237 2290 334 2351 quam
359 2269 513 2334 hactenus
534 2269 656 2334 frustra
679 2269 844 2334 cerebrum
866 2267 1019 2350 fregerint
1042 2265 1331 2350 computationibus
1344 2263 1556 2333 laboriosissi-

236 2359 306 2436 mis,
331 2357 463 2424 culicem
487 2356 667 2422 excolantes
690 2358 877 2422 fractionum
899 2355 1192 2434 minutissimarum,
1217 2355 1274 2418 sed
1289 2355 1446 2419 camelum
1467 2375 1556 2417 erro·

237 2467 309 2510 rum
342 2446 565 2529 deglutientes,
598 2448 667 2512 sola
698 2447 759 2510 hac
787 2446 891 2509 altera
925 2466 968 2524 re,
993 2446 1117 2529 pariter
1146 2443 1223 2528 ipsis
1251 2445 1406 2528 ignorata,
1431 2441 1553 2520 felices,

237 2535 325 2618 (qnod
356 2535 470 2600 nullius
500 2535 566 2600 fere
594 2536 746 2600 momenti
773 2543 850 2601 suut
876 2535 1049 2618 pleraeque
1072 2539 1139 2600 tam
1163 2533 1425 2616 scrupulositates
1456 2552 1558 2612 quam

237 2645 360 2688 emeres
384 2625 468 2688 circa
490 2624 571 2688 illas.
617 2624 795 2689 Plurimum
818 2623 914 2704 igitur
941 2623 983 2687 ad
1010 2625 1209 2707 privatorum
1233 2622 1439 2686 securitatem
1462 2627 1554 2683 frau-

236 2712 356 2795 desque
376 2713 583 2777 eliminandus
595 2714 702 2791 refert,
726 2719 766 2777 ut
778 2713 829 2777 lex
839 2712 898 2776 illa
913 2711 989 2777 dolii
1006 2709 1217 2788 construendi,
1239 2731 1322 2794 quae
1340 2709 1438 2774 tertia
1462 2715 1558 2791 parte

236 2799 440 2884 longitudinis
469 2801 656 2867 tabularum
684 2799 777 2886 jubet
809 2799 988 2866 describere
1018 2800 1173 2865 circulum
1206 2799 1332 2865 orbium
1364 2793 1557 2881 ligneorum',

151 2917 152 2924 ¹
234 2891 480 2974 magistratuum
508 2891 702 2956 auctoritate
736 2889 963 2972 diligentiaque
992 2897 1200 2968 conservetur,
1230 2889 1402 2971 poenisque
1426 2893 1558 2988 etpro-

234 2979 405 3062 scriptione
420 2999 577 3056 vasorum,
603 3000 684 3061 qnae
698 2979 780 3044 hauc
792 2979 929 3062 figuram
940 2999 1005 3044 non
1017 2977 1149 3057 habent,
1166 2975 1355 3056 vindicetur,
1380 2983 1436 3040 aut
1457 2981 1555 3053 certe,

235 3074 273 3131 ut
297 3069 404 3150 virgae
426 3068 602 3133 mansoriae
624 3067 657 3132 in
680 3067 862 3134 enormibus
895 3067 957 3132 illis
983 3067 1077 3134 doliis
1103 3065 1300 3133 dimetiendis
1326 3064 1406 3129 tides
1427 3063 1558 3148 publico

235 3157 366 3222 decreto
389 3155 573 3241 abrogetur.

199 3367 203 3377 '
234 3357 304 3426 III.
342 3359 432 3441 Quod
454 3381 531 3426 usta
552 3361 662 3444 regor
684 3357 919 3444 transuersclis,
948 3360 1119 3440 irrscriptus
1139 3359 1283 3424 trudentis
1309 3359 1482 3425 diuisiones
1504 3379 1559 3422 eu·

641 3450 736 3530 dices,
760 3451 805 3514 sit
825 3447 980 3514 Austricc
998 3451 1160 3530 proprius.

323 3603 419 3668 Patet
440 3601 514 3667 hinc
528 3603 640 3682 etiam,
666 3623 723 3666 cur
745 3601 854 3685 virgae
876 3599 1099 3665 transversalis
1116 3621 1194 3664 usus
1216 3599 1319 3664 multo
1340 3599 1383 3664 sit
1407 3598 1559 3664 Austriae

233 3691 431 3771 furniliarior,
457 3712 555 3774 quam
578 3691 759 3757 nationibus
782 3691 908 3755 ceteris:
938 3690 1087 3756 nimirum
1110 3688 1187 3771 quia
1210 3688 1294 3754 hanc
1317 3688 1394 3752 dolii
1418 3687 1559 3768 figuram

234 3787 440 3865 receperunt,
471 3781 513 3845 ad
542 3801 639 3864 quam
666 3779 862 3845 collimantes
888 3779 1023 3843 victores
1053 3777 1219 3842 minimum
1243 3782 1361 3843 nocent
1384 3777 1559 3860 capacitati

233 3889 387 3934 mannum
409 3869 623 3936 aberratione.
667 3869 710 3934 At
731 3889 828 3953 penes
852 3869 995 3931 nationes
1019 3873 1142 3931 ceteros
1174 3867 1256 3932 oliae
1279 3865 1376 3931 etiarn
1398 3865 1559 3932 doliorum

234 3959 355 4040 figuras
365 3959 399 4023 in
414 3979 473 4022 usu
485 3962 569 4038 sunt,
596 3959 631 4022 in
643 3958 756 4042 quibus
769 3957 925 4022 ventrium
937 3955 1113 4038 amplitudo
1125 3955 1376 4038 tabularumque
1391 3955 1560 4038 longitudo

233 4053 358 4113 mutata
385 4046 494 4112 statim
521 4046 665 4112 sensibile
687 4045 762 4130 quid
789 4051 892 4111 nocet.
938 4042 1043 4120 Quare
1071 4045 1132 4109 etsi
1155 4065 1270 4109 rerum
1293 4051 1349 4123 est
1368 4067 1470 4114 ,usmn
1494 4045 1556 4108 vir·

234 4157 292 4220 gae
314 4135 538 4201 transversalis
561 4137 772 4200 umversalem
794 4155 862 4198 esse
885 4135 917 4198 in
940 4133 1086 4197 omnibus
1110 4133 1200 4198 doliis
1222 4135 1307 4198 inter
1329 4127 1364 4196 se
1385 4131 1554 4209 similibus,

233 4225 404 4290 secundum
423 4226 470 4291 th.
491 4225 615 4290 XXVI.-
629 4225 721 4310 hujus
744 4224 858 4308 partis:
887 4229 922 4288 at
943 4222 1030 4286 nulla
1056 4221 1117 4300 lex,
1141 4221 1230 4286 nulla
1252 4223 1413 4288 institutio
1437 4223 1559 4287 sufficit

234 4313 406 4398 opificibus,
429 4321 467 4378 ut
485 4334 609 4397 semper
631 4319 763 4378 teneant
785 4312 917 4377 eandem
939 4313 1082 4394 praecise
1105 4313 1345 4394 proportionem
1367 4310 1559 4376 tabularum

234 4403 400 4486 multoque
422 4403 526 4468 minus
549 4401 773 4486 profunditatis
791 4403 909 4466 ventris
932 4401 974 4464 ad
997 4399 1106 4479 orbes3
1131 4406 1168 4465 ut
1189 4401 1222 4464 in
1237 4421 1302 4483 qua
1322 4399 1557 4466 conformanda

140 4492 142 4503 ’
234 4511 325 4556 casus
349 4491 521 4574 plurimum
544 4491 637 4571 valet,
670 4491 834 4555 consilium
853 4489 974 4573 opificis
996 4489 1170 4553 minimum.
1202 4489 1281 4553 Cum
1303 4489 1413 4572 itaque
1433 4487 1558 4570 figurae

233 4580 398 4645 institutae
417 4580 596 4663 proprietas
622 4600 687 4644 non
706 4579 871 4644 subveniat
897 4578 1092 4643 aberrationi
1115 4599 1275 4661 manuum,
1300 4579 1389 4644 utin
1415 4577 1554 4653 dustria

234 4669 280 4732 sic
310 4675 347 4733 ut
380 4668 503 4752 figurae
540 4667 707 4733 dissimiles
741 4668 975 4752 aequipolleant
1009 4664 1178 4732 similibus:
1213 4666 1424 4733 dissimilibus
1459 4665 1557 4750 igitur

234 4756 342 4840 figuris
374 4757 514 4842 quotidie
547 4757 801 4844 provenientibus
835 4757 1001 4837 doliorum,
1025 4777 1083 4844 nec
1117 4756 1303 4840 capacitatis
1336 4755 1462 4837 similis,
1492 4773 1554 4822 non
