3396 5540
559 259 562 270 Ι
629 279 736 342 lle-logne
757 253 902 326 chronicae.
1041 311 1047 320 ·
1261 280 1264 286 ¹
1363 281 1425 340 dl't'

111 455 225 525 phurim,
253 457 378 524 arripienti
407 473 458 510 non
485 473 606 526 possum,
636 475 696 510 cum
722 457 761 512 illi
786 457 843 510 dies
871 455 932 510 loeti
960 457 1016 509 sive
1043 459 1130 528 iopen<
1158 457 1264 533 nomine
1291 473 1428 528 nunquam

111 537 289 606 appellentur.
330 538 361 590 ld
382 539 543 591 vocabulum
565 537 634 592 enirn
655 538 780 592 convenit
801 544 907 590 tantum
927 537 1013 590 tribus
1029 537 1106 589 festis
1123 537 1175 589 illis
1191 537 1426 598 solennioribus‘l.

193 644 275 712 Joh.
301 627 578 723 Gerstlenterger.)
601 647 681 711 Joh.
706 647 873 730 Keplero
896 647 928 712 S.
952 647 1018 724 (30.
1042 647 1124 728 hug.
1152 645 1263 726 1609);

183 757 364 810 Provocatum
385 764 428 812 est
448 757 522 812 hisce
543 759 638 812 diebus
660 761 694 812 ad
715 776 758 812 me
778 759 886 829 publice
906 772 956 828 per
976 759 1065 812 Elium
1086 759 1254 812 Reusnerum
1275 761 1428 822 Jenensem,

110 841 137 888 et
161 837 276 890 Sethum
301 837 448 891 Calvisium
472 837 630 907 Lipsensem
657 840 846 910 chronologos.
888 839 959 908 Ego,
988 838 1033 908 qui
1060 855 1147 892 meam
1168 839 1220 892 hae
1242 837 1268 901 in
1288 855 1319 892 re
1340 840 1428 893 tenui·

109 923 191 969 tatem
212 931 333 986 agnosco
354 923 383 970 et
403 917 552 980 infantiam,
574 934 633 972 cum
653 919 767 988 primum
782 919 923 989 utriusque
939 919 1116 971 fundamenta
1132 918 1331 988 conquisivero,
1353 927 1429 972 tunm

110 1003 137 1049 et
155 994 272 1050 aliorum
292 997 485 1068 excellentium
506 999 532 1051 in
554 1006 615 1052 arte
631 997 748 1052 virorum
757 999 890 1068 judicium
905 1005 934 1052 et
949 1013 1091 1052 censuram
1106 997 1250 1068 requiram.
1272 1001 1312 1052 'lu
1323 999 1428 1052 interim

109 1077 166 1128 rive
186 1081 215 1128 et
235 1065 348 1136 vale³’).
543 1075 547 1084 '
893 1147 897 1156 υ
1030 1125 1034 1134 ,

191 1177 310 1258 Epist.
334 1177 418 1242 XVI.
442 1178 523 1244 Joh.
548 1179 738 1262 Keplarus
761 1177 840 1244 Joh.
866 1180 1119 1254 Glententergerol
1145 1179 1175 1242 S.
1200 1179 1294 1261 (Aug.
1317 1179 1429 1250 litlot:

108 1263 180 1346 Legi
196 1265 356 1330 Reusneri
371 1271 404 1329 et
419 1267 547 1332 Calvisii
569 1268 801 1332 controversias
824 1267 1070 1349 chronologicas,
1096 1265 1253 1349 quidquid
1274 1287 1372 1350 super
1391 1269 1430 1330 iis

107 1373 283 1438 anonymus
310 1355 443 1437 quidam
465 1357 513 1420 rir
534 1356 647 1422 doctus
668 1363 802 1438 rogatus
824 1357 1038 1439 responderit.
1084 1355 1190 1420 ludex
1213 1363 1249 1419 ut
1271 1357 1341 1434 sim,
1367 1377 1431 1420 nen

108 1443 268 1525 convenit:
300 1461 372 1507 sum
401 1445 485 1510 enim
508 1445 631 1529 etipse
654 1465 730 1528 pars
753 1450 785 1509 et
807 1445 874 1508 iat)
896 1465 967 1509 mee
990 1444 1130 1530 quodam
1154 1451 1311 1527 perpetuo
1334 1445 1432 1508 etiam

107 1529 154 1594 hic
184 1531 303 1595 tertius
335 1533 559 1598 interveniens.
612 1535 749 1616 Agnovit
780 1533 840 1597 hoc
871 1534 985 1598 doctus
1017 1533 1073 1596 ille
1100 1553 1258 1614 suumque
1289 1534 1329 1597 de
1360 1553 1432 1598 mea

107 1619 244 1684 diatribe
263 1620 417 1705 judicium
440 1623 596 1707 adjunxit,
620 1622 708 1704 quod
730 1622 797 1686 tale
821 1628 878 1699 est,
903 1629 940 1685 ut
963 1623 1064 1704 magis
1088 1623 1128 1686 de
1146 1623 1293 1687 Caesaris
1306 1621 1428 1688 mathc-

107 1709 233 1783 matieo‚
257 1729 355 1790 quam
378 1709 418 1774 de
440 1697 572 1793 Kepleri
595 1710 735 1776 diatriba
757 1711 912 1794 seriptum
935 1731 1004 1774 esse
1028 1711 1183 1776 videatur.
1229 1711 1344 1792 Itaque
1368 1731 1432 1774 non

108 1803 141 1860 nt
160 1797 274 1881 judex,
297 1798 354 1862 scd
376 1805 413 1862 ut
435 1800 552 1864 tertius
573 1799 787 1865 interveniens
810 1799 995 1864 brevissime
1013 1799 1142 1866 Calvisii
1165 1797 1335 1882 epistolam
1358 1817 1430 1882 per·

107 1907 245 1949 conam.
292 1887 430 1952 Moralia
452 1908 582 1953 censere
601 1887 718 1973 judicis
742 1895 805 1952 est:
828 1888 887 1952 illa
909 1888 987 1952 nihil
1010 1887 1052 1952 ad
1075 1909 1134 1966 me,
1160 1907 1265 1969 neque
1283 1886 1335 1953 hic
1346 1887 1433 1952 valet

106 1973 199 2038 illud:
226 1973 312 2038 bona
335 1995 434 2040 causa
456 1977 541 2040 male
564 1977 687 2058 agendo
710 1977 937 2059 corrumpitur.

191 2063 232 2130 In
264 2064 369 2145 prima
400 2065 618 2129 controversia
645 2065 684 2130 de
707 2065 860 2148 paschate
882 2066 994 2129 haeret
1018 2071 1155 2148 uterque
1178 2064 1210 2128 in
1235 2062 1434 2129 astronomia

107 2151 191 2216 velut
214 2173 289 2216 mus
310 2154 344 2216 in
368 2155 446 2236 pice.
492 2156 610 2220 Mirum
632 2155 745 2222 iatum.
774 2155 842 2237 ipse
866 2160 1069 2219 astronomus
1093 2158 1216 2217 ceteros
1239 2175 1302 2218 non
1326 2159 1430 2218 astro-

107 2261 215 2304 nomos
250 2241 404 2306 abstraho
436 2241 477 2306 ab
508 2244 706 2307 astronomia
727 2244 759 2307 in
784 2243 911 2306 actione
934 2243 1028 2328 hujus
1052 2263 1181 2306 carisae.
1226 2241 1433 2306 Probandmn

107 2337 156 2392 est
187 2327 343 2408 legitime
375 2331 517 2396 ludaeos
549 2339 617 2396 tam
647 2329 730 2395 bene
757 2331 856 2395 luisse
883 2332 1098 2395 astronomice
1122 2331 1241 2408 doctos,
1275 2335 1432 2412 quantam
1477 2355 1481 2366 ¹

106 2418 197 2482 hodie
222 2417 436 2501 cognitionem
459 2419 546 2483 illins
569 2421 722 2487 scientiae
746 2419 885 2484 afferunt
906 2420 948 2484 ad
972 2417 1055 2486 lianc
1078 2439 1218 2483 causam.
1244 2415 1332 2499 'Ego
1356 2439 1430 2482 cou-

106 2507 245 2570 trarium
276 2509 410 2582 affirmo,
443 2509 565 2592 priscos
596 2509 669 2573 illos
695 2509 838 2574 ludaeos
861 2529 966 2591 usque
989 2508 1033 2574 ad
1056 2507 1175 2577 Christi
1196 2509 1262 2571 l'ere
1285 2514 1433 2590 tempora

105 2595 135 2658 in
159 2617 220 2660 usu
249 2595 433 2661 Oalcmlarii
455 2597 535 2662 nihil
558 2596 646 2662 ultra
668 2597 755 2676 vulgi
779 2603 908 2678 captum
932 2593 1089 2682 sapuisse

192 2684 403 2749 l‘atriarchas
439 2687 569 2767 quidem
605 2689 656 2770 ajo
688 2707 763 2749 ests
795 2705 864 2748 esse
896 2706 981 2749 anno
1013 2684 1168 2768 Aegyptio
1200 2684 1324 2748 dierum
1358 2687 1431 2761 att,

105 2795 233 2838 menses
255 2773 406 2838 habuisse
431 2779 480 2854 12,
505 2775 537 2840 in
554 2775 603 2839 his
623 2781 658 2840 11
679 2775 837 2838 tricenum
849 2773 981 2853 dierum,
1006 2773 1229 2838 duodecimum
1244 2778 1283 2837 35
1296 2773 1431 2836 dierum.

106 2865 185 2926 t'nm
209 2867 323 2926 autem
346 2868 444 2946 ceput
465 2865 541 2930 anni
564 2863 712 2948 Aegyptii
734 2863 878 2928 ambulet
901 2883 958 2944 per
980 2883 1090 2926 omnes
1112 2867 1321 2944 tempestates
1344 2863 1430 2948 anni.

105 2951 136 3014 in
168 2951 261 3015 exitu
294 2971 333 3015 ex
364 2953 509 3036 Aegypto
540 2953 573 3017 id
604 2953 665 3017 t'uit
690 2953 724 3016 in
747 2958 911 3030 autumno,
946 2971 1019 3015 cum
1042 2951 1146 3015 exitus
1169 2950 1322 3014 acciderit
1343 2971 1431 3016 vere:

102 3045 210 3122 jnssns
244 3045 295 3102 est
326 3040 438 3124 itaque
466 3042 571 3107 Moses
604 3061 747 3105 mensem
773 3041 902 3120 lingum
928 3060 1084 3105 novarum
1106 3061 1166 3123 pro
1188 3039 1290 3122 primo
1313 3037 1433 3102 habere

105 3149 225 3192 mense.
275 3129 345 3192 Hoc
370 3136 544 3212 praecepto
567 3153 625 3214 pro
648 3129 758 3194 mobili
780 3149 864 3193 emm
888 3127 1046 3212 Aegyptio
1069 3127 1233 3194 stabilitus
1256 3131 1305 3191 est
1326 3148 1432 3190 annus

105 3219 186 3282 tirus
195 3239 212 3280 :·
231 3217 295 3282 hoc
322 3237 400 3282 sane
426 3239 547 3283 rerum.
593 3221 636 3284 At
662 3239 727 3284 non
750 3217 828 3286 ideo
850 3219 1006 3300 sequitur,
1031 3239 1088 3300 pro
1112 3217 1214 3280 forma
1236 3215 1434 3298 Aegyptiace

105 3307 203 3370 etiam
227 3307 391 3370 Lunarem
422 3305 632 3372 substitutam
663 3307 772 3372 luisse.
818 3307 890 3372 Scio
913 3306 1039 3389 aliquas
1063 3304 1266 3390 objectiones,
1290 3304 1346 3368 sed
1369 3325 1433 3368 non

104 3395 303 3478 praeripiam
336 3400 446 3478 partes
478 3395 745 3461 adversariorum.
801 3396 983 3478 Opponant
1017 3393 1199 3469 corradant,
1233 3397 1435 3476 comportent

103 3485 228 3547 omnia:
273 3503 331 3566 ego
366 3484 428 3547 hee
463 3484 626 3567 profiteor,
662 3505 783 3548 annum
814 3483 985 3548 ludaicum
1016 3501 1119 3564 usque
1150 3479 1210 3545 sub
1241 3481 1434 3546 Macedones

102 3573 202 3637 inisse
235 3572 392 3652 Solonem,
425 3573 555 3638 minime
587 3575 758 3637 Lunarem.
808 3571 942 3654 Scripsit
972 3569 1101 3653 quidem
1129 3570 1237 3634 Moses
1267 3569 1307 3633 de
1330 3571 1432 3648 Luna,

102 3661 133 3724 in
162 3661 196 3725 id
226 3675 300 3724 esso
327 3660 498 3740 conditam,
532 3665 570 3726 ut
598 3661 775 3743 distinguat
801 3667 964 3742 tempera:
997 3657 1055 3722 sed
1082 3658 1194 3723 scribit
1220 3657 1306 3722 idem
1334 3663 1367 3721 et
1394 3658 1434 3722 de

102 3748 217 3815 stellis,
268 3749 312 3814 Ut
343 3749 441 3830 igitur
473 3771 537 3815 non
568 3750 640 3814 ideo
671 3770 776 3814 annus
804 3748 946 3813 stellaris
973 3747 1043 3827 fuit,
1076 3747 1122 3810 sic
1144 3767 1250 3832 nequa
1272 3747 1434 3811 Lunarem

103 3837 162 3901 hac
195 3837 239 3902 de
272 3857 373 3902 causa
403 3843 547 3904 statuere
578 3857 708 3904 necesse
740 3843 799 3904 est.
846 3837 929 3902 Solis
955 3835 1079 3900 reditus
1101 3855 1222 3899 annom
1244 3834 1433 3914 definiebam

102 3925 242 3990 hominis
265 3925 436 3991 arbitrium
459 3927 601 4011 quadam
623 3926 697 3990 rudi
719 3927 831 3991 Lunae
852 3925 1030 3990 imitatione
1052 3931 1173 3988 annum
1189 3925 1222 3988 in
1237 3945 1362 3988 menses
1383 3927 1432 4001 12,

95 4035 250 4100 ⁸mensem
277 4015 310 4078 in
338 4015 406 4080 dies
430 4021 471 4082 30
494 4015 671 4081 subdivisit.
710 4015 773 4081 Sed
796 4015 873 4097 quia
895 4018 1014 4078 natura
1036 4033 1100 4077 non
1120 4013 1268 4097 sequitur
1288 4015 1434 4077 nostrum

102 4103 287 4180 arbitrium,
311 4125 379 4184 nec,
404 4125 489 4188 quae
512 4111 588 4168 sunt
603 4103 737 4182 arbitrii,
755 4101 902 4168 omnibus
917 4107 996 4166 nota
1011 4122 1080 4166 esse
1096 4108 1240 4184 possunt,
1266 4107 1351 4164 certe
1369 4121 1434 4163 non

101 4193 148 4272 iis,
184 4193 247 4277 qui
275 4192 386 4257 literas
413 4195 579 4276 ignorant:
608 4193 681 4258 ideo
711 4193 812 4257 nihilo
841 4192 947 4254 minus
970 4197 1060 4255 ortus
1083 4195 1116 4254 et
1138 4209 1270 4254 occasus
1293 4188 1434 4251 siderum

101 4280 327 4364 distinguebat
358 4281 493 4348 rudibus
523 4283 653 4347 rusticis
686 4301 822 4361 annum;
861 4279 907 4343 sic
938 4280 1136 4343 incrementa
1168 4285 1200 4343 et
1231 4279 1435 4342 decrementa

101 4371 217 4434 Lunae
229 4369 472 4452 distinguebant
482 4391 635 4451 mensem,
652 4370 881 4455 erantquehae
892 4365 1121 4434 illiteratorum
1130 4366 1253 4444 literae,
1267 4369 1434 4428 monentes

193 4531 224 4596 s)
254 4534 291 4582 At
307 4532 373 4598 quod
388 4541 417 4583 tu
436 4533 512 4585 Sethe
531 4534 588 4586 Joh.
608 4535 633 4584 t.
651 4533 744 4582 samm
763 4531 894 4596 detorques
913 4531 946 4580 ad
963 4531 1141 4580 solennitatem
1159 4527 1295 4593 paschatis,
1314 4523 1434 4588 amplecti

101 4619 151 4654 aon
176 4618 294 4668 mesum,
313 4617 369 4652 eum
387 4605 434 4654 illa
451 4606 589 4656 solennitas
607 4604 718 4654 mbtario
736 4603 795 4652 lesti
813 4605 865 4652 sive
884 4599 973 4667 lopspc
990 4603 1091 4651 nemius
1110 4601 1213 4648 seorsim
1231 4607 1357 4660 nunquam
1373 4595 1433 4644 iusi·

102 4683 196 4725 uretur
223 4687 242 4724 a
265 4673 371 4724 Joanne.
406 4675 564 4726 Vocabulum
589 4671 677 4740 ieprpc
701 4675 820 4738 competlt
843 4673 957 4722 omnibus
976 4673 1075 4722 omnino
1094 4671 1172 4725 leriis.
1191 4677 1231 4716 est
1248 4668 1315 4716 anim
1334 4667 1433 4730 generis

102 4760 195 4796 nomen
216 4751 247 4794 et
264 4759 309 4808 pro
327 4748 409 4808 speeie
427 4750 540 4806 sumitur,
562 4749 658 4812 quoties
681 4747 777 4808 species
796 4745 877 4794 minus
896 4745 1002 4808 insignis
1021 4749 1069 4798 est.
1089 4747 1133 4790 eut
1151 4745 1229 4788 sums
1246 4739 1307 4792 setis
1327 4741 1433 4790 conant,

102 4833 150 4881 quo
171 4819 204 4868 de
226 4817 294 4865 reste
312 4818 345 4864 sit
361 4831 449 4866 sermo.

215 4906 302 4958 lieplerl
317 4907 381 4958 Opere
394 4887 429 4948 ll.
1186 4891 1221 4945 27
