3406 5542
526 309 664 377 capara
686 309 1030 378 summm-arem
1176 239 1184 251 .
1385 287 1450 358 319

198 449 274 516 Onm
294 450 388 534 igitur
408 451 440 516 in
460 457 589 535 utraque
611 453 840 518 circumstantia
860 453 1019 535 plurimum
1035 452 1127 516 sitnm
1142 453 1197 529 eit,
1217 459 1376 536 utramque
1393 471 1450 516 ex-

121 541 282 625 plicandam
296 559 422 617 sunnam,
436 548 469 605 et
482 541 610 623 primum
624 543 743 625 quidem
758 543 999 608 astronomicam

196 629 351 694 Excessus
366 630 498 694 Herodis
519 631 564 695 sic
587 632 756 714 aJosepho
772 632 965 696 describitur:
988 631 1034 695 Eo
1050 637 1186 712 tempore
1209 650 1267 713 qno
1283 629 1450 694 Saturnino

122 719 218 802 Syriae
240 719 374 800 praesidi
397 721 544 785 successit
565 721 668 786 Varus
691 715 739 804 (id
761 728 863 786 summ
884 721 1008 785 solenne
1031 727 1102 784 tunc
1125 727 1194 784 erat
1212 719 1277 784 lieri
1301 720 1367 785 Cal.
1381 720 1451 783 Jan.

120 809 196 872 initio
212 809 284 872 anni
292 808 431 883 Romani,
447 809 497 890 qni
512 816 581 874 crat
596 811 759 874 secundum
774 810 930 893 superiora
937 809 1077 874 Julianus
1093 808 1144 871 42.
1160 810 1312 873 mediante
1327 803 1454 892 hieme),
1500 831 1504 844 ·

121 897 251 962 Herodes
272 897 365 960 filiurn
385 897 584 980 Antipatrum
613 901 692 981 apud
714 900 830 964 Varum
850 897 1049 980 ierosolymis
1076 905 1271 980 praesentem
1295 897 1454 962 accusarit

118 985 263 1070 parricidii
279 985 466 1068 convicitque
488 989 591 1052 multis
605 987 732 1067 indiciis
775 989 879 1052 Finito
901 988 1038 1051 examine
1055 989 1156 1051 Varus
1177 1005 1277 1069 pauca
1292 987 1369 1051 clam
1385 1005 1453 1050 cunr

119 1075 235 1140 Herode
257 1075 376 1140 locutus
398 1074 475 1140 abiit
488 1076 699 1154 Antiochiam
721 1077 860 1141 Herodes
880 1077 1078 1160 Antipatrum
1099 1076 1259 1140 confestim
1280 1076 1311 1140 in
1331 1077 1454 1138 vincula

118 1163 250 1245 conjecit
294 1162 540 1230 Consentaneum
561 1174 623 1241 est,
644 1187 706 1230 non
727 1167 817 1249 longe
839 1187 859 1229 a
880 1185 914 1229 se
936 1165 1087 1230 dimisisse
1108 1183 1147 1228 ne
1167 1166 1302 1228 vinctum
1324 1164 1453 1248 quidem.

116 1253 196 1316 Misit
209 1253 305 1318 etiam
319 1254 458 1318 Herodes
472 1254 601 1318 Romam
616 1256 722 1319 literas
738 1263 771 1318 et
784 1257 914 1337 legatos,
930 1257 1047 1318 scelera
1055 1254 1213 1335 Antipatri
1230 1253 1358 1318 Caesari
1373 1273 1452 1316 uun-

117 1343 259 1417 ciaturos,
279 1349 526 1426 potestatemque
546 1345 688 1426 puniendi
710 1351 881 1427 rogaturos.
924 1343 1037 1408 Iisdem
1058 1343 1164 1407 diebus
1187 1339 1309 1426 (quibus
1324 1343 1456 1426 proiecti

116 1427 219 1514 legati)
244 1432 433 1513 interseptae
454 1432 562 1498 litmae
576 1433 730 1516 Antiphili
751 1441 784 1498 ot
796 1433 911 1497 Acmes
933 1433 973 1496 ad
993 1429 1206 1508 Antipatrum,
1228 1433 1335 1515 quibus
1354 1431 1453 1494 medi-

116 1530 207 1584 tatum
220 1521 416 1602 parricidium
431 1522 543 1586 clarius
556 1524 718 1605 probatum
733 1524 798 1599 init,
814 1523 890 1586 adeo
906 1529 941 1585 ut
954 1539 1061 1604 parum
1076 1522 1208 1597 abesset,
1228 1523 1299 1604 quin
1313 1521 1453 1585 Herodes
1480 1550 1483 1559 ν

116 1609 274 1690 evestigio
290 1611 382 1674 lilium
397 1611 563 1676 occideret:
580 1612 635 1676 sed
648 1612 753 1680 morbo
767 1612 1157 1693 impeditnstestamentnm
1172 1610 1276 1674 condit
1291 1618 1323 1674 et
1337 1611 1454 1674 alteros
1588 1679 1592 1692 Ι

114 1700 231 1780 legatos
254 1699 339 1762 misit
351 1700 481 1764 Romam
501 1702 578 1766 baec
600 1721 716 1784 quoquc
737 1701 939 1776 indicaturos,
960 1700 1081 1764 interim
1102 1701 1236 1764 vinctum
1255 1698 1455 1782 Antipatrum

115 1787 285 1852 custodivit
329 1789 415 1852 Haec
436 1790 529 1870 igitur
544 1792 627 1854 iacta
648 1798 721 1854 snnt
733 1809 836 1854 mense
850 1790 997 1854 ianuario
1013 1789 1084 1854 anni
1103 1790 1156 1851 42.
1184 1790 1255 1852 Non
1270 1789 1381 1868 legitur
1397 1807 1454 1850 ex·

115 1895 222 1959 presse,
242 1877 292 1940 ubi
302 1878 478 1942 decubuerit
485 1879 633 1955 Herodes,
648 1888 683 1943 at
698 1880 799 1944 multis
808 1887 918 1961 postea
927 1879 1110 1960 conjecturis
1118 1878 1305 1960 probabitur,
1320 1877 1454 1941 idinisse

115 1967 190 2030 circa
203 1965 432 2044 Jericbuntem;
455 1987 511 2031 nec
526 1968 687 2032 verisimile
703 1975 761 2045 est,
782 1970 840 2032 hoc
854 1987 954 2032 rernm
969 1974 1064 2043 statu,
1081 1968 1141 2032 bac
1155 1967 1261 2032 domus
1277 1967 1455 2031 calamitate

116 2063 307 2137 conspectum
327 2057 462 2120 urbanae
483 2058 685 2122 multitudinis
706 2059 785 2122 ferre
807 2066 862 2121 aut
881 2057 1015 2120 vinctnrn
1036 2057 1235 2136 Antipatrum
1255 2052 1456 2138 Jerosolymis

117 2145 246 2208 detinere
262 2144 330 2208 sine
345 2145 477 2227 periculo
492 2147 643 2226 potuisse:
667 2155 721 2211 ant
735 2148 894 2229 ingruente
906 2146 1013 2212 morbo
1028 2146 1180 2232 qnaesivit
1194 2164 1338 2208 amoenos
1353 2145 1455 2208 Hieri-

117 2234 274 2321 chuntinae
296 2233 387 2304 vallis
402 2253 556 2311 secessus,
577 2236 628 2300 ubi
642 2237 877 2312 Alexandriam,
897 2235 948 2299 nbi
962 2235 1127 2299 Heredium
1141 2235 1286 2310 castella,
1305 2234 1357 2298 nbi
1370 2234 1456 2296 Pbe-

117 2324 211 2386 saelos
232 2323 380 2405 oppidum
392 2324 423 2388 in
437 2319 533 2400 vasso,
556 2323 674 2407 Cypros
690 2345 747 2389 arx
761 2345 854 2407 snpra
866 2325 1075 2389 Jerichuntem
1090 2324 1316 2399 amoenissima,
1336 2323 1456 2404 magnis

117 2413 254 2494 impensis
288 2413 414 2494 abipso
436 2414 558 2478 Herode
580 2423 765 2478 constructa
816 2414 968 2478 Proiectis
999 2413 1141 2477 secundis
1169 2411 1281 2494 legatis
1302 2412 1456 2476 mediante

117 2502 188 2564 lorte
201 2502 363 2577 lennatio,
377 2503 498 2567 morbus
507 2503 622 2568 Herodi
636 2503 870 2586 ingravescebat
883 2521 939 2584 per
952 2503 1098 2585 reliquum
1107 2500 1128 2563 J
1128 2502 1254 2577 aunarii,
1268 2520 1323 2582 per
1336 2501 1456 2564 Febru-

117 2591 204 2656 arium
219 2599 254 2654 et
269 2609 326 2672 per
339 2591 444 2655 Martii
458 2593 586 2676 primam
599 2600 733 2674 partem,
754 2600 790 2658 ut
803 2593 841 2656 de
856 2591 922 2654 vita
943 2593 1135 2673 desperaret,
1157 2590 1266 2672 qnippe
1282 2589 1348 2671 jam
1363 2589 1456 2652 etiam

116 2698 186 2760 pene
201 2680 457 2762 septuagenarius
479 2689 555 2745 erat
598 2683 709 2746 Mirmu
729 2689 832 2745 autern
850 2681 881 2743 in
902 2681 1023 2744 modurn
1038 2681 1182 2744 ederatns
1198 2687 1255 2753 est,
1275 2679 1340 2742 irae
1354 2679 1455 2760 impe·

117 2770 190 2832 tiens
205 2777 239 2833 et
262 2769 470 2834 amarulentus
489 2771 521 2834 in
536 2771 673 2835 omnibns
688 2772 797 2846 rebus,
818 2769 956 2851 opinione
972 2775 1157 2833 contemtus:
1187 2787 1246 2850 quo
1261 2768 1359 2849 magis
1373 2769 1455 2830 veri-

116 2859 215 2934 simile,
229 2859 332 2940 ipsum
348 2858 480 2922 abfuisse
489 2859 698 2943 ierosolymis.
721 2859 866 2924 Accessit
880 2859 942 2922 alia
957 2858 1136 2936 acerbitatis
1151 2876 1254 2920 cansa
1285 2855 1362 2922 (ium
1377 2857 1457 2920 enim

116 2947 230 3028 qnidam
244 2947 406 3030 sophistae
422 2947 608 3026 didicissent,
621 2950 757 3014 morbum
772 2947 854 3030 regis
870 2967 938 3013 esse
946 2945 1151 3024 incurabilem,
1165 2954 1302 3028 ternpore
1317 2947 1364 3009 nsi
1380 2963 1456 3009 ccu-

116 3035 206 3100 citata
222 3037 405 3117 inventute,
426 3056 493 3100 curn
512 3045 545 3100 et
559 3057 661 3102 rumor
674 3039 914 3118 supervenisset,
935 3055 1038 3118 regem
1060 3036 1260 3111 exsdnctnm,
1282 3035 1458 3117 dejecerunt

116 3125 242 3208 aquilam
256 3144 384 3190 auream
399 3127 513 3208 templi,
527 3127 608 3209 quod
621 3126 673 3192 nbi
686 3127 818 3191 rolatum
833 3125 902 3190 duci
916 3125 1069 3190 exercitus
1077 3125 1162 3207 regii,
1177 3125 1239 3188 dux
1253 3124 1458 3188 commilitum

115 3233 197 3278 manu
230 3215 469 3296 comprehensos
502 3215 571 3280 illos
605 3217 693 3282 duxit
722 3216 762 3280 ad
791 3235 903 3296 regern.
954 3215 1036 3278 Ecce
1066 3223 1103 3278 ut
1132 3214 1254 3278 discunt
1283 3210 1322 3276 de
1350 3213 1457 3277 morbo
1476 3235 1481 3252 ¹

117 3311 146 3366 et
165 3304 278 3368 deinde
299 3303 337 3368 de
358 3311 454 3368 morte
469 3305 552 3386 regis
569 3306 658 3369 'velut
679 3305 799 3371 aliunde
822 3305 920 3368 allata
942 3305 1037 3379 iamet
1067 3323 1138 3366 ecce
1159 3311 1196 3366 nt
1209 3302 1332 3378 audant,
1352 3301 1459 3384 procul

116 3392 198 3456 dubio
221 3394 355 3458 absente
375 3411 464 3474 regar
493 3412 564 3458 ecce
585 3401 621 3458 ut
642 3395 724 3458 ianua
737 3413 798 3458 non
812 3393 853 3456 ed
873 3401 991 3475 regem,
1013 3392 1123 3476 quippe
1145 3391 1319 3468 absentem,
1340 3392 1397 3454 sed
1419 3391 1459 3454 ad

116 3481 215 3546 ducem
229 3481 327 3562 regis,
347 3483 535 3563 praelectum
548 3483 701 3565 praesidio
715 3483 972 3563 ierosolymitano
987 3482 1147 3563 perlertur,
1168 3487 1261 3562 utque
1275 3481 1327 3543 ille
1341 3481 1458 3561 injussu

117 3666 166 3722 eut
179 3680 215 3724 eo
230 3661 334 3724 miuus
349 3654 522 3741 absentem)
539 3660 670 3725 abducit
713 3661 800 3728 Haec
813 3658 902 3722 initio
917 3658 1032 3722 Martii

197 3749 351 3824 Herodes,
373 3767 439 3812 cum
454 3749 537 3831 ipsos
552 3749 659 3814 vinciri
677 3749 872 3823 mandasset,
894 3746 1060 3828 disseptum
1081 3747 1123 3818 alc
1139 3740 1311 3829 ‘lampacem
1331 3749 1461 3818 sobnae

113 3833 256 3902 lcvdeeae
278 3835 404 3908 τοισιν
424 3841 509 3902 salsa
554 3837 717 3921 Optionem
739 3838 792 3913 do,
814 3845 883 3900 utro
897 3837 987 3900 mado
1003 3835 1069 3918 qnis
1084 3835 1147 3899 ista
1167 3843 1280 3900 vertat
1323 3836 1391 3917 Ego
1415 3835 1459 3898 sic

114 3933 211 3992 verto:
227 3927 371 3992 Herodes
385 3927 424 3990 iis
437 3926 470 3992 in
483 3927 605 3992 vincula
619 3927 766 4008 conjectis
781 3925 896 3990 dimisit
910 3924 1044 4000 nuncios,
1065 3924 1273 3989 Jerichuntem
1287 3943 1460 3988 convocans

116 4015 299 4081 ludaeorum
318 4015 473 4097 primores
505 4015 618 4080 Vertat
633 4016 710 4080 alius
726 4016 840 4080 sivnlt:
856 4012 1212 4078 HerodesJericlrnntsm
1227 4014 1310 4078 misit
1324 4013 1460 4088 candos,

115 4104 267 4172 advocans
281 4105 468 4170 Judaecmm
488 4105 645 4187 primores.
689 4103 833 4187 Quisquis
855 4111 919 4179 est,
939 4103 989 4185 qui
1004 4103 1048 4166 sic
1062 4103 1155 4179 volet,
1175 4103 1203 4166 ei
1217 4103 1297 4166 ratio
1312 4103 1372 4166 erit
1385 4102 1458 4165 red-

115 4193 218 4270 denda,
233 4215 290 4260 cur
305 4194 503 4258 Hierichunte
519 4194 616 4258 solnm
630 4193 828 4258 educaverit
841 4192 997 4274 primores
1026 4193 1107 4256 Nam
1117 4191 1238 4256 Gelanii
1252 4192 1352 4256 versio
1367 4190 1459 4273 plane

115 4291 160 4346 eat
180 4285 285 4350 aliena
307 4305 327 4347 a
350 4281 471 4349 Graeco
492 4290 581 4346 textu
602 4281 933 4365 discrepantem:
959 4281 1098 4347 Herodes
1116 4281 1200 4363 ipsos
1221 4282 1341 4344 vinctos
1355 4279 1458 4343 Hieri-

115 4372 255 4438 chuntem
277 4372 364 4436 misit
384 4391 512 4456 moxque
534 4373 641 4440 accitis
655 4373 839 4436 ludaeorum
859 4371 1039 4454 primoribus
1061 4386 1129 4434 cnm
1150 4369 1391 4452 compamissent
1405 4368 1459 4430 duc.

115 4460 242 4526 dinsset
256 4461 362 4545 potius
381 4459 494 4534 circae
507 4459 680 4544 ἰξεπιμψας
693 4461 832 4526 daciscae
843 4457 989 4525 ’loedosor
1002 4483 1074 4532 socc
1089 4461 1141 4524 dcc.
1176 4458 1301 4522 Minime
1316 4457 1460 4538 gentium.

114 4549 187 4614 Erat
200 4551 347 4616 Herodes
366 4551 399 4615 in
418 4551 531 4615 vicinia
546 4550 749 4626 Jericlrnntis,
770 4551 874 4632 itaque
889 4550 1083 4617 circumcirca
1098 4548 1212 4612 dimisit
1226 4547 1360 4622 nuncios,
1382 4565 1458 4608 con-

114 4657 224 4704 vocans
238 4639 406 4724 primores,
426 4641 555 4704 mamma
569 4640 778 4723 ierosolymis,
792 4639 928 4704 ibi-enim
943 4645 1032 4703 erant
1045 4637 1196 4720 principes
1210 4635 1322 4717 populi.
1353 4635 1459 4698 Hieri-

116 4729 256 4796 cbuntenr
280 4737 384 4794 autern
403 4729 528 4796 vocavit
547 4729 633 4808 illos,
658 4739 695 4795 nt
713 4730 746 4794 in
767 4729 867 4794 locum
888 4745 1047 4810 capacem,
1072 4725 1151 4792 nnde
1178 4725 1245 4806 ipae
1269 4741 1330 4788 non
1353 4723 1459 4807 procul

116 4817 237 4897 aberat,
258 4825 298 4884 ιιι
311 4837 379 4885 cum
393 4818 432 4884 lis
448 4817 486 4882 de
500 4820 667 4904 propinquo
682 4837 775 4902 agere
788 4826 911 4901 posset:
934 4818 966 4882 in
988 4824 1120 4900 angusta
1135 4813 1214 4880 anim
1228 4831 1300 4876 arce
1314 4832 1375 4878 non
1389 4819 1460 4878 erat
