3406 5542
288 1075 326 1202 ⁵.
415 1135 782 1261 mmssuorssmo
809 1137 990 1218 rursum
1018 1137 1069 1216 uu
1095 1135 1259 1216 sonmo
1325 1173 1328 1178 -

179 1307 263 1506 o:
311 1317 934 1512 MELOHIORI
970 1316 1484 1551 EPISOOPO

312 1607 687 1742 immoror
718 1608 802 1739 m
832 1606 1351 1764 mosllomuu,

157 1837 191 1906 S.
207 1839 243 1904 0.
257 1840 302 1904 Μ.
325 1837 504 1904 aGousiliis
526 1839 741 1903 semotioribus
764 1840 955 1923 ejusdemque
980 1837 1163 1903 consistorii
1184 1838 1355 1916 Directori,
1376 1840 1506 1904 Domino

674 1947 741 1992 meo
757 1929 989 2010 gratiosissimo.

132 2173 134 2180 '
243 2159 510 2224 Reverendissime
525 2157 668 2236 Praesul,
690 2159 809 2226 domino
831 2159 1061 2244 gratiosissime.
1107 2156 1225 2231 Quibus
1247 2159 1285 2221 de
1300 2160 1401 2224 causis
1423 2179 1507 2223 com-

153 2250 429 2313 mentatiunculam
452 2268 550 2312 meam
575 2251 613 2313 de
638 2270 717 2314 anno
741 2250 883 2315 natalitio
908 2249 1075 2312 servatoris
1104 2255 1136 2312 et
1158 2247 1281 2311 Domini
1310 2249 1409 2312 nostri
1432 2249 1508 2313 Jesu

154 2339 290 2416 Christi,
314 2339 460 2421 superiori
483 2358 562 2402 anuo
577 2337 742 2404 vernacula
762 2339 867 2422 lingua
881 2339 913 2402 in
927 2338 1078 2421 publicum
1094 2337 1245 2414 emissam,
1261 2335 1293 2401 S.
1311 2338 1345 2404 C.
1360 2339 1403 2402 M.
1419 2339 1506 2402 dedi·

154 2427 299 2504 caverim,
316 2449 354 2492 ex
369 2428 438 2511 ipsa
453 2428 644 2493 dedicatione
658 2430 753 2493 libelli
769 2437 801 2492 et
815 2428 1006 2512 praefatione
1026 2428 1066 2490 ad
1081 2427 1227 2490 lectorem
1240 2429 1434 2492 manifestum
1450 2435 1507 2491 est

154 2517 233 2583 Cum
248 2524 353 2581 autem
367 2518 410 2581 M.
426 2514 459 2580 S.
473 2518 504 2580 in
519 2517 648 2600 publicis
663 2519 796 2600 negotiis
818 2525 867 2581 tot
882 2535 1042 2598 regnorum
1065 2523 1097 2582 et
1111 2515 1334 2598 provinciarum
1353 2517 1507 2599 guberna-

151 2608 271 2672 tionem
293 2607 495 2672 attinentrlsus
518 2609 617 2671 soleat
631 2608 670 2671 R.
684 2609 723 2672 D.
739 2610 773 2671 Τ.
790 2607 947 2671 consilium
968 2605 1136 2688 requirere:
1159 2607 1322 2670 verisimile
1344 2607 1415 2670 mihi
1432 2614 1509 2684 erat,

152 2698 264 2760 codem
280 2697 373 2760 etiam
388 2695 477 2777 hujus
492 2695 645 2761 literariae
662 2717 783 2774 causae,
799 2717 876 2780 quae
892 2697 1035 2760 interme
1051 2702 1084 2758 et
1099 2695 1307 2760 adversarium
1322 2715 1420 2760 meum
1435 2717 1506 2761 ver-

152 2793 252 2862 satur,
268 2786 472 2870 cognitionem
486 2787 632 2868 rejectum
646 2787 692 2852 iri.
735 2787 784 2852 Ea
798 2785 872 2850 milri
886 2786 968 2848 inter
983 2804 1092 2848 causas
1106 2785 1271 2868 praecipua
1286 2787 1352 2863 fuit,
1373 2786 1508 2850 libellum

152 2876 353 2939 evemacnla
374 2876 478 2956 lingua
497 2875 530 2940 in
545 2877 673 2940 latinum
689 2894 857 2941 sermonem
879 2873 1098 2950 transferendi,
1121 2873 1239 2938 suificat
1253 2882 1288 2939 ut
1310 2895 1348 2938 ex
1362 2875 1506 2939 idiomate
1617 2897 1621 2902 ’

152 2950 412 3047 disputationibus
428 2965 512 3028 hisco
535 2985 574 3029 ex
589 2967 771 3049 antiquitate
787 2965 894 3049 petitis
910 2963 1223 3028 accommodatissimo
1242 2965 1357 3048 tibique
1374 2963 1506 3028 lamilia-
1523 2993 1527 3002 =

151 3053 285 3130 rissimo,
304 3061 394 3117 tanto
411 3055 582 3136 expeditius
597 3058 770 3140 perciperes
786 3061 981 3138 argumenta,
1002 3053 1109 3137 quibus
1124 3055 1264 3136 utrinque
1280 3055 1507 3120 controversiae

138 3151 257 3232 'status
279 3143 428 3206 innititur.
473 3145 589 3227 Accipe
609 3146 703 3227 igitur
724 3146 957 3210 translationem
980 3151 1012 3207 ct
1033 3143 1272 3225 recognitionem
1292 3146 1373 3209 hanc
1394 3143 1507 3211 nomini

153 3239 207 3296 tuo
230 3251 287 3314 per
303 3233 415 3301 orbem,
430 3233 625 3298 celeberrimo
648 3236 826 3317 inscriptam
846 3253 954 3298 sereno
976 3233 1075 3309 vultu,
1100 3239 1132 3295 et
1154 3235 1306 3298 interdum
1326 3253 1364 3297 ex
1380 3233 1431 3298 illo
1446 3234 1506 3296 im-

152 3341 261 3385 menso
277 3322 465 3404 publicorum
480 3323 670 3405 negotiorum
686 3345 801 3388 oceano
817 3323 970 3388 eluctatus
985 3328 1058 3405 post
1073 3322 1212 3404 exiguam
1227 3325 1307 3387 hanc
1319 3324 1406 3386 velut
1419 3323 1506 3386 insu-

150 3411 214 3474 lam
229 3411 360 3475 succede
371 3411 524 3492 jucundae
547 3413 658 3496 qnietis
679 3414 845 3496 capiendae
868 3419 900 3475 et
922 3413 1014 3476 animi
1035 3412 1189 3475 reficiendi
1205 3432 1312 3490 causa;
1329 3413 1399 3496 quin
1415 3412 1508 3476 etiam
1531 3469 1535 3482 ,

153 3500 184 3564 in
199 3509 318 3564 terram
333 3501 531 3565 exscensione
551 3504 635 3566 facta
657 3503 697 3566 ad
712 3503 937 3585 dijudicandum
959 3501 1098 3565 conside:
1122 3502 1235 3588 nullum
1256 3502 1288 3565 in
1309 3503 1368 3566 hoc
1384 3521 1507 3572 secessu

153 3590 332 3672 periculum,
347 3591 431 3653 nulla
446 3592 591 3674 temporis
602 3592 735 3674 jactura,
751 3593 827 3654 satis
843 3597 875 3653 to
890 3597 1008 3653 mature
1024 3590 1160 3672 quamvis
1170 3589 1354 3666 latitantem,
1370 3591 1507 3673 quamvis
1538 3631 1539 3638 κ

152 3699 212 3744 uon
237 3680 385 3744 advocati
410 3680 645 3763 *deprehendent
676 3681 885 3763 abripientquc
910 3680 1100 3762 negotiorum
1130 3679 1248 3744 fluctus.
1292 3679 1431 3764 Denique
1455 3681 1506 3744 ubi
1583 3677 1585 3688 '

152 3769 270 3834 fidelem
288 3787 413 3856 operam
428 3791 447 3833 a
461 3790 509 3833 me
524 3777 671 3834 navatam
686 3769 861 3854 antiquitati
877 3767 1070 3851 cognoveris:
1093 3770 1223 3850 posthac
1238 3778 1326 3835 tanto
1341 3769 1507 3852 impensius

153 3878 197 3922 me
211 3878 344 3942 meaque
361 3859 463 3922 studia
485 3867 593 3923 contra
608 3859 790 3936 calumnias,
812 3857 985 3922 novationis
1001 3864 1034 3920 et
1047 3857 1238 3938 ignorantiae
1255 3861 1389 3936 soboles,
1404 3866 1506 3936 tuere;

152 3967 254 4033 meque
271 3947 305 4013 S.
322 3946 358 4013 G.
374 3949 416 4011 lt
431 3957 466 4012 ut
480 3949 766 4022 benevolentissime
783 3948 912 4031 coepisti
927 3947 1136 4011 commendare
1152 3968 1253 4032 perge.
1288 3950 1377 4016 Vale.
1408 3946 1505 4012 Lincii

152 4039 231 4104 vm
249 4037 381 4104 calend.
395 4039 494 4121 April.
509 4059 590 4103 anuo
607 4037 850 4104 Christianorum
866 4035 1100 4102 occidentalium
1113 4039 1292 4104 MDOXIV.

233 4147 315 4214 Rev.
331 4145 372 4210 D.
388 4145 423 4208 T.

411 4229 414 4244 '
483 4295 491 4308 ,
572 4231 752 4302 Studiosiss.
768 4254 918 4300 venerans
934 4241 968 4299 et
982 4233 1085 4300 colens

1032 4409 1035 4416 ,
1053 4339 1087 4404 S.
1102 4338 1137 4405 G.
1152 4339 1195 4403 M.
1211 4339 1264 4402 lac
1279 4339 1459 4404 Mathemat

1113 4445 1209 4511 Jouu.
1225 4444 1391 4530 Kepha-ua.
