3396 5540
658 251 765 316 sologne
785 252 931 305 chronicas.
1392 256 1454 316 429
1538 269 1543 280 .

138 437 234 499 quam
266 419 415 487 Archelai
443 421 610 492 facultates
638 427 671 491 in
703 427 814 492 fiscum
843 426 992 510 redigere.
1039 427 1160 492 Deinde
1181 429 1456 511 nequesequitur

138 527 176 570 ex
200 505 310 574 Lucae
339 509 563 594 Evangelistae
593 514 703 596 verbis,
734 514 912 600 iosephum
939 523 1067 581 tantum
1089 516 1158 582 ideo
1181 516 1360 599 profectum
1384 537 1455 586 esse

135 613 154 658 e
178 593 342 662 Nazareth
368 600 402 669 in
428 601 627 679 Bethlehem,
660 605 747 688 quod
776 603 817 670 de
840 603 933 670 domo
956 603 1059 670 David
1083 609 1181 685 esset3
1210 624 1285 668 uam
1308 605 1335 669 si
1359 606 1454 670 etiam

137 701 174 748 ea
209 686 460 768 consideremus,
499 711 583 774 quae
609 693 795 760 Matthaeus
824 693 936 772 habet,
973 714 1023 758 res
1049 692 1162 778 procul
1189 691 1285 758 dnbio
1313 694 1358 758 sio
1385 699 1456 760 erat

135 780 340 856 comparata:
372 777 478 842 Maria
511 787 582 844 erat
616 781 751 850 oriunda
786 803 825 846 ex
859 781 1030 862 Nazareth,
1062 781 1257 866 desponsata
1286 801 1364 846 vero
1393 782 1455 847 fuit

134 859 154 922 J
156 861 276 944 osepho
291 863 552 934 Bethlehemitico
569 870 647 946 oiri,
663 871 838 954 Postquam
855 870 999 954 concepit
1015 871 1119 936 Maria
1134 890 1174 934 ex
1186 866 1309 954 Spiritu
1325 867 1452 951 Sancto,

134 954 268 1032 tresque
298 973 422 1023 menses
444 955 560 1022 absens
583 959 678 1024 domo
699 959 787 1043 apud
810 966 979 1042 cognatam
1001 957 1218 1024 Elisabetham
1240 959 1273 1022 in
1295 960 1454 1026 montanis

132 1034 278 1104 Judaeae
304 1040 433 1108 domum
459 1043 522 1110 suit
544 1068 671 1112 reversa
689 1049 721 1112 iu
736 1047 904 1126 Nazareth,
927 1048 1088 1132 Josephua
1111 1070 1128 1113 e
1148 1045 1275 1113 Judaea
1289 1047 1453 1130 proiectus

133 1131 184 1188 est
215 1128 258 1192 ad
289 1151 440 1213 sponsam
468 1135 504 1198 iu'
530 1133 703 1216 Nazareth,
740 1137 895 1202 ducturus
925 1157 997 1201 eam
1027 1137 1166 1201 domum.
1220 1133 1270 1199 lbi
1300 1137 1453 1220 comperit

131 1215 300 1294 gravidam
328 1239 406 1298 esse,
436 1223 555 1308 quippe
572 1228 642 1308 jam
666 1230 694 1304 3,
718 1231 738 1290 4
761 1225 811 1290 rel
835 1231 853 1290 5
877 1246 1000 1290 menses
1022 1223 1171 1298 abierant
1192 1245 1218 1304 a,
1235 1226 1452 1307 conceptione.

132 1301 253 1370 Volane
275 1307 372 1388 igitur
393 1309 484 1376 illam
506 1307 656 1390 deserere,
687 1315 817 1380 domum
839 1335 930 1378 suam
954 1314 1075 1379 seilicet
1097 1315 1214 1378 reverti
1235 1313 1301 1376 siue
1324 1334 1451 1395 sponsa,

131 1395 167 1454 et
196 1397 319 1460 somnio
336 1393 538 1480 ‘admohitus
570 1423 610 1468 ne
640 1403 673 1468 id
703 1403 846 1482 faceret·
864 1404 994 1487 nuptias
1024 1401 1199 1467 celebrarit
1228 1402 1261 1466 iu
1291 1401 1454 1466 Nazareth

129 1484 314 1566 mansitque
327 1490 481 1553 ‘mensem'
500 1511 600 1556 unum
622 1497 721 1575 atque
743 1492 882 1556 alterum
903 1492 990 1574 apud
1013 1511 1150 1576 sponsae
1172 1496 1333 1573 parentes.
1368 1489 1452 1554 lute-

129 1569 193 1632 rim
223 1571 352 1640 decreto
382 1595 494 1642 census
524 1580 728 1663 promulgato
758 1582 882 1664 cogitur
910 1581 958 1646 ire
983 1581 1017 1645 in
1038 1577 1233 1658 Bethlehem,
1267 1579 1345 1660 quia
1366 1579 1454 1644 illius

103 1659 284 1726 territorii
310 1664 415 1730 incola
437 1672 470 1730 et
491 1667 566 1732 civis
589 1675 670 1733 erat.
717 1669 801 1734 Ciris
822 1675 933 1736 autem
954 1669 1036 1748 ideo,
1061 1667 1138 1751 quia
1161 1668 1316 1734 dedomo
1339 1666 1452 1746 David,

129 1749 225 1829 cujus
259 1755 396 1840 majores
430 1755 635 1839 possidebant
669 1757 728 1823 illa
762 1757 848 1837 loea3
888 1765 921 1824 et
956 1779 1033 1823 vero
1068 1763 1198 1822 cautum
1228 1761 1300 1820 erat
1328 1755 1453 1836 legibus

128 1832 346 1921 iudaeorum,
381 1863 421 1906 ne
451 1845 584 1928 praedia
617 1844 893 1927 ahaheuarentur,
929 1867 1009 1912 neve
1042 1845 1100 1928 qui
1133 1854 1247 1910 tenues
1278 1841 1454 1913 evasissent

130 1926 362 1994 mendicarent.
408 1931 480 1997 Sive
510 1935 608 2016 igitur
636 1935 838 2019 praediolum
867 1936 936 2018 ipse
964 1934 1106 2000 tenuerit
1135 1953 1235 2018 prope
1255 1932 1467 2014 Bethlehem.

135 2013 203 2078 sive
224 2021 364 2101 majores
386 2023 468 2104 ejus:
491 2021 571 2088 haec
593 2025 739 2108 proxima
761 2029 794 2088 et
815 2025 998 2090 immediata
1021 2045 1058 2088 ex
1080 2021 1247 2087 Matthaeo
1262 2025 1339 2086 nota
1354 2042 1454 2088 causa

131 2100 203 2182 filil,
228 2126 288 2170 cur
310 2127 328 2171 e
349 2106 518 2190 Nazareth,
541 2113 648 2197 patria
669 2133 814 2198 sponsae,
839 2113 969 2178 domum
990 2116 1208 2177 reverteretur
1222 2110 1256 2174 in
1271 2109 1452 2192 Bethleem3

131 2190 192 2255 illa
219 2213 296 2260 vero
327 2199 480 2264 remotior
507 2219 607 2266 eausa
635 2207 668 2265 et
690 2221 807 2266 causae
829 2221 935 2282 causa,
968 2201 1045 2285 quia
1067 2205 1139 2264 erat
1160 2200 1200 2265 de
1222 2199 1316 2266 domo
1338 2199 1452 2264 David.

132 2279 205 2346 Hoc
226 2283 324 2364 igitur
345 2287 390 2351 sio
411 2287 474 2358 fuit
494 2309 579 2354 anno
601 2289 730 2356 iuliano
754 2296 808 2355 40.
1271 2305 1273 2314 “

222 2373 267 2436 At
298 2394 386 2438 nuno
419 2396 505 2442 anno
534 2377 665 2444 Juliano
697 2383 748 2442 52.
775 2382 844 2464 jam
873 2377 917 2443 ad
945 2377 1110 2442 minimum
1142 2381 1181 2440 10
1212 2375 1305 2440 annis
1336 2373 1453 2440 absens

130 2455 270 2537 Judaea,
295 2463 383 2528 veuit
405 2469 438 2529 et
459 2464 614 2536 habitavit
635 2468 669 2532 in
683 2466 842 2533 Nazareth
856 2466 964 2551 patria
978 2485 1122 2548 sponsae,
1146 2466 1222 2530 ciris
1237 2485 1301 2530 non
1316 2465 1453 2550 amplius

131 2545 393 2618 Bethleemitieus
434 2553 492 2618 sed
526 2555 780 2621 Nazarethanus.
841 2555 969 2621 Mutata
1004 2555 1088 2620 enim
1128 2575 1255 2618 summa
1293 2559 1453 2638 potoetate

129 2637 369 2724 pessumibant
383 2641 477 2724 leges,
501 2642 631 2710 crebrae
649 2643 772 2710 fiebant
793 2643 1023 2733 domiciliorum
1042 2642 1280 2708 translationes.
1304 2641 1453 2708 Christus

129 2724 202 2807 ipse
224 2729 431 2810 sequentibus
451 2733 545 2797 annis
566 2733 681 2798 relicta
695 2731 857 2798 Nazareth
877 2733 983 2808 factus
1003 2730 1065 2798 init
1087 2731 1167 2796 eiris'
1182 2730 1216 2796 iu
1239 2731 1452 2815 Caperuaum.

130 2811 231 2880 Nulla
252 2817 350 2898 igitur
364 2839 461 2884 causa
474 2821 546 2903 init,
570 2843 628 2887 our
638 2825 707 2907 jam
729 2822 772 2886 ad
794 2821 973 2898 Quirinium
994 2821 1028 2886 in
1049 2818 1208 2886 iudaeam
1231 2820 1354 2883 renuet
1376 2819 1453 2885 ciris

130 2901 388 2987 Nazarethanus,
418 2909 555 2976 Herodis
578 2911 763 2976 tetrarchae
777 2909 940 2992 ¹subditus.
976 2909 1055 2974 Cum
1077 2911 1174 2991 igitur
1196 2907 1342 2974 Christus
1364 2915 1452 2974 certo

129 2991 174 3056 sit
202 3013 330 3058 census:
361 3017 425 3063 neu
453 3018 566 3070 census
594 3005 703 3064 autem
729 2999 791 3065 hoc
816 3019 902 3064 anno
923 2998 1054 3064 Juliano
1084 3002 1135 3062 52.
1159 2997 1218 3062 sub
1234 2995 1452 3080 ,procuratore

129 3079 451 3164 iudaeae-Quirinio,
483 3089 610 3154 omnino
637 3109 712 3170 ergo
739 3089 848 3174 priore
876 3087 985 3170 aliquo
1014 3107 1097 3154 anno
1120 3091 1154 3150 et
1175 3086 1207 3150 in
1228 3085 1290 3150 tali
1312 3085 1452 3170 descrip-

130 3168 228 3249 tione,
245 3192 329 3253 quae
344 3175 483 3256 primum
497 3175 568 3242 fieri
581 3183 695 3262 coepta
710 3175 854 3254 Quirinio
869 3174 980 3260 Syriae
995 3173 1145 3260 praeside
1160 3195 1245 3240 anuo
1256 3173 1387 3240 iuliano
1400 3178 1451 3254 36,

16 3265 18 3270 ’
129 3265 247 3341 postea
269 3262 457 3329 contiurmta
479 3270 529 3330 est
550 3287 608 3348 per
629 3264 790 3330 Judaeum
812 3287 832 3330 a
854 3263 1029 3331 Saturnino
1052 3285 1137 3330 anno
1158 3261 1291 3329 iuliano
1314 3262 1408 3344 40*).

216 3347 318 3416 Porro
349 3351 376 3414 si
405 3351 550 3420 tabulam
579 3355 776 3439 superiorem
807 3355 1097 3420 continuaverimus
1127 3371 1230 3434 usque
1260 3351 1453 3422 adaunom

124 3436 295 3502 Julianum
326 3443 377 3518 73,
410 3441 529 3508 additis
559 3448 598 3507 21
632 3444 724 3508 anuis
754 3463 810 3526 per
840 3463 948 3507 omues
978 3440 1183 3519 columellas,
1215 3440 1330 3504 existet
1360 3445 1452 3510 aetas

126 3525 250 3590 Christi
280 3529 456 3594 secundm
486 3551 537 3595 me
569 3536 609 3595 33
640 3552 809 3609 annorum,
840 3530 978 3596 Dekerio
1011 3534 1061 3608 32,
1094 3526 1245 3594 Patribus
1277 3531 1328 3609 30,
1365 3527 1453 3592 Bun·

125 3613 218 3697 tingo
246 3619 298 3692 29,
336 3617 430 3700 vulgo
457 3617 613 3685 hodierno
640 3625 691 3698 28,
724 3619 875 3702 Dionysio
903 3631 987 3697 vero,
1020 3620 1112 3702 cujus
1134 3637 1213 3681 aera
1236 3615 1331 3700 vulgo
1358 3616 1453 3683 hodie

127 3711 315 3787 usurpatur,
340 3710 380 3770 27
405 3709 614 3772 currentium.
641 3708 758 3792 ltaque
781 3708 809 3772 si
831 3706 977 3772 Christus
998 3704 1172 3770 Novembri
1193 3705 1235 3773 ad
1255 3703 1453 3790 baptismum

125 3793 269 3870 accessit,
292 3801 360 3859 tres
381 3793 465 3862 ferte
487 3817 611 3862 menses
629 3797 692 3880 ipsi
714 3795 903 3872 defuerunt,
928 3796 1116 3879 quominus
1137 3793 1327 3878 impleverat
1350 3815 1453 3864 anuos

124 3881 206 3945 mihi
235 3886 287 3962 33,
312 3881 467 3950 Becker-io
485 3889 536 3964 32,
561 3884 711 3950 Patribus
728 3889 778 3965 30,
800 3884 960 3966 Brmtingo
976 3887 1028 3960 20,
1048 3881 1143 3966 vulgo
1159 3887 1210 3961 28,
1231 3882 1382 3966 Dionysio
1399 3887 1451 3947 27.

126 3969 182 4034 Sin
210 3976 319 4038 autem
344 3975 488 4055 sequenti
515 3980 544 4040 6.
568 3973 717 4040 ianuarii
739 3973 932 4057 baptizatus·
945 3979 1003 4054 est,
1027 3978 1105 4038 tunc
1126 3972 1224 4057 plane
1244 3971 1330 4037 hune
1351 3993 1451 4038 auno·

125 4080 200 4123 rum
224 4079 393 4124 numerum
415 4062 616 4146 impleverat.

215 4149 347 4231 Exque
370 4155 517 4235 apparet,
548 4157 671 4217 veteres
693 4156 802 4234 patres
824 4149 998 4214 inhaesisse
1021 4149 1165 4232 praecise
1187 4169 1322 4215 numero
1343 4147 1451 4213 Lucae

125 4237 361 4320 Evangelistae,
376 4239 433 4322 qui
448 4240 612 4306 Christum
629 4239 664 4304 in
680 4239 840 4322 baptismo
851 4238 976 4303 ridetur
987 4237 1138 4304 exhihere
1149 4244 1190 4304 30
1202 4257 1362 4304 annorum
1373 4235 1450 4300 iere.

204 4461 231 4531 ⁸)
251 4467 312 4520 Hoc
333 4483 387 4520 uno
408 4469 492 4522 rerba
513 4487 550 4523 ex
572 4467 629 4538 ipso
654 4465 849 4538 Evangelista·
863 4467 1001 4530 commode
1021 4472 1135 4536 accepto
1156 4469 1249 4525 tuetur
1269 4463 1448 4516 Herwsrtus:

125 4553 187 4622 αὕτη
205 4549 221 4620 ἦ
241 4547 380 4618 ἀπογραφη
400 4545 531 4618 [capitum
558 4549 608 4602 suh
629 4539 788 4611 Saturnino]
809 4566 894 4618 πρωτη
919 4542 957 4613 [ἰο
979 4551 1022 4599 est
1039 4544 1177 4616 spesspes]
1196 4542 1298 4614 ἐγενετο
1316 4545 1449 4612 Kromon

123 4638 275 4703 sparnac
287 4631 494 4700 transrenanos.
535 4629 595 4682 Hoc
614 4635 696 4698 pacto
717 4625 828 4680 concedi
847 4631 948 4695 posset,
968 4624 1118 4687 Quirinium
1139 4623 1222 4676 semel
1242 4627 1348 4676 tanturn
1367 4633 1448 4708 prae·

123 4713 207 4766 fuisse
235 4711 352 4780 Syriae,
379 4717 446 4764 tune
473 4725 583 4778 nempe,
616 4709 724 4778 quando
751 4712 915 4778 procurator
942 4706 1067 4758 iudaeae
1093 4701 1222 4760 Arehelai
1247 4702 1395 4754 facultates
1422 4699 1449 4751 in

122 4801 214 4852 iseum
237 4790 357 4861 redegit.
