3400 5538
590 256 593 274 Ι
622 297 626 304 ’
678 277 758 326 Notae
778 277 891 326 Editoris.
1380 280 1444 340 513

213 449 241 512 b)
260 467 284 515 p.
304 446 348 502 87.
386 450 529 516 Scaliger
548 453 610 504 libro
626 453 648 504 1.
668 449 783 516 (Emend.
803 454 915 520 Temni:
940 454 1017 506 llinot
1042 453 1096 504 dies
1121 453 1271 504 contrrlirnus
1296 455 1322 503 iu
1348 455 1443 504 exitum

120 525 191 579 anni,
217 527 261 587 qui
283 525 310 575 in
327 524 378 572 une
397 524 566 578 tetrasteridis
584 526 648 574 liunt
665 533 733 582 octo,
759 540 816 576 cum
833 525 1086 581 temen-dixerimus,
1111 539 1241 574 excessum
1259 525 1348 576 Lunae
1366 533 1444 590 euprt

120 607 217 644 annum
236 595 347 644 Atticum
372 595 449 644 luisse
474 595 571 644 dierum
594 603 692 661 septem
710 594 840 646 dudmrnt.
878 597 947 646 Unus
965 597 1042 660 igitrrr
1060 595 1113 645 dies
1132 596 1253 656 abundat,
1272 611 1322 646 non
1340 597 1442 661 quidem
1473 617 1477 622 ·

120 665 211 714 Lunae
239 679 317 732 snpra
340 679 446 723 mum,
474 667 519 716 sed
542 669 602 716 anni
625 680 702 731 snpra
725 667 831 718 Lenem.
873 667 940 718 Huic
964 669 1014 716 rei.
1027 665 1165 716 remedium
1189 668 1360 732 excogitatum
1386 681 1443 716 esse

120 735 302 800 respondemus
320 752 366 800 sps
385 731 518 801 e’iusproaer.
536 751 600 802 quae
619 739 720 802 quidem
737 753 787 788 non
805 739 883 789 tiebat
900 740 926 788 in
945 739 995 788 illis
1013 733 1082 787 bidui
1101 738 1290 800 appendicibus,
1308 752 1370 803 quos
1389 738 1444 788 diss
1505 779 1510 794 .

121 808 263 858 comitiales
288 814 470 858 vocatoribus
495 809 610 866 haimos,
635 809 680 860 sed
706 811 732 859 in
757 811 808 860 alio
832 824 930 866 mense:
955 815 1090 873 propterea
1108 809 1170 866 diss,
1194 822 1258 874 qnue
1278 809 1444 866 eximebatur.

119 885 212 928 roceto
229 872 390 940 s'icspsccpoc
406 873 496 943 ἡμερα-
534 881 642 930 Cicero
661 883 687 930 iu
705 881 824 931 venenet
845 881 906 937 „Est
924 880 1077 930 consuetudo
1096 879 1237 930 Siculorum
1251 887 1443 945 ceterorumque

121 951 285 1006 Graecorum,
310 950 377 1014 qnod
401 964 457 1000 suos
482 950 536 1000 diss
554 965 701 1016 mensesque
720 965 858 1016 congruere
876 952 963 1001 solunt
980 965 1038 1000 cuns
1056 949 1121 1000 Solis
1139 950 1277 1015 Lunaeque
1296 950 1443 1008 rationibus.

120 1028 152 1070 ιιι
177 1033 363 1084 nonnunquam,
389 1023 411 1070 si
435 1022 494 1085 qnid
519 1022 652 1086 discrepet,
676 1024 788 1074 sumant
810 1037 899 1072 unum·
913 1023 1023 1088 ntiquom
1047 1020 1114 1070 dem
1133 1027 1177 1070 aut
1195 1035 1320 1071 summum
1339 1021 1443 1071 biduum

121 1105 154 1140 ex
178 1105 275 1148 mense,
297 1105 360 1155 quos
384 1092 422 1141 1111
443 1095 613 1142 exaeresimos
639 1094 692 1144 dies
715 1097 856 1148 nominant:
881 1095 942 1142 item
967 1105 1144 1156 nonnunquam
1170 1107 1219 1142 uuo
1245 1092 1285 1140 dis
1305 1092 1444 1158 longiorem

120 1176 236 1212 mensem
260 1163 357 1212 iaciunt
379 1169 425 1211 ant
448 1163 548 1214 hiduo.“
586 1163 658 1214 lineo
675 1165 776 1214 Marcus
795 1165 902 1224 Tullius,
920 1177 986 1230 quas
1005 1171 1058 1212 tum
1078 1163 1178 1212 demum
1197 1163 1280 1212 locum
1298 1162 1443 1219 habentui

121 1227 249 1298 s'iaspsorg
267 1233 296 1295 dt
313 1233 340 1282 in
357 1247 443 1282 meuse
464 1234 561 1291 eodem,
580 1236 623 1300 qui
641 1235 720 1286 habet
736 1237 840 1286 biduum
857 1235 922 1286 illnd
939 1235 1105 1298 adlectitiuur.

212 1321 241 1384 6)
259 1337 283 1386 p.
303 1321 345 1372 98.
383 1323 536 1388 Scaliger:
557 1324 586 1388 in
603 1333 710 1390 quatuor
727 1327 800 1375 anuis
817 1324 995 1374 tetrasteridos
1013 1323 1109 1375 flebant
1124 1322 1443 1372 hnaantsumnrnmduas

122 1387 270 1457 ἐεαιρισιις,
290 1395 314 1442 in
334 1407 399 1442 anno
418 1401 503 1444 autern
523 1396 615 1445 linuari
635 1409 733 1460 semper
751 1411 802 1446 ser.
839 1395 904 1449 Nam
923 1409 979 1444 eum
997 1408 1098 1443 menses
1117 1394 1230 1444 Lunares
1248 1393 1354 1442 alternis
1373 1393 1441 1458 pleni

120 1470 210 1514 ement
228 1472 255 1513 et
272 1465 336 1522 cari,
363 1479 448 1514 omues
466 1471 553 1516 umen
571 1466 695 1538 rqsospda
713 1467 858 1523 habebant*
872 1473 899 1516 et
915 1473 1050 1530 propterea
1067 1465 1172 1514 alternis
1190 1479 1255 1513 nnus
1274 1464 1327 1514 dies
1347 1465 1442 1514 exime·

122 1537 207 1593 batur,
232 1541 261 1584 nt
285 1536 397 1585 secunda
421 1537 514 1586 mensis
539 1538 642 1589 secundi
667 1554 717 1588 non
742 1537 849 1602 tsorspo
874 1536 918 1586 sed
936 1551 1006 1600 rprrp
1023 1542 1163 1594 vocaretur,
1188 1541 1214 1584 et
1231 1537 1269 1584 lta
1287 1537 1313 1584 in
1331 1535 1442 1599 reliquls.

122 1606 272 1656 Aristoteles
286 1606 505 1658 Oeconomicornnr
517 1608 626 1658 seeundo
639 1609 671 1659 de
683 1609 816 1660 Mnemone
829 1609 926 1658 Rhodio
938 1615 1045 1670 tyrsum
1058 1607 1209 1670 Lampsacit
1224 1621 1274 1654 ses
1285 1622 1313 1655 ss
1326 1620 1443 1672 στρατευ-
1479 1661 1488 1670 ,

122 1693 225 1737 opsono
243 1689 381 1743 nnpppssro
399 1683 444 1733 ιας
462 1691 591 1742 occupatus
609 1697 651 1730 sus
664 1681 846 1740 sesquinonus
858 1677 886 1735 ik
896 1673 1004 1743 ’ἢμιρων
1022 1693 1068 1726 sou
1081 1671 1207 1735 iniustos,
1226 1689 1330 1734 pactus
1342 1691 1445 1734 τανιαις

119 1763 178 1803 ταις
196 1743 301 1813 ἢμιραις
320 1740 379 1796 οὐτε
397 1749 513 1814 φυλακην
532 1745 624 1806 αὐτους
642 1745 771 1809 othenino,
791 1745 849 1800 orire
865 1750 982 1812 hunurps
998 1751 1142 1806 κινεισθαι,
1159 1763 1203 1805 τας
1219 1741 1445 1812 ἐξαιρεσιμοιις

121 1821 212 1884 topos.
249 1819 479 1884 Lampsacenorum
503 1823 581 1886 igitur
605 1836 686 1872 annus
710 1837 779 1872 mere
797 1823 904 1872 Lunaris
923 1827 987 1878 orat,
1012 1823 1081 1882 cuius
1100 1834 1174 1884 pares
1192 1833 1302 1876 menses,
1328 1819 1442 1886 quamvls

120 1893 178 1940 tari
203 1899 300 1946 essent,
333 1897 420 1941 tamen
445 1892 664 1958 speussrrdppsspos
689 1893 851 1958 putabantur,
878 1893 926 1942 hoc
950 1897 989 1940 est
1013 1889 1138 1955 sponsabo
1162 1889 1298 1940 hahebttnt.
1342 1889 1439 1940 tiititm

120 1969 209 2012 autem
238 1969 301 2026 quot
330 1961 457 2012 mensibus
486 1963 637 2027 stipendium
669 1965 827 2030 accipiebant
850 1965 947 2014 ηιίοιιο
971 1959 1007 2012 ³0
1028 1963 1135 2018 dierum,
1160 1963 1238 2012 etism
1261 1974 1347 2012 mense
1372 1973 1443 2020 cero.

120 2034 158 2082 At
182 2034 253 2082 raier
277 2039 398 2095 tyrannus
422 2033 551 2083 mensibus
580 2039 647 2086 cavis
666 2039 788 2086 rationem
808 2035 920 2085 habebat
936 2049 979 2096 cqc
997 2026 1159 2095 s'inepsosocp
1184 2032 1250 2097 quod
1268 2039 1295 2082 et
1312 2031 1445 2096 sequentia

121 2105 268 2154 declarant:
287 2106 365 2167 print,
384 2106 474 2168 inquit,
492 2105 591 2155 solebat
608 2107 726 2172 postridie
745 2107 915 2157 colendarum
933 2107 1003 2164 dare,
1023 2119 1079 2154 cunr
1098 2117 1156 2152 rsro
1175 2111 1243 2152 esset
1261 2097 1393 2166 iimpsosc.
1418 2103 1445 2152 in

74 2221 77 2228 ,
120 2189 174 2240 qua
190 2189 235 2239 pro
253 2173 365 2224 secunda
382 2177 475 2224 mensis
492 2178 594 2226 tertiam
612 2179 745 2241 putabunt,
764 2177 798 2228 29
816 2183 915 2228 tuntum
928 2178 981 2226 dies
994 2174 1027 2224 td
1039 2175 1176 2224 smndsm
1189 2175 1317 2238 aequantia
1329 2172 1443 2237 putabat

119 2245 229 2304 Deinde,
255 2253 284 2294 ut
308 2246 456 2299 illiberalius
482 2247 586 2304 iaceret.
610 2249 681 2298 aliud
704 2251 845 2299 institutum
869 2251 958 2298 tenuit.
995 2245 1061 2296 Nam
1086 2247 1165 2309 primo
1190 2259 1276 2296 mense
1294 2237 1330 2295 27
1348 2245 1444 2294 dierum

121 2317 275 2367 metiebatur
293 2330 426 2374 annonam,
445 2319 553 2368 securido
571 2319 606 2368 25
625 2326 652 2369 et
669 2321 707 2370 ita
724 2320 850 2384 deinceps.
887 2316 928 2369 Sic
946 2320 1072 2382 integrum
1091 2331 1203 2366 mensem
1221 2315 1374 2369 luentem.

210 2391 237 2451 7)
258 2407 284 2459 p.
311 2391 373 2444 102.
411 2392 442 2444 In
468 2393 531 2445 uss.
557 2395 667 2446 Pulcer.
695 2395 754 2448 t'oi.
776 2395 824 2448 xi.
846 2393 898 2446 hoc
918 2391 985 2450 iacit
1004 2391 1141 2458 Keplerus
1162 2389 1279 2444 inituim:
1301 2389 1327 2442 S.
1349 2390 1379 2444 P.
1400 2387 1443 2444 Ili.

115 2471 265 2542 juxtaque¹
278 2469 459 2524 eruditissime
479 2472 612 2542 Scaliger.
654 2473 682 2526 Si
703 2479 763 2544 post
786 2479 934 2542 occeptum,
955 2487 1037 2542 quarn
1057 2477 1122 2523 ante
1142 2485 1247 2529 menses
1268 2468 1386 2540 quinque
1407 2469 1443 2522 od

120 2559 150 2604 te
171 2549 274 2620 scripsi,
296 2550 439 2619 epistolum
468 2554 502 2604 dc
522 2569 582 2606 meo
603 2553 629 2606 in
650 2559 678 2606 tc
700 2553 788 2608 aniruo
809 2554 896 2623 deque
919 2549 1079 2621 integritate
1100 2566 1162 2603 mea
1177 2549 1304 2604 dubitare
1318 2547 1442 2617 coepisti.
1553 2606 1556 2614 Ι

119 2631 299 2701 perturbatus
321 2630 525 2699 importunitate
546 2632 674 2702 niorcium
694 2630 976 2692 l'runcolordsusiunn
994 2646 1061 2700 quos
1081 2628 1227 2702 bloguntia
1246 2627 1331 2682 misit:
1365 2627 1444 2681 lectis

121 2709 231 2782 (igitur)
262 2711 339 2764 hisce
371 2711 475 2766 Serarii
506 2713 625 2783 meisque
658 2712 785 2773 alternis,
816 2713 1027 2769 circumventum
1053 2726 1096 2762 mc
1111 2711 1257 2778 'agnosces
1283 2723 1443 2778 omnemque

120 2789 479 2860 susspicionomcliminabis.
521 2792 631 2846 Scilicet
650 2793 699 2848 illu
717 2792 876 2846 Minervalis
897 2790 1034 2862 porticula
1048 2788 1186 2858 ignoranti
1201 2788 1324 2858 primum,
1344 2785 1442 2841 deinde

120 2879 155 2924 et
177 2869 353 2940 repugnanti,
379 2871 495 2942 deniquo
522 2873 636 2941 decepto
664 2879 787 2934 extorts,
815 2873 867 2927 huo
894 2873 1006 2925 Mente
1032 2874 1081 2922 est.
1128 2869 1206 2922 Haec
1233 2868 1303 2921 eddo
1329 2865 1441 2936 partein
1539 2895 1541 2900 ·

120 2954 157 3004 de
176 2957 269 3004 cotem
289 2951 385 3003 voleat
402 2951 488 3004 omnis
509 2953 638 3006 memorio
658 2952 724 3006 iusti
746 2949 933 3022 indignissimi.
964 2948 1182 3020 Magnitudinem
1190 2947 1271 3002 unioni
1282 2955 1365 3008 tuam
1376 2945 1442 3016 quin

121 3039 151 3084 et
178 3030 345 3102 nequitatem
372 3030 598 3094 demonstrabis,¹
614 3031 637 3084 si
664 3031 691 3086 in
717 3032 839 3102 gratiam
864 3049 919 3084 non
946 3045 1043 3090 meam,
1064 3030 1111 3081 sed
1133 3026 1333 3089 astronomiae,
1362 3024 1441 3093 orpus

120 3125 234 3165 causam
254 3125 318 3180 ego,
345 3111 393 3162 sed
412 3109 571 3181 Hipparchi,
592 3129 672 3184 quem
692 3119 769 3166 tuum
788 3111 880 3165 dicere
900 3125 1023 3180 possum,
1044 3108 1112 3162 nihil
1132 3107 1219 3162 miuus
1242 3104 1303 3175 ejus
1322 3103 1442 3175 praesti·

120 3190 197 3252 teris,
223 3191 296 3261 quod
322 3205 383 3243 erus
404 3191 587 3258 praestiturus
615 3191 688 3260 (mea
707 3192 760 3246 hac
782 3192 891 3261 publicu
911 3189 1028 3258 epistole
1047 3179 1297 3248 commonefactus),
1326 3183 1349 3238 si
1369 3185 1441 3238 hanc

120 3270 236 3339 primm
255 3286 343 3324 meum
364 3271 474 3340 legeres
494 3271 645 3341 epistolam.
685 3273 779 3328 Hebes
799 3272 950 3326 Nausisros
964 3277 1029 3348 etc..

209 3344 239 3408 8)
257 3363 282 3411 p.
304 3345 362 3397 183.
399 3345 494 3408 Quibus
526 3352 608 3400 censis
635 3357 717 3400 motus
743 3349 870 3412 Keplerus
899 3349 965 3397 hsnc
993 3347 1184 3396 annotationem
1210 3341 1352 3400 mutueris.
1387 3343 1443 3406 ipro

120 3420 227 3470 annelat
244 3418 374 3484 Scaligero
393 3419 419 3469 in
438 3419 526 3478 literis,
544 3435 609 3486 quse
628 3421 748 3486 leguntur
769 3432 846 3483 supra
863 3435 887 3483 p.
910 3417 967 3468 102.
1192 3415 1196 3426 '

212 3490 276 3540 Cum
301 3492 327 3540 in
345 3489 506 3554 uquentibus
525 3493 618 3555 passim
637 3499 770 3546 occurram
793 3491 842 3540 loci
860 3491 934 3540 allati
953 3503 984 3539 ex
1002 3487 1082 3540 ilarii
1100 3485 1203 3548 Jossphi
1221 3482 1339 3548 operibns
1357 3477 1442 3542 (Anti-

120 3563 232 3626 quitates
256 3561 392 3618 iudaicae,
417 3561 479 3610 iibri
503 3561 546 3620 20,
572 3568 598 3612 st
620 3563 650 3611 de
670 3562 736 3611 bello
754 3560 874 3618 ludoico,
903 3559 960 3610 libri
985 3553 1013 3620 7)
1040 3572 1099 3614 eos,
1122 3555 1212 3621 quibus
1237 3553 1313 3604 editio
1338 3553 1442 3618 Jcssphi

119 3631 285 3682 llindoriiana
306 3634 333 3680 in
357 3632 473 3690 manibus
499 3643 546 3690 est,
571 3648 710 3691 monemus,
727 3646 843 3682 numeros
863 3633 974 3694 capitum
996 3627 1141 3692 aKsplsro
1160 3627 1298 3690 propositos
1321 3639 1364 3674 sos
1377 3639 1442 3682 oste.

118 3717 180 3768 quos
198 3702 341 3755 Diodorfius
361 3703 479 3752 cancellis
498 3705 608 3754 inclusos
625 3706 735 3754 numeris
754 3702 895 3766 adscripsit,
914 3701 1003 3766 quibus
1024 3702 1078 3763 ipse
1099 3699 1183 3762 cupita
1202 3698 1336 3759 inscripsit

208 3773 237 3834 9)
255 3789 280 3837 p.
302 3772 359 3824 189.
395 3773 566 3824 Pleuiluniurn
591 3775 638 3825 hoc
661 3776 806 3838 eclipticam
832 3779 860 3822 et
883 3771 1004 3838 paschale
1028 3770 1128 3820 erudito
1144 3769 1267 3824 ,examine
1293 3774 1320 3816 et
1345 3765 1444 3816 calculo

118 3846 206 3896 solenti
231 3845 358 3909 inquisivit
380 3844 419 3895 Jo.
444 3845 525 3895 Fried.
551 3847 649 3904 Wurm,
681 3847 813 3910 professor·
830 3843 1043 3908 Stuttgartiensis‚
1071 3843 1098 3892 in
1121 3838 1240 3904 Beugslii
1267 3837 1378 3895 „Archiv
1401 3837 1442 3886 ldr

118 3915 272 3980 theologie*
312 3917 359 3966 rol.
378 3915 411 3966 11.
439 3915 515 3974 1818,
540 3921 610 3980 cuius
635 3918 675 3968 rol
692 3917 712 3966 1.
732 3915 835 3968 exhibet
852 3915 1036 3980 disquisitiones
1054 3907 1442 3986 theologico-historiotseadonr

118 3987 149 4038 de
169 4002 197 4038 re
216 3986 322 4037 celebris
341 3987 451 4052 theologi
471 3987 621 4038 Silsskindii.

211 4057 254 4120 10)
272 4075 297 4122 p.
319 4055 377 4108 191.
413 4057 487 4110 Hunc
506 4059 587 4108 locum
606 4075 655 4109 uon
673 4059 748 4124 plene
767 4058 848 4108 rerbis
867 4055 950 4106 Taciti
969 4055 1109 4104 consentire
1127 4055 1181 4116 ipss
1200 4051 1327 4116 Keplerus
1346 4051 1443 4098 latetur

116 4131 143 4180 in
161 4127 226 4178 libro
245 4135 332 4180 contro
348 4129 495 4182 Roeslinum
514 4132 605 4194 scripto
625 4126 683 4192 (sol.
703 4129 723 4181 1.
742 4145 766 4194 p.
787 4127 850 4192 529)
870 4139 1021 4199 causamque
1040 4125 1131 4176 erroris
1151 4123 1187 4174 ibi
1205 4121 1293 4180 adert3
1314 4119 1402 4170 itidem
1415 4121 1442 4169 ln

116 4201 219 4266 Eclogis
238 4191 368 4251 chronicis
387 4217 411 4264 p.
432 4199 492 4252 380.

209 4271 253 4335 ll)
272 4287 296 4338 p.
315 4271 375 4321 210.
412 4271 544 4324 Roeslinus
569 4273 602 4325 sd
627 4289 652 4338 p.
677 4271 713 4322 24
740 4267 815 4333 (191)
839 4269 897 4320 libri
921 4265 1071 4332 Kspleriani
1095 4265 1160 4316 baec
1179 4269 1278 4314 monet:
1313 4259 1442 4324 Ksplsrus

116 4341 163 4394 hat
188 4343 253 4394 alles
277 4341 404 4400 vertebrt
429 4343 514 4394 aishot
537 4343 650 4396 Suetonii
674 4345 757 4393 locum
781 4341 851 4392 nidbt
873 4339 1041 4390 rollkornmsn
1065 4351 1107 4395 an,
1133 4337 1197 4386 ltsst
1219 4335 1260 4408 dle
1285 4330 1442 4382 menoses

115 4415 187 4466 Wort
211 4428 280 4471 auss,
307 4413 415 4464 diaden
439 4415 543 4466 rechten
568 4415 631 4468 Sinn
654 4415 745 4480 geben,
772 4413 824 4463 und
847 4411 928 4463 damit
945 4417 1006 4460 man
1022 4407 1120 4460 sclches
1138 4405 1209 4456 nicht
1226 4404 1305 4458 leicbt
1322 4401 1443 4452 marchen

115 4486 206 4544 kdndt,
226 4485 272 4535 hat
288 4501 318 4535 sr
337 4499 413 4534 auror
430 4493 561 4550 gesetrten
579 4486 676 4551 Spruch
695 4486 765 4535 nicht
778 4485 898 4534 Suetonio
912 4479 1117 4546 sngeschrieben‚
1136 4476 1243 4526 sonderu
1255 4473 1329 4524 Corn.
1343 4473 1442 4530 redu.

116 4557 197 4607 deruit
215 4571 289 4606 naun
309 4558 380 4606 einer
397 4557 649 4610 uachsucheu·rrolte
668 4560 695 4608 in
712 4555 802 4610 Tsclto
820 4555 873 4604 und
888 4553 968 4618 jhnen
985 4550 1057 4602 nicht
1073 4549 1158 4601 dndsn
1175 4546 1232 4596 thet
1250 4540 1307 4606 (vie
1326 4558 1355 4593 or
1373 4543 1442 4594 ἀιιιιι

115 4628 186 4678 nieht
212 4629 318 4678 dtionen
345 4623 432 4688 steht).
459 4631 529 4678 einer
554 4629 702 4682 rsrdrossm
726 4627 793 4678 srerd
817 4625 870 4676 und
887 4624 988 4675 bleiben
1007 4623 1074 4672 lasse
1092 4619 1143 4669 und
1158 4616 1228 4682 ihms
1247 4616 1364 4668 Giauben
1383 4613 1439 4678 gob.

116 4700 155 4748 lla
174 4715 203 4750 er
223 4699 287 4750 doch
306 4698 453 4763 gedsucken
471 4701 528 4758 solt,
547 4701 605 4752 dass
624 4699 717 4750 audere
737 4699 802 4749 such
821 4699 847 4748 ln
865 4698 913 4747 deu
932 4695 1061 4748 ilistorien
1080 4692 1159 4757 geiibt
1176 4701 1270 4738 seren.

197 4790 280 4844 lisplori
294 4789 359 4844 Operu
372 4783 419 4832 11’.’
1198 4775 1232 4826 33
