3412 5538
614 307 731 376 derebus
744 309 928 377 chronologicis.
980 309 983 318 '
1401 287 1444 362 85

96 447 195 531 pridem
211 451 389 516 occidente
405 453 542 536 vesperi,
562 453 684 516 Venere
706 452 869 536 incipiente
891 454 962 520 oriri
983 453 1118 536 vesper-13
1141 453 1192 518 ubi
1217 453 1314 520 distat
1336 452 1444 560 aSole

97 559 144 603 unu
156 539 225 620 plus
243 535 289 605 70
307 543 383 606 circ.

151 627 289 681 himerte
302 631 431 690 autemd
445 628 486 682 16.
495 629 557 682 Dec.
571 629 606 682 98
618 625 705 697 (temp.
718 631 774 682 Vol
787 631 807 682 I.
820 647 844 698 p.
858 625 893 684 67
905 629 949 697 ss.)
962 635 1027 684 haec
1038 632 1147 696 scripsit:

173 747 180 763 .
196 747 204 764 .
220 748 228 763 .
246 748 254 765 .
277 703 327 767 Ut
343 703 542 766 suavissimas
556 703 650 766 hasce
667 724 754 766 curas
765 710 835 768 tuas
851 724 888 768 ea
902 714 992 787 parte
1006 725 1062 785 pro
1077 704 1190 766 viribus
1205 705 1348 786 adjutam,
1363 707 1444 787 quod

100 791 195 854 idieri
211 811 232 852 a
246 811 301 854 me
317 793 458 866 voluisti,
481 811 518 854 eu
538 792 595 855 tibi
615 793 763 856 calculum
777 794 908 857 Veneris
929 802 962 857 et
980 795 1123 857 Mercurii
1145 794 1184 855 ad
1204 814 1314 856 annum
1333 813 1445 856 nonum

102 889 161 944 aute
175 880 316 943 radicem
333 880 452 946 Christi
467 882 621 944 usitatam.
651 882 682 945 A
696 883 799 945 radice
810 883 927 948 Christi
942 883 1079 946 subtraxi
1094 890 1209 945 motum
1225 903 1445 965 sexagenarum

103 971 137 1034 55
150 970 332 1051 primarum,
357 971 438 1052 quod
453 977 572 1050 tempus
588 970 746 1035 duodecim
760 971 882 1035 ultimos
905 972 970 1036 dies
985 973 1163 1036 Decembris
1179 972 1216 1034 de
1233 993 1311 1034 auno
1328 973 1443 1035 decimo

101 1060 198 1140 carpit
228 1059 320 1122 Loca
335 1059 459 1122 fuerunt
473 1058 548 1122 ista:
574 1059 646 1133 Cin
664 1056 722 1123 14⁰
739 1061 791 1124 14‘
807 1073 850 1140 lq,
865 1063 887 1138 5
901 1063 932 1125 in
949 1058 987 1124 0⁰
1003 1063 1055 1124 20¹
1072 1067 1111 1136 ,2,
1128 1058 1167 1137 Θ
1186 1061 1250 1126 sine
1262 1062 1443 1144 aequatione

100 1143 197 1212 in20⁰
212 1149 245 1210 0⁴
262 1155 301 1220 ‚a
329 1148 388 1211 Ex
408 1167 466 1230 quo
481 1149 673 1229 planetarum
692 1151 825 1230 positum
847 1152 989 1232 colligere
1011 1170 1185 1232 possumus,
1211 1150 1235 1224 Q
1259 1159 1293 1218 et
1314 1151 1442 1227 henim,

101 1233 313 1302 etsi3ve14⁰
335 1238 464 1300 invicem
478 1238 636 1319 propiores
656 1237 714 1302 visi
737 1239 800 1302 sint
821 1241 877 1305 sub
896 1241 986 1304 linem
1002 1241 1086 1314 anni,
1107 1259 1167 1302 uon
1187 1240 1324 1319 potuisse
1341 1247 1444 1301 tamen

100 1349 130 1390 eo
144 1337 286 1408 tempure
307 1347 342 1388 se
364 1334 469 1388 mutue
489 1327 619 1408 assequi.
655 1328 825 1391 Mercurius
848 1330 926 1392 enirn
947 1330 1055 1392 ludens
1077 1336 1141 1390 tum
1157 1329 1276 1409 quidem
1290 1329 1445 1393 Venerem

100 1417 205 1479 stando
221 1417 377 1491 invitavit,
393 1416 448 1478 sed
463 1416 756 1498 appropinquantem
770 1425 843 1498 post
863 1437 951 1484 cursu
969 1418 1067 1499 magis
1088 1417 1242 1498 magisque
1259 1425 1350 1480 aucto
1366 1417 1443 1480 effu-

98 1508 140 1587 git
160 1524 255 1586 seque
279 1505 320 1567 ad
343 1504 447 1568 Solem
469 1520 556 1568 suum
576 1507 701 1587 recepit
743 1505 979 1587 Conjunctiones
1002 1515 1104 1570 autem
1123 1507 1278 1588 utriusque
1300 1507 1443 1587 planetae

99 1615 176 1658 anuo
192 1613 275 1658 nuno
291 1595 374 1656 fuere
390 1594 422 1657 in
436 1595 608 1658 universum
624 1603 696 1658 tres.
727 1595 829 1660 Primo
844 1617 947 1660 mense
962 1596 1063 1678 Aprili
1079 1597 1127 1660 die
1144 1597 1172 1660 5.
1193 1586 1443 1658 cnm'Mercurius

95 1693 167 1765 pust
181 1683 250 1746 dies
266 1683 384 1765 aliquot
398 1683 450 1746 vix
464 1703 627 1765 parumper
648 1705 737 1748 mane
753 1687 897 1762 oriretur,
917 1687 1049 1750 haerens
1070 1685 1102 1749 in
1124 1687 1258 1748 statione
1282 1692 1315 1747 et
1336 1682 1443 1746 aSole

95 1774 229 1836 relictus.
258 1772 382 1834 Etenim
399 1773 447 1835 die
464 1773 685 1853 conjunctionis
702 1795 791 1838 arcus
806 1777 989 1839 Mercurium
1007 1777 1089 1839 iuter
1104 1781 1137 1838 et
1152 1774 1255 1838 Solem
1270 1775 1369 1836 minor
1385 1769 1460 1835 ad-'

93 1863 150 1925 huc
166 1863 226 1924 fuit
241 1881 323 1936 arcu,
339 1881 427 1944 quem
441 1862 604 1926 Reiuholdi
620 1863 743 1938 tabulae
760 1865 838 1927 ortui
855 1865 919 1946 ejus
934 1866 1093 1939 matutino,
1109 1865 1178 1928 dum
1193 1865 1224 1926 in
1238 1863 1378 1928 Piscibus
1393 1862 1443 1924 vel
1553 1893 1562 1914 e

92 1951 202 2014 Ariete
220 1958 283 2026 est,
306 1952 493 2014 adscribunt
529 1949 593 2014 Sed
614 1958 740 2033 propter
754 1953 885 2017 Veneris
907 1955 1113 2035 praesentiam
1135 1954 1276 2016 existimo
1289 1952 1394 2015 'videri
1410 1959 1443 2013 et

93 2041 177 2103 illum
193 2040 349 2122 potuisse,
371 2041 497 2104 directis
520 2041 675 2104 elicuere
698 2042 792 2105 oculis
806 2043 959 2106 hominum
981 2045 1020 2106 ad
1034 2043 1177 2105 Mercurii
1198 2061 1315 2123 quoque
1334 2041 1442 2104 locum.

92 2133 197 2210 Atque
221 2149 258 2191 eo
283 2135 421 2210 tempore
439 2130 608 2193 Mercurius
632 2138 719 2192 stans
741 2132 895 2195 aVeuere
917 2133 1043 2196 multum
1064 2131 1266 2212 superabatur
1286 2130 1443 2192 celerrim0

93 2237 185 2281 cursu
200 2218 242 2280 ad
257 2217 364 2282 Solem
380 2226 479 2281 eunte.
518 2220 626 2300 Itaque
642 2219 747 2299 paucis
767 2229 839 2302 post
860 2222 982 2296 diebus,
1005 2237 1071 2286 curn
1085 2221 1254 2284 Mercurius
1274 2240 1313 2282 ex
1328 2219 1443 2282 statio-

92 2307 178 2370 nario
201 2307 340 2370 directus
362 2315 395 2370 et
417 2307 498 2370 celer
519 2308 621 2384 deret,
643 2309 796 2372 Venerem
818 2331 838 2372 a
851 2311 1002 2384 Mercurio
1023 2310 1141 2372 scilicet
1160 2327 1278 2372 rursum
1299 2307 1443 2371 celeriore

92 2397 232 2478 superari
254 2415 383 2460 necesse
405 2396 471 2459 fuit
507 2397 619 2460 Altera
641 2397 768 2474 dcirca
791 2399 944 2479 ll.Maji,
967 2417 1025 2480 quo
1042 2398 1090 2461 die
1106 2399 1213 2460 Venus
1229 2405 1261 2460 et
1275 2396 1444 2460 Mercurius

91 2486 217 2548 circiter
232 2481 273 2550 8⁰
288 2508 308 2549 a
323 2485 396 2548 Sole
413 2486 584 2561 distabant,
605 2493 638 2548 et
652 2488 802 2550 Mercurio
817 2489 934 2569 pridem
953 2487 1106 2550 occultato
1121 2488 1228 2550 Venus
1243 2487 1312 2567 ipsa
1327 2504 1444 2567 quoque

89 2575 276 2656 praesertim
289 2575 323 2638 in
338 2575 511 2638 climatibus
525 2576 746 2639 horeelioribus
765 2596 853 2640 mane
870 2577 971 2640 radios
988 2575 1069 2639 Solis
1084 2577 1225 2655 ingressa
1241 2582 1296 2638 est
1333 2575 1443 2654 Itaque

86 2665 166 2727 hanc
182 2665 431 2744 cunjunctionem
453 2665 731 2728 calculareiuutile
752 2667 868 2742 censui,
891 2685 958 2730 cum
980 2666 1137 2728 observari
1160 2664 1280 2728 minime
1300 2661 1444 2744 potuerit,

87 2755 219 2834 ideoque
234 2754 290 2816 illa
303 2773 365 2817 uon
379 2753 480 2834 possit
495 2773 572 2828 esse,
589 2755 626 2816 de
641 2774 701 2835 qua
716 2762 751 2817 tu
767 2757 893 2838 satagis.
929 2756 1015 2841 Idem
1031 2755 1124 2817 etiam
1140 2755 1176 2816 de
1193 2754 1287 2816 tertia
1296 2751 1445 2832 judicium

88 2851 173 2918 estc,
189 2863 270 2926 quae
286 2843 345 2905 luit
359 2861 463 2906 meuse
478 2843 574 2918 Julio,
590 2863 657 2905 cum
672 2845 709 2922 5,
730 2843 852 2908 Venere
870 2845 985 2907 oritura
999 2844 1135 2924 vesperi,
1158 2841 1356 2922 retrogradus
1373 2847 1444 2902 aute

87 2933 203 2994 multos
221 2933 287 2994 dies
303 2932 514 3013 disparuisset
537 2929 624 2994 Haec
640 2952 756 3014 quoque
772 2935 854 2998 intra
870 2927 908 2997 70
925 2934 1057 3016 spatium
1072 2933 1153 3014 apud
1169 2931 1272 2994 Solem
1288 2931 1372 2993 iacta
1388 2937 1446 2992 est.

88 3021 167 3084 Post
182 3021 303 3103 aliquot
319 3022 394 3096 dies,
411 3041 452 3085 sc.
467 3021 554 3085 initio
565 3021 709 3084 Octobris
718 3023 870 3087 Mercurio
885 3023 1006 3104 vesperi
1022 3023 1149 3096 oriente,
1163 3022 1271 3083 Venus
1280 3019 1445 3100 jamlonge

89 3130 196 3172 omues
213 3111 414 3191 digressionis
428 3110 619 3173 Mercurialis
633 3111 746 3174 limites
763 3121 977 3194 superaverat,
997 3119 1032 3174 ut
1051 3112 1097 3174 ita
1120 3110 1203 3174 nulla
1224 3110 1352 3191 amplius
1369 3127 1445 3170 con-

86 3199 206 3278 junctio
224 3220 260 3262 eo
278 3219 358 3262 anno
376 3219 444 3262 esse
456 3201 599 3281 potuerit

178 3289 374 3352 Accedamus
395 3289 489 3370 igitur
511 3290 551 3351 ad
571 3289 656 3352 illam
676 3289 804 3371 primam
824 3290 872 3353 die
888 3291 917 3353 5.
932 3289 1058 3371 Aprilis.
1095 3287 1218 3352 Etenim
1239 3307 1306 3351 curu
1326 3306 1446 3350 assum-

92 3377 202 3440 sissem
218 3386 340 3460 tempus
356 3377 398 3442 53
415 3397 518 3460 sexag.
537 3378 588 3440 10‘
605 3386 676 3442 aute
692 3377 861 3455 Christum,
883 3379 1069 3461 deprehendi
1090 3379 1161 3452 Cin
1177 3371 1238 3441 270
1254 3379 1306 3440 530
1323 3382 1361 3450 34,
1377 3378 1398 3454 3}
1414 3377 1447 3440 in

94 3460 156 3528 24⁸
176 3467 232 3531 46‘
252 3473 283 3540 3(
306 3467 534 3542 stationarium,
556 3469 636 3549 quod
661 3476 840 3548 argumento
862 3470 935 3543 ruit,
962 3469 1169 3554 praecessisse
1198 3467 1442 3547 conjunctionem

95 3555 188 3632 hanc,
213 3577 280 3620 cum
294 3557 403 3620 Venus
413 3557 480 3636 jam
501 3555 659 3620 transierit
673 3559 864 3621 Mercurium
901 3560 1000 3622 Facta
1024 3558 1127 3639 itaque
1143 3556 1321 3636 conjectura
1337 3575 1448 3620 crassa

98 3647 214 3722 censui,
236 3646 393 3709 transisse
404 3647 557 3708 Venerem
579 3650 651 3708 aute
674 3647 702 3708 2.
726 3648 777 3710 13¹
794 3647 868 3710 dies.
913 3629 1012 3728 igitur
1034 3654 1170 3708 assumto
1193 3645 1236 3708 53
1254 3665 1359 3726 sexag.
1384 3639 1445 3707 12⁰

104 3733 152 3796 13¹
167 3735 354 3817 deprehendi
369 3736 427 3798 hos
442 3742 557 3797 motus:

199 3825 347 3876 Prasceseio
359 3837 390 3874 ae
451 3825 571 3876 cctiorum
583 3825 610 3875 0·
635 3817 665 3872 50
678 3824 721 3875 10‘
734 3824 796 3885 500,
808 3827 868 3890 quia
880 3826 1000 3890 superiori
1011 3822 1145 3874 Decembri
1157 3829 1214 3874 erat
1226 3813 1257 3873 50
1270 3823 1312 3874 10‘
1324 3824 1368 3873 4‘¹.

200 3895 299 3946 Medius
314 3895 381 3961 lang.
435 3902 462 3946 et
473 3887 495 3954 i}
507 3889 538 3947 60
551 3895 592 3945 13¹
605 3894 665 3948 23“.

201 3967 265 4018 Solia
276 3967 375 4018 medius
388 3967 422 4016 ab
434 3969 590 4032 aequinoctio
601 3981 659 4020 vero
674 3963 721 4017 11⁰
732 3967 845 4020 24‘13⁴‘
858 3967 894 4030 Υ.

202 4038 335 4090 Ammlia
345 4038 405 4090 soe.
420 4031 445 4102 Ω
459 4045 569 4110 aequata
582 4041 608 4090 ⁵·
641 4032 689 4089 190
702 4039 744 4089 12’
758 4038 809 4090 180

203 4111 338 4162 Mandis
350 4124 413 4161 cour
428 4101 454 4173 Ω
467 4117 578 4176 aequata
590 4111 614 4160 b.
631 4105 671 4161 17.
685 4109 727 4160 23.
741 4109 766 4160 2.
1020 4145 1023 4154 ,

203 4181 282 4234 bosus
292 4181 400 4233 Veneris
411 4182 439 4232 ia
450 4181 493 4232 25.
507 4181 549 4232 11.
564 4183 606 4232 10.
619 4177 656 4244 ll.
692 4181 749 4232 Lat.
763 4176 801 4232 0⁰.
816 4181 867 4233 1⁵3¹.
880 4181 911 4232 A.

204 4253 335 4306 Ancmalla
348 4259 445 4304 secent
460 4248 481 4312 b
494 4259 594 4318 aequat.
608 4253 637 4304 2·
660 4247 715 4304 590.
728 4245 780 4304 47¹.
792 4255 836 4303 0“.

205 4325 337 4376 Ancmslie
349 4339 439 4376 comm.
455 4317 476 4390 5
490 4331 590 4390 aequat
604 4323 628 4376 3.
641 4323 684 4375 29.
698 4324 740 4376 32.
754 4324 778 4373 5.

205 4396 284 4448 laum
296 4391 318 4458 Q
330 4399 357 4448 in
637 4395 679 4446 24.
693 4395 735 4446 51.
750 4395 791 4447 16.
805 4389 841 4458 if.
877 4394 936 4446 Lat.
949 4389 987 4446 30.
1000 4393 1035 4446 80.
1049 4395 1079 4445 Δ.

190 4467 262 4532 Cum
283 4489 357 4552 ergo
381 4475 416 4531 et
438 4468 498 4530 hoc
513 4475 632 4550 tempus
654 4467 859 4549 praecesserit
881 4467 1068 4547 conjunctio,
1090 4467 1163 4530 ideo¹
1177 4467 1315 4530 adhibita
1330 4465 1448 4528 ratione

119 4563 229 4622 motuum
244 4560 420 4624 diurnorum
438 4557 503 4638 ejus
520 4557 596 4633 diei,
618 4557 853 4638 deprehenditur
867 4556 1021 4619 Venerem
1043 4563 1114 4618 aute
1141 4556 1192 4620 14⁴
1217 4556 1277 4618 diei
1293 4552 1450 4616 transisse.

119 4645 227 4732 leupus
251 4670 323 4733 ergo
348 4647 609 4712 correctissimum
632 4647 674 4710 53
698 4667 760 4710 sex.
786 4641 844 4708 12⁰
867 4641 936 4721 27‘,
967 4644 1014 4707 die
1037 4644 1155 4707 scilicet
1176 4645 1204 4708 5.
1220 4642 1351 4723 Aprilis,
1373 4640 1451 4704 hora

114 4739 190 4820 pina
209 4749 284 4825 pust
303 4737 472 4804 meridiem
492 4735 524 4798 in
541 4728 703 4800 Borussia.
734 4736 793 4798 Hic
816 4734 949 4798 calculus
972 4741 1028 4796 est.
1064 4734 1134 4796 Etsi
1156 4733 1249 4814 igitur
1272 4729 1359 4791 vides
1383 4730 1448 4793 dis-

113 4850 215 4918 crepare
228 4833 382 4918 planetas
398 4825 432 4890 iu
449 4824 612 4888 latitudine
628 4822 666 4888 20
684 4825 750 4901 150,
770 4825 837 4888 dico
853 4831 1031 4888 tamennon
1049 4829 1165 4887 certum
1179 4822 1247 4884 ideo
1264 4836 1348 4894 esse,
1370 4822 1450 4902 quod
