<?xml version="1.0" encoding="UTF-8"?>
<!DOCTYPE html PUBLIC "-//W3C//DTD XHTML 1.0 Transitional//EN"
    "http://www.w3.org/TR/xhtml1/DTD/xhtml1-transitional.dtd">
<html xmlns="http://www.w3.org/1999/xhtml" xml:lang="en" lang="en">
 <head>
  <title>
</title>
<meta http-equiv="Content-Type" content="text/html;charset=utf-8" />
  <meta name='ocr-system' content='tesseract 3.04.00' />
  <meta name='ocr-capabilities' content='ocr_page ocr_carea ocr_par ocr_line ocrx_word'/>
</head>
<body>
  <div class='ocr_page' id='page_1' title='image "./joanniskepleria00unkngoog_0196.png"; bbox 0 0 3412 5538; ppageno 0'>
   <div class='ocr_carea' id='block_1_1' title="bbox 559 1481 954 1568">
    <p class='ocr_par' dir='ltr' id='par_1_1' title="bbox 559 1481 954 1568">
     <span class='ocr_line' id='line_1_1' title="bbox 559 1481 954 1568; baseline 0.013 -5"><span class='ocrx_word' id='word_1_1' title='bbox 559 1481 829 1566; x_wconf 77' lang='lat' dir='ltr'>PERILLUSTRI</span> <span class='ocrx_word' id='word_1_2' title='bbox 856 1486 954 1568; x_wconf 77' lang='lat' dir='ltr'>viso</span> 
     </span>
    </p>
   </div>
   <div class='ocr_carea' id='block_1_2' title="bbox 1006 1691 1254 1738">
    <p class='ocr_par' dir='ltr' id='par_1_2' title="bbox 1006 1691 1254 1738">
     <span class='ocr_line' id='line_1_2' title="bbox 1192 1691 1195 1703; baseline 0 0"><span class='ocrx_word' id='word_1_3' title='bbox 1192 1691 1195 1703; x_wconf 86' lang='lat' dir='ltr'>l</span> 
     </span>
     <span class='ocr_line' id='line_1_3' title="bbox 1006 1711 1254 1738; baseline 0.004 -1"><span class='ocrx_word' id='word_1_4' title='bbox 1006 1711 1009 1716; x_wconf 42' lang='grc' dir='ltr'><strong>Δ</strong></span> <span class='ocrx_word' id='word_1_5' title='bbox 1249 1726 1254 1738; x_wconf 75' lang='lat' dir='ltr'><em>A</em></span> 
     </span>
    </p>
   </div>
   <div class='ocr_carea' id='block_1_3' title="bbox 331 1629 1182 1904">
    <p class='ocr_par' dir='ltr' id='par_1_3' title="bbox 331 1629 1182 1904">
     <span class='ocr_line' id='line_1_4' title="bbox 331 1629 1182 1904; baseline 0.007 -6"><span class='ocrx_word' id='word_1_6' title='bbox 331 1705 669 1899; x_wconf 73' lang='lat' dir='ltr'>coraci</span> <span class='ocrx_word' id='word_1_7' title='bbox 711 1629 1182 1904; x_wconf 68' lang='lat' dir='ltr'>ilustris</span> 
     </span>
    </p>
   </div>
   <div class='ocr_carea' id='block_1_4' title="bbox 580 1959 949 2066">
    <p class='ocr_par' dir='ltr' id='par_1_4' title="bbox 580 1959 949 2066">
     <span class='ocr_line' id='line_1_5' title="bbox 580 1959 949 2066; baseline 0.008 -30"><span class='ocrx_word' id='word_1_8' title='bbox 580 1959 661 2036; x_wconf 85' lang='lat' dir='ltr'>Sco.</span> <span class='ocrx_word' id='word_1_9' title='bbox 683 1959 777 2036; x_wconf 81' lang='lat' dir='ltr'>Coos.</span> <span class='ocrx_word' id='word_1_10' title='bbox 797 1961 949 2066; x_wconf 62' lang='lat' dir='ltr'>Maiam„</span> 
     </span>
    </p>
   </div>
   <div class='ocr_carea' id='block_1_5' title="bbox 401 2122 1110 2442">
    <p class='ocr_par' dir='ltr' id='par_1_5' title="bbox 401 2122 1110 2442">
     <span class='ocr_line' id='line_1_6' title="bbox 401 2122 1110 2442; baseline 0.003 -129"><span class='ocrx_word' id='word_1_11' title='bbox 401 2122 972 2442; x_wconf 64' lang='lat' dir='ltr'>RUDOLlHO</span> <span class='ocrx_word' id='word_1_12' title='bbox 1017 2128 1110 2317; x_wconf 90' lang='lat' dir='ltr'>H.</span> 
     </span>
    </p>
   </div>
   <div class='ocr_carea' id='block_1_6' title="bbox 255 2519 1336 2620">
    <p class='ocr_par' dir='ltr' id='par_1_6' title="bbox 255 2519 1336 2620">
     <span class='ocr_line' id='line_1_7' title="bbox 255 2519 1336 2620; baseline 0.006 -23"><span class='ocrx_word' id='word_1_13' title='bbox 255 2519 422 2597; x_wconf 73' lang='lat' dir='ltr'>Consiliis</span> <span class='ocrx_word' id='word_1_14' title='bbox 450 2520 694 2620; x_wconf 87' lang='lat' dir='ltr'>imperialibus¹</span> <span class='ocrx_word' id='word_1_15' title='bbox 720 2521 843 2596; x_wconf 81' lang='lat' dir='ltr'>aulicis</span> <span class='ocrx_word' id='word_1_16' title='bbox 872 2535 907 2596; x_wconf 86' lang='lat' dir='ltr'>et</span> <span class='ocrx_word' id='word_1_17' title='bbox 934 2525 1080 2601; x_wconf 89' lang='lat' dir='ltr'>secretis</span> <span class='ocrx_word' id='word_1_18' title='bbox 1107 2527 1260 2612; x_wconf 86' lang='lat' dir='ltr'>intimis,</span> <span class='ocrx_word' id='word_1_19' title='bbox 1326 2543 1336 2562; x_wconf 77' lang='lat'><em>⁶</em></span> 
     </span>
    </p>
   </div>
   <div class='ocr_carea' id='block_1_7' title="bbox 570 2716 945 2802">
    <p class='ocr_par' dir='ltr' id='par_1_7' title="bbox 570 2716 945 2802">
     <span class='ocr_line' id='line_1_8' title="bbox 570 2716 945 2802; baseline 0.005 -21"><span class='ocrx_word' id='word_1_20' title='bbox 570 2716 701 2781; x_wconf 90' lang='lat' dir='ltr'>Domino</span> <span class='ocrx_word' id='word_1_21' title='bbox 717 2737 785 2782; x_wconf 91' lang='lat' dir='ltr'>meo</span> <span class='ocrx_word' id='word_1_22' title='bbox 801 2719 945 2802; x_wconf 78' lang='lat' dir='ltr'>gratioso.</span> 
     </span>
    </p>
   </div>
   <div class='ocr_carea' id='block_1_8' title="bbox 100 2929 1430 3282">
    <p class='ocr_par' dir='ltr' id='par_1_8' title="bbox 100 2929 1430 3282">
     <span class='ocr_line' id='line_1_9' title="bbox 176 2929 1420 3016; baseline 0.002 -20"><span class='ocrx_word' id='word_1_23' title='bbox 176 2929 250 2996; x_wconf 80' lang='lat' dir='ltr'>Cum</span> <span class='ocrx_word' id='word_1_24' title='bbox 265 2929 414 3012; x_wconf 88' lang='lat' dir='ltr'>superiori</span> <span class='ocrx_word' id='word_1_25' title='bbox 422 2936 550 2994; x_wconf 82' lang='lat' dir='ltr'>aestate</span> <span class='ocrx_word' id='word_1_26' title='bbox 566 2929 599 2994; x_wconf 86' lang='lat' dir='ltr'>S.</span> <span class='ocrx_word' id='word_1_27' title='bbox 616 2930 704 2996; x_wconf 79' lang='lat' dir='ltr'>(laea.</span> <span class='ocrx_word' id='word_1_28' title='bbox 719 2931 843 3012; x_wconf 86' lang='lat' dir='ltr'>Majest.</span> <span class='ocrx_word' id='word_1_29' title='bbox 858 2932 1006 3014; x_wconf 85' lang='lat' dir='ltr'>permisso</span> <span class='ocrx_word' id='word_1_30' title='bbox 1027 2935 1164 2998; x_wconf 79' lang='lat' dir='ltr'>strenia</span> <span class='ocrx_word' id='word_1_31' title='bbox 1178 2951 1234 3016; x_wconf 89' lang='lat' dir='ltr'>per</span> <span class='ocrx_word' id='word_1_32' title='bbox 1248 2935 1346 3000; x_wconf 83' lang='lat' dir='ltr'>Illust</span> <span class='ocrx_word' id='word_1_33' title='bbox 1361 2935 1420 3000; x_wconf 76' lang='lat' dir='ltr'>Do</span> 
     </span>
     <span class='ocr_line' id='line_1_10' title="bbox 100 3018 1424 3107; baseline 0.004 -23"><span class='ocrx_word' id='word_1_34' title='bbox 100 3018 744 3102; x_wconf 81' lang='lat' dir='ltr'>nmationemTuamimpetratainStyriam</span> <span class='ocrx_word' id='word_1_35' title='bbox 752 3022 907 3103; x_wconf 79' lang='lat' dir='ltr'>proseotus</span> <span class='ocrx_word' id='word_1_36' title='bbox 918 3041 1025 3100; x_wconf 86' lang='lat' dir='ltr'>essem,</span> <span class='ocrx_word' id='word_1_37' title='bbox 1036 3022 1194 3088; x_wconf 87' lang='lat' dir='ltr'>domestici</span> <span class='ocrx_word' id='word_1_38' title='bbox 1203 3025 1319 3107; x_wconf 79' lang='lat' dir='ltr'>negotii</span> <span class='ocrx_word' id='word_1_39' title='bbox 1329 3045 1424 3104; x_wconf 69' lang='lat' dir='ltr'>causa,</span> 
     </span>
     <span class='ocr_line' id='line_1_11' title="bbox 100 3109 1430 3193; baseline 0.005 -20"><span class='ocrx_word' id='word_1_40' title='bbox 100 3109 166 3174; x_wconf 88' lang='lat' dir='ltr'>bono</span> <span class='ocrx_word' id='word_1_41' title='bbox 190 3111 319 3193; x_wconf 85' lang='lat' dir='ltr'>quodam</span> <span class='ocrx_word' id='word_1_42' title='bbox 343 3110 511 3176; x_wconf 86' lang='lat' dir='ltr'>studiorum</span> <span class='ocrx_word' id='word_1_43' title='bbox 532 3129 666 3174; x_wconf 87' lang='lat' dir='ltr'>meomm</span> <span class='ocrx_word' id='word_1_44' title='bbox 681 3112 745 3174; x_wconf 84' lang='lat' dir='ltr'>lato</span> <span class='ocrx_word' id='word_1_45' title='bbox 761 3112 888 3188; x_wconf 86' lang='lat' dir='ltr'>accidit,</span> <span class='ocrx_word' id='word_1_46' title='bbox 909 3119 945 3176; x_wconf 93' lang='lat' dir='ltr'>ut</span> <span class='ocrx_word' id='word_1_47' title='bbox 958 3113 1098 3178; x_wconf 84' lang='lat' dir='ltr'>venalem</span> <span class='ocrx_word' id='word_1_48' title='bbox 1121 3113 1241 3178; x_wconf 86' lang='lat' dir='ltr'>Graetii</span> <span class='ocrx_word' id='word_1_49' title='bbox 1264 3115 1430 3180; x_wconf 79' lang='lat' dir='ltr'>invenirem</span> 
     </span>
     <span class='ocr_line' id='line_1_12' title="bbox 100 3194 1430 3282; baseline 0.005 -19"><span class='ocrx_word' id='word_1_50' title='bbox 100 3198 219 3273; x_wconf 71' lang='lat' dir='ltr'>libellum</span> <span class='ocrx_word' id='word_1_51' title='bbox 239 3194 398 3268; x_wconf 77' lang='lat' dir='ltr'>Laurentii</span> <span class='ocrx_word' id='word_1_52' title='bbox 418 3197 571 3282; x_wconf 81' lang='lat' dir='ltr'>Suslygse</span> <span class='ocrx_word' id='word_1_53' title='bbox 589 3201 712 3277; x_wconf 91' lang='lat' dir='ltr'>Poloni,</span> <span class='ocrx_word' id='word_1_54' title='bbox 742 3202 789 3266; x_wconf 90' lang='lat' dir='ltr'>oni</span> <span class='ocrx_word' id='word_1_55' title='bbox 811 3201 932 3266; x_wconf 89' lang='lat' dir='ltr'>titulum</span> <span class='ocrx_word' id='word_1_56' title='bbox 953 3203 1040 3266; x_wconf 82' lang='lat' dir='ltr'>iecit:</span> <span class='ocrx_word' id='word_1_57' title='bbox 1065 3203 1274 3270; x_wconf 65' lang='lat' dir='ltr'>maranata</span> <span class='ocrx_word' id='word_1_58' title='bbox 1294 3205 1334 3268; x_wconf 82' lang='lat' dir='ltr'>ds</span> <span class='ocrx_word' id='word_1_59' title='bbox 1348 3225 1430 3270; x_wconf 75' lang='lat' dir='ltr'>omo</span> 
     </span>
    </p>
   </div>
   <div class='ocr_carea' id='block_1_9' title="bbox 100 3289 1547 3384">
    <p class='ocr_par' dir='ltr' id='par_1_9' title="bbox 100 3289 1547 3384">
     <span class='ocr_line' id='line_1_13' title="bbox 100 3289 1547 3384; baseline 0.003 -30"><span class='ocrx_word' id='word_1_60' title='bbox 100 3298 173 3354; x_wconf 77' lang='lat' dir='ltr'>oua</span> <span class='ocrx_word' id='word_1_61' title='bbox 194 3311 232 3354; x_wconf 88' lang='lat' dir='ltr'>oc</span> <span class='ocrx_word' id='word_1_62' title='bbox 244 3290 356 3355; x_wconf 73' lang='lat' dir='ltr'>retortis</span> <span class='ocrx_word' id='word_1_63' title='bbox 369 3289 522 3364; x_wconf 65' lang='lat' dir='ltr'>Dama,</span> <span class='ocrx_word' id='word_1_64' title='bbox 544 3291 642 3372; x_wconf 71' lang='lat' dir='ltr'>deoru</span> <span class='ocrx_word' id='word_1_65' title='bbox 660 3291 811 3356; x_wconf 72' lang='lat' dir='ltr'>autom</span> <span class='ocrx_word' id='word_1_66' title='bbox 827 3291 906 3355; x_wconf 84' lang='lat' dir='ltr'>Jcau</span> <span class='ocrx_word' id='word_1_67' title='bbox 929 3289 1048 3356; x_wconf 69' lang='lat' dir='ltr'>Olrdeti</span> <span class='ocrx_word' id='word_1_68' title='bbox 1067 3295 1106 3358; x_wconf 77' lang='grc' dir='ltr'>ιιι</span> <span class='ocrx_word' id='word_1_69' title='bbox 1124 3313 1218 3358; x_wconf 76' lang='lat' dir='ltr'>corne</span> <span class='ocrx_word' id='word_1_70' title='bbox 1239 3296 1427 3363; x_wconf 66' lang='lat' dir='ltr'>aemma.</span> <span class='ocrx_word' id='word_1_71' title='bbox 1543 3367 1547 3384; x_wconf 33' lang='grc' dir='ltr'>ι</span> 
     </span>
    </p>
   </div>
   <div class='ocr_carea' id='block_1_10' title="bbox 96 3377 1433 4538">
    <p class='ocr_par' dir='ltr' id='par_1_10' title="bbox 99 3377 1433 4179">
     <span class='ocr_line' id='line_1_14' title="bbox 100 3377 1430 3463; baseline 0.005 -21"><span class='ocrx_word' id='word_1_72' title='bbox 100 3377 181 3460; x_wconf 81' lang='lat' dir='ltr'>Gujm</span> <span class='ocrx_word' id='word_1_73' title='bbox 202 3381 272 3446; x_wconf 90' lang='lat' dir='ltr'>libri</span> <span class='ocrx_word' id='word_1_74' title='bbox 295 3386 474 3460; x_wconf 76' lang='lat' dir='ltr'>argumento</span> <span class='ocrx_word' id='word_1_75' title='bbox 495 3379 619 3443; x_wconf 88' lang='lat' dir='ltr'>mirifice</span> <span class='ocrx_word' id='word_1_76' title='bbox 635 3380 822 3457; x_wconf 89' lang='lat' dir='ltr'>delectatus,</span> <span class='ocrx_word' id='word_1_77' title='bbox 844 3381 930 3463; x_wconf 89' lang='lat' dir='ltr'>coepi</span> <span class='ocrx_word' id='word_1_78' title='bbox 952 3381 989 3444; x_wconf 92' lang='lat' dir='ltr'>da</span> <span class='ocrx_word' id='word_1_79' title='bbox 1011 3401 1047 3445; x_wconf 92' lang='lat' dir='ltr'>eo</span> <span class='ocrx_word' id='word_1_80' title='bbox 1070 3383 1109 3446; x_wconf 88' lang='lat' dir='ltr'>ad</span> <span class='ocrx_word' id='word_1_81' title='bbox 1123 3401 1223 3448; x_wconf 88' lang='lat' dir='ltr'>meum</span> <span class='ocrx_word' id='word_1_82' title='bbox 1244 3385 1377 3448; x_wconf 89' lang='lat' dir='ltr'>libellum</span> <span class='ocrx_word' id='word_1_83' title='bbox 1393 3385 1430 3448; x_wconf 87' lang='lat' dir='ltr'>de</span> 
     </span>
     <span class='ocr_line' id='line_1_15' title="bbox 100 3468 1431 3556; baseline 0.005 -25"><span class='ocrx_word' id='word_1_84' title='bbox 100 3468 177 3532; x_wconf 81' lang='lat' dir='ltr'>Nora</span> <span class='ocrx_word' id='word_1_85' title='bbox 190 3468 292 3534; x_wconf 82' lang='lat' dir='ltr'><strong>Stella</strong></span> <span class='ocrx_word' id='word_1_86' title='bbox 308 3469 508 3552; x_wconf 87' lang='lat' dir='ltr'>Serpeutarii,</span> <span class='ocrx_word' id='word_1_87' title='bbox 524 3487 613 3552; x_wconf 90' lang='lat' dir='ltr'>quem</span> <span class='ocrx_word' id='word_1_88' title='bbox 627 3476 699 3534; x_wconf 90' lang='lat' dir='ltr'>tuno</span> <span class='ocrx_word' id='word_1_89' title='bbox 713 3470 893 3546; x_wconf 85' lang='lat' dir='ltr'>meditabar,</span> <span class='ocrx_word' id='word_1_90' title='bbox 908 3471 1163 3538; x_wconf 88' lang='lat' dir='ltr'>accommodando</span> <span class='ocrx_word' id='word_1_91' title='bbox 1178 3474 1322 3556; x_wconf 79' lang='lat' dir='ltr'>cogitare.</span> <span class='ocrx_word' id='word_1_92' title='bbox 1350 3477 1431 3540; x_wconf 89' lang='lat' dir='ltr'>Nam</span> 
     </span>
     <span class='ocr_line' id='line_1_16' title="bbox 101 3557 1430 3647; baseline 0.006 -27"><span class='ocrx_word' id='word_1_93' title='bbox 101 3557 200 3624; x_wconf 75' lang='lat' dir='ltr'>dama</span> <span class='ocrx_word' id='word_1_94' title='bbox 214 3559 346 3624; x_wconf 75' lang='lat' dir='ltr'>dixisset</span> <span class='ocrx_word' id='word_1_95' title='bbox 360 3566 475 3635; x_wconf 90' lang='lat' dir='ltr'>auctor,</span> <span class='ocrx_word' id='word_1_96' title='bbox 491 3567 620 3642; x_wconf 84' lang='lat' dir='ltr'>quatuor</span> <span class='ocrx_word' id='word_1_97' title='bbox 636 3579 732 3622; x_wconf 91' lang='lat' dir='ltr'>annos</span> <span class='ocrx_word' id='word_1_98' title='bbox 747 3558 934 3642; x_wconf 85' lang='lat' dir='ltr'>adjiciendos</span> <span class='ocrx_word' id='word_1_99' title='bbox 948 3561 1083 3629; x_wconf 86' lang='lat' dir='ltr'>usitatae</span> <span class='ocrx_word' id='word_1_100' title='bbox 1100 3561 1342 3628; x_wconf 80' lang='lat' dir='ltr'>Christianorum</span> <span class='ocrx_word' id='word_1_101' title='bbox 1355 3579 1430 3647; x_wconf 89' lang='lat' dir='ltr'>epo-</span> 
     </span>
     <span class='ocr_line' id='line_1_17' title="bbox 100 3647 1432 3734; baseline 0.004 -22"><span class='ocrx_word' id='word_1_102' title='bbox 100 3647 163 3712; x_wconf 80' lang='lat' dir='ltr'>alae</span> <span class='ocrx_word' id='word_1_103' title='bbox 183 3649 224 3714; x_wconf 79' lang='lat' dir='ltr'>sd</span> <span class='ocrx_word' id='word_1_104' title='bbox 246 3655 382 3714; x_wconf 72' lang='lat' dir='ltr'>aeuum</span> <span class='ocrx_word' id='word_1_105' title='bbox 397 3647 514 3714; x_wconf 81' lang='lat' dir='ltr'>Christi</span> <span class='ocrx_word' id='word_1_106' title='bbox 537 3648 793 3714; x_wconf 75' lang='lat' dir='ltr'>constituendam:</span> <span class='ocrx_word' id='word_1_107' title='bbox 824 3649 1007 3732; x_wconf 72' lang='lat' dir='ltr'>sequebatur</span> <span class='ocrx_word' id='word_1_108' title='bbox 1026 3652 1134 3734; x_wconf 77' lang='lat' dir='ltr'>igitur,</span> <span class='ocrx_word' id='word_1_109' title='bbox 1157 3651 1312 3717; x_wconf 75' lang='lat' dir='ltr'>Christum</span> <span class='ocrx_word' id='word_1_110' title='bbox 1326 3661 1432 3717; x_wconf 87' lang='lat' dir='ltr'>natum</span> 
     </span>
     <span class='ocr_line' id='line_1_18' title="bbox 101 3738 1432 3824; baseline 0.004 -22"><span class='ocrx_word' id='word_1_111' title='bbox 101 3756 158 3802; x_wconf 83' lang='lat' dir='ltr'>esre</span> <span class='ocrx_word' id='word_1_112' title='bbox 172 3759 251 3804; x_wconf 88' lang='lat' dir='ltr'>anno</span> <span class='ocrx_word' id='word_1_113' title='bbox 266 3759 326 3804; x_wconf 91' lang='lat' dir='ltr'>uno</span> <span class='ocrx_word' id='word_1_114' title='bbox 343 3745 434 3821; x_wconf 88' lang='lat' dir='ltr'>atque</span> <span class='ocrx_word' id='word_1_115' title='bbox 451 3738 549 3804; x_wconf 90' lang='lat' dir='ltr'>altero</span> <span class='ocrx_word' id='word_1_116' title='bbox 570 3743 643 3820; x_wconf 87' lang='lat' dir='ltr'>poet</span> <span class='ocrx_word' id='word_1_117' title='bbox 664 3739 906 3820; x_wconf 86' lang='lat' dir='ltr'>conjunctionem</span> <span class='ocrx_word' id='word_1_118' title='bbox 923 3759 1067 3823; x_wconf 78' lang='lat' dir='ltr'>magnam</span> <span class='ocrx_word' id='word_1_119' title='bbox 1085 3742 1178 3805; x_wconf 88' lang='lat' dir='ltr'>trimn</span> <span class='ocrx_word' id='word_1_120' title='bbox 1199 3744 1385 3824; x_wconf 80' lang='lat' dir='ltr'>superiorum</span> <span class='ocrx_word' id='word_1_121' title='bbox 1395 3743 1432 3807; x_wconf 83' lang='lat' dir='ltr'>¹in</span> 
     </span>
     <span class='ocr_line' id='line_1_19' title="bbox 99 3825 1433 3912; baseline 0.002 -20"><span class='ocrx_word' id='word_1_122' title='bbox 99 3827 232 3912; x_wconf 87' lang='lat' dir='ltr'>principio</span> <span class='ocrx_word' id='word_1_123' title='bbox 245 3829 366 3894; x_wconf 83' lang='lat' dir='ltr'>Arietis</span> <span class='ocrx_word' id='word_1_124' title='bbox 386 3847 440 3892; x_wconf 86' lang='lat' dir='ltr'>eeu</span> <span class='ocrx_word' id='word_1_125' title='bbox 461 3825 520 3891; x_wconf 84' lang='lat' dir='ltr'>fine</span> <span class='ocrx_word' id='word_1_126' title='bbox 534 3828 683 3904; x_wconf 82' lang='lat' dir='ltr'>Piscium,</span> <span class='ocrx_word' id='word_1_127' title='bbox 706 3849 800 3911; x_wconf 87' lang='lat' dir='ltr'>aqua</span> <span class='ocrx_word' id='word_1_128' title='bbox 821 3837 939 3893; x_wconf 84' lang='lat' dir='ltr'>sextum</span> <span class='ocrx_word' id='word_1_129' title='bbox 962 3831 1001 3894; x_wconf 90' lang='lat' dir='ltr'>ab</span> <span class='ocrx_word' id='word_1_130' title='bbox 1024 3831 1096 3895; x_wconf 89' lang='lat' dir='ltr'>orba</span> <span class='ocrx_word' id='word_1_131' title='bbox 1120 3831 1240 3896; x_wconf 89' lang='lat' dir='ltr'>condito</span> <span class='ocrx_word' id='word_1_132' title='bbox 1255 3834 1433 3897; x_wconf 89' lang='lat' dir='ltr'>recurrebat</span> 
     </span>
     <span class='ocr_line' id='line_1_20' title="bbox 99 3911 1431 4006; baseline 0.002 -23"><span class='ocrx_word' id='word_1_133' title='bbox 99 3917 247 3999; x_wconf 82' lang='lat' dir='ltr'>lripdoitas</span> <span class='ocrx_word' id='word_1_134' title='bbox 269 3919 373 4001; x_wconf 83' lang='lat' dir='ltr'>ignea:</span> <span class='ocrx_word' id='word_1_135' title='bbox 397 3916 519 3982; x_wconf 91' lang='lat' dir='ltr'>stellam</span> <span class='ocrx_word' id='word_1_136' title='bbox 533 3917 634 4000; x_wconf 81' lang='lat' dir='ltr'>igitur,</span> <span class='ocrx_word' id='word_1_137' title='bbox 650 3937 726 4000; x_wconf 90' lang='lat' dir='ltr'>quae</span> <span class='ocrx_word' id='word_1_138' title='bbox 741 3919 852 4000; x_wconf 83' lang='lat' dir='ltr'>Meges</span> <span class='ocrx_word' id='word_1_139' title='bbox 866 3911 1010 4002; x_wconf 88' lang='lat' dir='ltr'>perduxit</span> <span class='ocrx_word' id='word_1_140' title='bbox 1024 3921 1064 3985; x_wconf 85' lang='lat' dir='ltr'>ad</span> <span class='ocrx_word' id='word_1_141' title='bbox 1076 3919 1192 3986; x_wconf 75' lang='lat' dir='ltr'>Christi</span> <span class='ocrx_word' id='word_1_142' title='bbox 1205 3941 1366 4006; x_wconf 69' lang='lat' dir='ltr'>praesepe,</span> <span class='ocrx_word' id='word_1_143' title='bbox 1377 3929 1431 3986; x_wconf 86' lang='lat' dir='ltr'>nt·</span> 
     </span>
     <span class='ocr_line' id='line_1_21' title="bbox 100 4006 1433 4091; baseline 0.003 -19"><span class='ocrx_word' id='word_1_144' title='bbox 100 4015 159 4086; x_wconf 83' lang='lat' dir='ltr'>pote</span> <span class='ocrx_word' id='word_1_145' title='bbox 184 4009 306 4072; x_wconf 87' lang='lat' dir='ltr'>biennio</span> <span class='ocrx_word' id='word_1_146' title='bbox 327 4007 528 4091; x_wconf 73' lang='lat' dir='ltr'>antiquiorem</span> <span class='ocrx_word' id='word_1_147' title='bbox 549 4006 713 4071; x_wconf 85' lang='lat' dir='ltr'>nativitate</span> <span class='ocrx_word' id='word_1_148' title='bbox 736 4006 864 4085; x_wconf 81' lang='lat' dir='ltr'>Christi,</span> <span class='ocrx_word' id='word_1_149' title='bbox 886 4009 945 4073; x_wconf 89' lang='lat' dir='ltr'>hac</span> <span class='ocrx_word' id='word_1_150' title='bbox 968 4009 1196 4075; x_wconf 82' lang='lat' dir='ltr'>circumstantia</span> <span class='ocrx_word' id='word_1_151' title='bbox 1216 4020 1341 4078; x_wconf 86' lang='lat' dir='ltr'>nostrae</span> <span class='ocrx_word' id='word_1_152' title='bbox 1362 4011 1433 4077; x_wconf 86' lang='lat' dir='ltr'>hoio</span> 
     </span>
     <span class='ocr_line' id='line_1_22' title="bbox 100 4097 1199 4179; baseline -0.005 -17"><span class='ocrx_word' id='word_1_153' title='bbox 100 4097 193 4162; x_wconf 73' lang='lat' dir='ltr'>mnae</span> <span class='ocrx_word' id='word_1_154' title='bbox 209 4099 305 4162; x_wconf 84' lang='lat' dir='ltr'>luisse</span> <span class='ocrx_word' id='word_1_155' title='bbox 321 4098 562 4179; x_wconf 76' lang='lat' dir='ltr'>comparandam</span> <span class='ocrx_word' id='word_1_156' title='bbox 1196 4131 1199 4140; x_wconf 88' lang='lat'>·</span> 
     </span>
    </p>

    <p class='ocr_par' dir='ltr' id='par_1_11' title="bbox 96 4185 1429 4538">
     <span class='ocr_line' id='line_1_23' title="bbox 173 4185 1427 4271; baseline 0 -18"><span class='ocrx_word' id='word_1_157' title='bbox 173 4187 250 4253; x_wconf 76' lang='lat' dir='ltr'>(ium</span> <span class='ocrx_word' id='word_1_158' title='bbox 264 4187 358 4269; x_wconf 79' lang='lat' dir='ltr'>igitur</span> <span class='ocrx_word' id='word_1_159' title='bbox 373 4185 607 4268; x_wconf 85' lang='lat' dir='ltr'>descriptionem</span> <span class='ocrx_word' id='word_1_160' title='bbox 619 4185 719 4268; x_wconf 84' lang='lat' dir='ltr'>ipsam</span> <span class='ocrx_word' id='word_1_161' title='bbox 733 4185 860 4264; x_wconf 86' lang='lat' dir='ltr'>Stellae,</span> <span class='ocrx_word' id='word_1_162' title='bbox 876 4207 914 4250; x_wconf 85' lang='lat' dir='ltr'>ex</span> <span class='ocrx_word' id='word_1_163' title='bbox 930 4189 1027 4253; x_wconf 87' lang='lat' dir='ltr'>officio</span> <span class='ocrx_word' id='word_1_164' title='bbox 1044 4189 1198 4271; x_wconf 84' lang='lat' dir='ltr'>scriptam,</span> <span class='ocrx_word' id='word_1_165' title='bbox 1214 4189 1295 4255; x_wconf 88' lang='lat' dir='ltr'>Suae</span> <span class='ocrx_word' id='word_1_166' title='bbox 1312 4189 1346 4256; x_wconf 85' lang='lat'>0.</span> <span class='ocrx_word' id='word_1_167' title='bbox 1357 4192 1427 4254; x_wconf 83' lang='lat' dir='ltr'>Ma-</span> 
     </span>
     <span class='ocr_line' id='line_1_24' title="bbox 96 4272 1428 4362; baseline 0.001 -23"><span class='ocrx_word' id='word_1_168' title='bbox 96 4272 158 4354; x_wconf 84' lang='lat' dir='ltr'>jast</span> <span class='ocrx_word' id='word_1_169' title='bbox 177 4285 212 4342; x_wconf 90' lang='grc' dir='ltr'>ιι</span> <span class='ocrx_word' id='word_1_170' title='bbox 235 4275 325 4342; x_wconf 86' lang='lat' dir='ltr'>debui</span> <span class='ocrx_word' id='word_1_171' title='bbox 347 4275 563 4340; x_wconf 87' lang='lat' dir='ltr'>dedicaverim:</span> <span class='ocrx_word' id='word_1_172' title='bbox 592 4275 672 4339; x_wconf 89' lang='lat' dir='ltr'>hano</span> <span class='ocrx_word' id='word_1_173' title='bbox 695 4275 802 4340; x_wconf 86' lang='lat' dir='ltr'>unicae</span> <span class='ocrx_word' id='word_1_174' title='bbox 830 4277 918 4358; x_wconf 87' lang='lat' dir='ltr'>hujus</span> <span class='ocrx_word' id='word_1_175' title='bbox 943 4279 1189 4343; x_wconf 86' lang='lat' dir='ltr'>circumstantiae</span> <span class='ocrx_word' id='word_1_176' title='bbox 1218 4280 1428 4362; x_wconf 83' lang='lat' dir='ltr'>temporariae,</span> 
     </span>
     <span class='ocr_line' id='line_1_25' title="bbox 100 4364 1428 4447; baseline 0 -19"><span class='ocrx_word' id='word_1_177' title='bbox 100 4373 178 4446; x_wconf 86' lang='lat' dir='ltr'>quoto</span> <span class='ocrx_word' id='word_1_178' title='bbox 194 4387 275 4432; x_wconf 89' lang='lat' dir='ltr'>anno</span> <span class='ocrx_word' id='word_1_179' title='bbox 291 4364 410 4431; x_wconf 80' lang='lat' dir='ltr'>Christi</span> <span class='ocrx_word' id='word_1_180' title='bbox 424 4365 543 4428; x_wconf 77' lang='lat' dir='ltr'>fulserit</span> <span class='ocrx_word' id='word_1_181' title='bbox 557 4372 664 4428; x_wconf 89' lang='lat' dir='ltr'>nostra</span> <span class='ocrx_word' id='word_1_182' title='bbox 679 4367 783 4442; x_wconf 89' lang='lat' dir='ltr'>stalla,</span> <span class='ocrx_word' id='word_1_183' title='bbox 804 4365 1050 4444; x_wconf 86' lang='lat' dir='ltr'>elucidationem,</span> <span class='ocrx_word' id='word_1_184' title='bbox 1070 4369 1103 4433; x_wconf 90' lang='lat' dir='ltr'>in</span> <span class='ocrx_word' id='word_1_185' title='bbox 1117 4369 1169 4432; x_wconf 91' lang='lat' dir='ltr'>illo</span> <span class='ocrx_word' id='word_1_186' title='bbox 1184 4389 1252 4434; x_wconf 88' lang='lat' dir='ltr'>meo</span> <span class='ocrx_word' id='word_1_187' title='bbox 1273 4369 1336 4432; x_wconf 91' lang='lat' dir='ltr'>otio</span> <span class='ocrx_word' id='word_1_188' title='bbox 1351 4365 1428 4447; x_wconf 83' lang='lat' dir='ltr'>Sty·</span> 
     </span>
     <span class='ocr_line' id='line_1_26' title="bbox 101 4453 1429 4538; baseline -0.003 -18"><span class='ocrx_word' id='word_1_189' title='bbox 101 4453 169 4520; x_wconf 77' lang='lat' dir='ltr'>risco</span> <span class='ocrx_word' id='word_1_190' title='bbox 184 4457 340 4538; x_wconf 86' lang='lat' dir='ltr'>scriptam,</span> <span class='ocrx_word' id='word_1_191' title='bbox 363 4455 411 4518; x_wconf 91' lang='lat' dir='ltr'>cui</span> <span class='ocrx_word' id='word_1_192' title='bbox 424 4455 526 4535; x_wconf 90' lang='lat' dir='ltr'>potius</span> <span class='ocrx_word' id='word_1_193' title='bbox 541 4456 667 4518; x_wconf 84' lang='lat' dir='ltr'>oderam</span> <span class='ocrx_word' id='word_1_194' title='bbox 681 4473 770 4537; x_wconf 88' lang='lat' dir='ltr'>quam</span> <span class='ocrx_word' id='word_1_195' title='bbox 784 4455 882 4520; x_wconf 83' lang='lat' dir='ltr'>Illust</span> <span class='ocrx_word' id='word_1_196' title='bbox 897 4457 985 4521; x_wconf 81' lang='lat' dir='ltr'>Dona</span> <span class='ocrx_word' id='word_1_197' title='bbox 1000 4459 1092 4534; x_wconf 71' lang='lat' dir='ltr'>lura,</span> <span class='ocrx_word' id='word_1_198' title='bbox 1113 4465 1157 4536; x_wconf 84' lang='lat' dir='ltr'>nt,</span> <span class='ocrx_word' id='word_1_199' title='bbox 1179 4459 1258 4523; x_wconf 90' lang='lat' dir='ltr'>sicut</span> <span class='ocrx_word' id='word_1_200' title='bbox 1272 4457 1332 4521; x_wconf 91' lang='lat' dir='ltr'>illio</span> <span class='ocrx_word' id='word_1_201' title='bbox 1347 4453 1429 4517; x_wconf 88' lang='lat' dir='ltr'>Suae</span> 
     </span>
    </p>
   </div>
   <div class='ocr_carea' id='block_1_11' title="bbox 100 4539 1545 4628">
    <p class='ocr_par' dir='ltr' id='par_1_12' title="bbox 100 4539 1545 4628">
     <span class='ocr_line' id='line_1_27' title="bbox 100 4539 1545 4628; baseline -0.004 -20"><span class='ocrx_word' id='word_1_202' title='bbox 100 4541 245 4625; x_wconf 72' lang='lat' dir='ltr'>dejestati</span> <span class='ocrx_word' id='word_1_203' title='bbox 261 4544 353 4610; x_wconf 84' lang='lat' dir='ltr'>officii</span> <span class='ocrx_word' id='word_1_204' title='bbox 367 4544 442 4618; x_wconf 90' lang='lat' dir='ltr'>mei,</span> <span class='ocrx_word' id='word_1_205' title='bbox 464 4544 508 4607; x_wconf 91' lang='lat' dir='ltr'>sio</span> <span class='ocrx_word' id='word_1_206' title='bbox 521 4544 571 4608; x_wconf 90' lang='lat' dir='ltr'>hio</span> <span class='ocrx_word' id='word_1_207' title='bbox 586 4544 641 4607; x_wconf 92' lang='lat' dir='ltr'>otii</span> <span class='ocrx_word' id='word_1_208' title='bbox 655 4563 711 4626; x_wconf 91' lang='lat' dir='ltr'>per</span> <span class='ocrx_word' id='word_1_209' title='bbox 725 4547 769 4609; x_wconf 80' lang='lat' dir='ltr'>&#39;lc</span> <span class='ocrx_word' id='word_1_210' title='bbox 783 4545 856 4610; x_wconf 85' lang='lat' dir='ltr'>mihi</span> <span class='ocrx_word' id='word_1_211' title='bbox 877 4546 1031 4628; x_wconf 84' lang='lat' dir='ltr'>procurati</span> <span class='ocrx_word' id='word_1_212' title='bbox 1046 4547 1195 4612; x_wconf 85' lang='lat' dir='ltr'>rationem</span> <span class='ocrx_word' id='word_1_213' title='bbox 1217 4547 1271 4611; x_wconf 88' lang='lat' dir='ltr'>tibi</span> <span class='ocrx_word' id='word_1_214' title='bbox 1285 4539 1429 4608; x_wconf 83' lang='lat' dir='ltr'>reddam?</span> <span class='ocrx_word' id='word_1_215' title='bbox 1540 4611 1545 4617; x_wconf 51' lang='grc'><strong>,</strong></span> 
     </span>
    </p>
   </div>
   <div class='ocr_carea' id='block_1_12' title="bbox 101 4630 1431 4970">
    <p class='ocr_par' dir='ltr' id='par_1_13' title="bbox 101 4630 1431 4720">
     <span class='ocr_line' id='line_1_28' title="bbox 101 4630 1431 4720; baseline -0.002 -24"><span class='ocrx_word' id='word_1_216' title='bbox 101 4631 248 4700; x_wconf 61' lang='lat' dir='ltr'>dmdont</span> <span class='ocrx_word' id='word_1_217' title='bbox 268 4633 367 4698; x_wconf 80' lang='lat' dir='ltr'>illust</span> <span class='ocrx_word' id='word_1_218' title='bbox 387 4632 508 4696; x_wconf 80' lang='lat' dir='ltr'>Domita</span> <span class='ocrx_word' id='word_1_219' title='bbox 529 4634 612 4698; x_wconf 84' lang='lat' dir='ltr'>Tuae</span> <span class='ocrx_word' id='word_1_220' title='bbox 632 4633 758 4710; x_wconf 87' lang='lat' dir='ltr'>merita,</span> <span class='ocrx_word' id='word_1_221' title='bbox 781 4653 848 4698; x_wconf 91' lang='lat' dir='ltr'>oum</span> <span class='ocrx_word' id='word_1_222' title='bbox 869 4636 910 4700; x_wconf 90' lang='lat' dir='ltr'>in·</span> <span class='ocrx_word' id='word_1_223' title='bbox 922 4644 1006 4702; x_wconf 84' lang='lat' dir='ltr'>artes</span> <span class='ocrx_word' id='word_1_224' title='bbox 1022 4654 1125 4701; x_wconf 90' lang='lat' dir='ltr'>omnes</span> <span class='ocrx_word' id='word_1_225' title='bbox 1147 4643 1180 4701; x_wconf 86' lang='lat' dir='ltr'>et</span> <span class='ocrx_word' id='word_1_226' title='bbox 1198 4633 1385 4720; x_wconf 89' lang='lat' dir='ltr'>potissimum</span> <span class='ocrx_word' id='word_1_227' title='bbox 1397 4630 1431 4694; x_wconf 91' lang='lat' dir='ltr'>in</span> 
     </span>
    </p>

    <p class='ocr_par' dir='ltr' id='par_1_14' title="bbox 103 4717 1429 4810">
     <span class='ocr_line' id='line_1_29' title="bbox 103 4717 1429 4810; baseline -0.002 -24"><span class='ocrx_word' id='word_1_228' title='bbox 103 4725 305 4792; x_wconf 82' lang='lat' dir='ltr'>astronomiam</span> <span class='ocrx_word' id='word_1_229' title='bbox 326 4721 534 4797; x_wconf 85' lang='lat' dir='ltr'>Braheanam,</span> <span class='ocrx_word' id='word_1_230' title='bbox 555 4731 620 4788; x_wconf 87' lang='lat' dir='ltr'>tum</span> <span class='ocrx_word' id='word_1_231' title='bbox 640 4742 713 4788; x_wconf 80' lang='lat' dir='ltr'>vero</span> <span class='ocrx_word' id='word_1_232' title='bbox 736 4733 769 4788; x_wconf 92' lang='lat' dir='ltr'>et</span> <span class='ocrx_word' id='word_1_233' title='bbox 789 4724 820 4788; x_wconf 92' lang='lat' dir='ltr'>in</span> <span class='ocrx_word' id='word_1_234' title='bbox 843 4743 946 4790; x_wconf 84' lang='lat' dir='ltr'>aarum</span> <span class='ocrx_word' id='word_1_235' title='bbox 961 4727 1093 4792; x_wconf 87' lang='lat' dir='ltr'>cultores</span> <span class='ocrx_word' id='word_1_236' title='bbox 1107 4743 1213 4810; x_wconf 85' lang='lat' dir='ltr'>meque</span> <span class='ocrx_word' id='word_1_237' title='bbox 1227 4723 1303 4787; x_wconf 88' lang='lat' dir='ltr'>adeo</span> <span class='ocrx_word' id='word_1_238' title='bbox 1316 4717 1429 4799; x_wconf 88' lang='lat' dir='ltr'>ipsum:</span> 
     </span>
    </p>

    <p class='ocr_par' dir='ltr' id='par_1_15' title="bbox 101 4805 1431 4970">
     <span class='ocr_line' id='line_1_30' title="bbox 101 4805 1431 4900; baseline -0.008 -18"><span class='ocrx_word' id='word_1_239' title='bbox 101 4819 130 4874; x_wconf 67' lang='grc' dir='ltr'>ιι</span> <span class='ocrx_word' id='word_1_240' title='bbox 147 4833 268 4898; x_wconf 70' lang='lat' dir='ltr'>morum</span> <span class='ocrx_word' id='word_1_241' title='bbox 288 4811 495 4898; x_wconf 86' lang='lat' dir='ltr'>patrocinium</span> <span class='ocrx_word' id='word_1_242' title='bbox 507 4811 540 4877; x_wconf 89' lang='lat' dir='ltr'>in</span> <span class='ocrx_word' id='word_1_243' title='bbox 553 4813 611 4878; x_wconf 84' lang='lat' dir='ltr'>hae</span> <span class='ocrx_word' id='word_1_244' title='bbox 631 4814 776 4897; x_wconf 75' lang='lat' dir='ltr'>Augusta</span> <span class='ocrx_word' id='word_1_245' title='bbox 797 4815 881 4879; x_wconf 80' lang='lat' dir='ltr'>Aula</span> <span class='ocrx_word' id='word_1_246' title='bbox 895 4816 939 4880; x_wconf 90' lang='lat' dir='ltr'>sio</span> <span class='ocrx_word' id='word_1_247' title='bbox 962 4815 1137 4900; x_wconf 79' lang='lat' dir='ltr'>suscepisti,</span> <span class='ocrx_word' id='word_1_248' title='bbox 1159 4823 1194 4878; x_wconf 91' lang='lat' dir='ltr'>ut</span> <span class='ocrx_word' id='word_1_249' title='bbox 1207 4813 1284 4876; x_wconf 85' lang='lat' dir='ltr'>hano</span> <span class='ocrx_word' id='word_1_250' title='bbox 1297 4805 1431 4892; x_wconf 78' lang='lat' dir='ltr'>palmam</span> 
     </span>
     <span class='ocr_line' id='line_1_31' title="bbox 146 4917 1220 4970; baseline -0.002 0"><span class='ocrx_word' id='word_1_251' title='bbox 146 4919 226 4970; x_wconf 66' lang='lat' dir='ltr'>hebd</span> <span class='ocrx_word' id='word_1_252' title='bbox 239 4921 310 4970; x_wconf 64' lang='grc' dir='ltr'>ον’·</span> <span class='ocrx_word' id='word_1_253' title='bbox 323 4917 358 4960; x_wconf 77' lang='lat' dir='ltr'>¹V·</span> <span class='ocrx_word' id='word_1_254' title='bbox 1188 4917 1220 4968; x_wconf 80' lang='lat'>12</span> 
     </span>
    </p>
   </div>
   <div class='ocr_carea' id='block_1_13' title="bbox 0 0 1715 5538">
    <p class='ocr_par' dir='ltr' id='par_1_16' title="bbox 0 0 1715 5538">
     <span class='ocr_line' id='line_1_32' title="bbox 0 0 1715 5538; baseline 0 0"><span class='ocrx_word' id='word_1_255' title='bbox 0 0 1715 5538; x_wconf 95' lang='lat' dir='ltr'> </span> 
     </span>
    </p>
   </div>
  </div>
 </body>
</html>
