3406 5542
261 291 327 360 340
764 309 805 363 De
817 311 889 362 Auno
900 309 987 362 natm
996 307 1101 384 cursu,

260 475 366 520 accan
380 455 514 540 infante
529 448 621 535 (puta
635 453 789 516 Herodem
803 453 1015 534 Antipatrum,
1040 451 1105 533 eJ'us
1119 393 1224 527 lilium,
1244 451 1293 532 qui
1308 459 1345 514 ut
1359 449 1417 512 sibi
1433 449 1544 552 suisque
1560 451 1589 512 iu

261 563 368 607 securo
390 552 475 606 esset
498 543 649 606 successio
670 544 757 624 regni
775 543 926 617 Judaeae,
950 549 1070 623 patrem
1092 540 1263 622 instigavit,
1288 547 1323 602 ut
1344 540 1428 621 prius
1448 539 1478 600 in
1496 557 1590 616 nepam

260 634 389 696 filiorum
403 631 573 695 Alexandri
588 638 622 694 et
636 630 820 706 Aristobuli,
839 631 883 694 sic
898 651 977 694 nuuc
996 631 1088 694 etiam
1102 629 1206 713 procul
1222 629 1311 692 dubio
1328 629 1368 691 ad
1383 647 1487 691 necem
1499 626 1589 690 infau-

260 730 326 785 tum
339 715 666 804 Bethleemiticorum),
682 740 822 784 reversus
840 728 889 784 est
904 740 942 783 ex
957 722 1116 802 Aegypto,
1131 717 1347 782 habitaturus
1338 737 1370 780 m
1383 715 1543 780 Judaea
1521 735 1591 778 cuca

258 811 420 876 Bethleem
425 830 435 886 ;
450 810 482 874 in
497 811 637 891 ingressu
652 829 725 880 vero
740 811 877 874 Judaeae
892 809 1020 890 primum
1035 809 1153 884 didicit,
1168 807 1353 872 Archelaum
1367 805 1497 869 Herodis
1511 805 1592 868 ilium

260 901 396 965 obtinere
406 897 555 976 iudaeam
560 919 570 975 ;
586 899 744 982 timuitque
760 900 812 963 illo
827 899 880 960 ire.
908 898 1012 963 Causa
1027 897 1070 962 dli
1085 907 1184 960 metus
1200 899 1261 962 ista
1276 897 1368 959 fuisse
1383 895 1515 958 videtur:
1530 901 1592 976 pcst

259 998 388 1064 mortem
402 988 545 1064 Herodis,
560 989 659 1052 tribus
675 990 740 1070 ejus
754 988 824 1052 filiis
838 987 968 1051 Romam
983 988 1138 1069 profectis,
1153 986 1256 1050 multis
1271 985 1470 1049 seditionibus
1484 984 1593 1048 Judaea

260 1079 318 1142 fuit
333 1077 468 1159 bgitata3
485 1078 565 1140 iuter
581 1085 701 1141 ceteros
717 1097 871 1142 servorum
886 1077 1017 1142 Herodis
1031 1097 1109 1140 unus
1125 1075 1230 1140 Simon
1246 1094 1279 1138 se
1294 1093 1397 1155 regem
1412 1073 1501 1148 fecit,
1515 1091 1593 1154 quem

259 1167 412 1250 oppressit
428 1165 594 1238 Quintilius
610 1166 713 1230 Varus
728 1167 836 1250 Syriae
852 1185 987 1248 praeses,
1003 1172 1039 1230 ut
1053 1177 1201 1230 consensu
1216 1163 1343 1228 tradunt
1357 1163 1483 1227 Tacitus
1499 1169 1531 1224 et
1542 1162 1593 1224 Jo-

259 1257 380 1360 sophus.
425 1255 598 1320 Archelaus
625 1255 718 1351 igitur
739 1256 839 1320 Roma
862 1275 1004 1319 reversus
1027 1275 1077 1318 res
1100 1257 1242 1318 turbatas
1264 1253 1380 1316 invenit
1402 1253 1489 1334 eique
1508 1251 1594 1314 multa

258 1346 383 1426 negotia
398 1346 522 1408 fuerunt
537 1345 674 1409 exhibita
689 1368 709 1410 a
713 1341 852 1409 diversis
868 1345 1039 1420 seditiosis,
1065 1345 1114 1426 qui
1136 1344 1252 1428 passim
1267 1342 1429 1418 exstitere,
1452 1357 1594 1424 quousque

258 1436 501 1516 exstirparentur
518 1453 632 1497 omues.

343 1525 411 1588 Nec
426 1524 565 1587 absimile
580 1541 669 1599 vero,
691 1524 772 1587 inter
788 1533 907 1588 ceteros
922 1523 1016 1586 fuisse
1032 1531 1065 1586 et
1077 1522 1235 1586 Theudam
1248 1477 1347 1595 illum,
1369 1521 1406 1583 de
1429 1538 1488 1624 quo
1503 1515 1595 1581 Rabbi

257 1611 410 1677 Gamaliel
427 1607 544 1692 (Lucae
561 1609 607 1696 b.)
623 1613 763 1694 loquitur,
778 1614 908 1694 priorem
924 1613 1008 1677 illum
1023 1613 1138 1688 faciens
1152 1611 1234 1674 luda
1244 1609 1393 1685 Galliaco,
1409 1627 1461 1714 qpr
1452 1608 1596 1682 'dicebat

257 1723 290 1765 se
307 1721 375 1765 esse
391 1703 538 1784 aliquem,
559 1704 618 1765 hoc
634 1709 698 1778 est,
720 1703 771 1785 qui
787 1721 820 1766 se
835 1722 890 1784 pro
905 1702 1056 1784 propheta
1070 1699 1258 1776 venditavit,
1280 1699 1458 1762 sanctitatis
1474 1698 1596 1778 aliquam

257 1791 389 1873 speciem
403 1810 477 1873 prae
494 1812 527 1856 se
543 1791 623 1868 tulit,
639 1792 715 1855 adeo
732 1793 861 1874 quidem,
875 1799 911 1856 ut
921 1786 1072 1856 Gamaliel
1085 1791 1165 1853 hunc
1178 1790 1258 1854 inter
1268 1788 1480 1871 etApostolos
1490 1784 1597 1850 Christi

258 1882 517 1962 comparationem
540 1881 732 1944 institueret:
764 1883 844 1962 quod
866 1881 965 1944 locum
990 1901 1050 1944 nou
1074 1879 1246 1943 habebat
1236 1897 1270 1941 ιι
1296 1877 1452 1940 seditiosis
1475 1875 1595 1938 ceteris:

257 1989 350 2052 quare
367 1989 463 2053 neque
479 1971 615 2032 meminit
630 1970 756 2034 aliorum
772 1970 933 2034 Gamaliel.
969 1970 1046 2035 Cum
1059 1969 1153 2050 igitur
1167 1968 1217 2031 hic
1231 1967 1367 2030 Judaeae
1383 1963 1488 2030 status
1504 1971 1597 2038 essct;

257 2077 324 2122 cum
337 2058 491 2142 Josephus
508 2079 574 2122 cum
588 2059 714 2140 puerulo
728 2057 828 2124 Jcsu
819 2081 850 2122 ru
858 2067 953 2123 tanto
977 2067 1083 2122 essent
1103 2058 1251 2141 periculo,
1274 2075 1312 2119 ue
1334 2059 1470 2120 ιοιιιιιι
1492 2053 1596 2136 prode·

255 2156 377 2225 rentur;
395 2167 462 2212 cum
477 2149 722 2231 essetJosephua
738 2149 795 2213 sibi
811 2151 958 2224 conscius,
973 2167 1058 2230 pueri
1050 2149 1147 2212 Jesu
1164 2165 1256 2210 causa
1271 2151 1320 2208 tot
1334 2146 1470 2208 infectas
1487 2163 1545 2207 ucu
1557 2141 1600 2204 ita

255 2238 395 2342 pridem'
387 2257 418 2300 ιιι
433 2256 508 2319 agro
523 2238 757 2302 Bethleemitico
773 2239 866 2302 fuisse
881 2247 1050 2302 mactatos:
1066 2255 1127 2300 non
1141 2237 1263 2319 putavit
1279 2233 1451 2298 consultum
1466 2232 1598 2296 habitare

255 2329 288 2390 in
304 2328 417 2390 ditione
433 2327 588 2402 Archelai,
605 2329 651 2390 cui
667 2347 716 2391 ιιι
732 2329 841 2392 infidae
857 2336 907 2391 tot
922 2328 1119 2410 suspiciones,
1135 2334 1184 2389 tot
1197 2325 1407 2407 grassationes
1421 2323 1598 2396 suadereut;

257 2417 444 2498 omniumque
469 2416 588 2478 minime
615 2417 646 2480 in
667 2417 900 2480 Bethleemitico
923 2417 1077 2480 territorio
1102 2416 1259 2480 considere
1281 2413 1396 2496 potuit,
1424 2421 1462 2475 ut
1485 2413 1518 2475 in
1537 2411 1597 2474 loco

257 2506 352 2570 caede
368 2513 417 2568 tot
432 2506 582 2568 infantum
598 2515 772 2570 cruentato:
798 2525 835 2570 ne
852 2507 971 2588 quaudo
995 2513 1027 2569 et
1042 2525 1116 2588 puer
1129 2505 1236 2581 Jesus,
1258 2504 1384 2584 vulgato
1406 2502 1475 2583 ejus
1499 2499 1600 2574 reditu,

254 2601 415 2676 raperetur
431 2595 471 2657 ad
487 2596 620 2658 caedem.
656 2593 758 2667 Quare
780 2615 847 2660 cum
868 2597 972 2658 locum
990 2596 1080 2658 alium
1102 2593 1354 2675 circumspiceret,
1367 2591 1543 2654 admonitus
1557 2595 1601 2650 est

254 2685 287 2747 in
302 2685 415 2746 somnis
433 2685 470 2746 de
488 2685 598 2765 oppido
615 2686 772 2749 Nasareth
790 2685 964 2760 Galilaeae,
985 2684 1088 2766 patria
1102 2684 1220 2746 Mariae
1241 2682 1298 2746 sibi
1314 2683 1538 2762 desponsatae,
1555 2675 1600 2740 ubi

256 2781 344 2836 eraut
359 2773 441 2836 illius
455 2781 601 2856 parentes
617 2783 650 2837 et
666 2775 800 2879 cognati·
841 2776 887 2838 Εο
906 2775 1001 2856 igitur
1019 2775 1175 2857 profectus
1194 2790 1360 2853 nomenque
1374 2771 1535 2852 professus
1550 2767 1599 2830 sub

254 2861 378 2926 Herode
394 2863 554 2926 tetrarcha
570 2863 702 2938 desiit
677 2865 750 2928 crvis
765 2863 1018 2928 Bethleemiticus
1033 2862 1153 2927 haberi:
1171 2881 1262 2946 quare
1277 2867 1351 2944 post
1365 2879 1465 2922 annos
1482 2859 1600 2940 aliquot

225 2999 230 3010 ,
255 2972 334 3015 anno
352 2971 393 3015 sc.
410 2952 469 3027 51,
491 2952 565 3015 nihil
588 2953 627 3016 ad
648 2954 747 3035 ipsum
767 2955 914 3036 pertinuit
936 2973 1045 3017 causus
1060 2971 1115 3034 per
1128 2952 1278 3015 Judaeum
1292 2957 1394 3025 actus,
1415 2947 1479 3012 nisi
1499 2947 1539 3010 ad
1555 2947 1602 3026 jus

256 3059 398 3124 agrorum
412 3041 633 3122 gentilitiorum
647 3043 833 3123 postliminio
849 3043 997 3106 voluisset
1012 3041 1139 3117 reverti,
1161 3042 1240 3123 quod
1262 3059 1322 3103 uou
1336 3039 1468 3120 legimus
1486 3038 1601 3100 factum.

222 3155 226 3164 ·
345 3128 405 3202 Qui
421 3130 500 3196 hanc
515 3131 690 3212 pericopam
712 3131 897 3196 narrationis
912 3131 1039 3214 Josephi
1062 3131 1099 3194 de
1123 3149 1215 3194 censu
1238 3128 1366 3201 Quirinii
1387 3136 1464 3209 post
1484 3125 1602 3190 Arche-

256 3220 359 3283 ιιιιιιΙ
351 3239 383 3283 ιι
399 3219 457 3282 duo
475 3219 682 3284 diversissima
697 3229 836 3304 tempora
851 3221 1086 3302 dispertiuntur,
1109 3219 1132 3282 ιι
1148 3217 1283 3283 suaviter
1298 3218 1468 3292 somniant,
1494 3212 1602 3296 indigui

84 3361 85 3364 ,
153 3385 155 3390 Ι
255 3310 288 3373 ιι
304 3325 429 3390 quorum
443 3309 562 3373 naeniis
584 3311 753 3375 refutandis
775 3317 894 3394 tempus
919 3311 1091 3376 collocetur.
1136 3309 1223 3372 Satis
1247 3306 1439 3371 evidentibus
1462 3303 1603 3368 limitibus

255 3398 409 3479 Josephus
424 3405 583 3480 utrumque
599 3407 719 3481 tempus
735 3400 889 3504 dissepsit
919 3401 955 3462 In
971 3397 1174 3480 descriptione
1187 3399 1294 3478 priori,
1314 3397 1370 3459 sub
1384 3415 1447 3477 qua
1463 3394 1603 3460 Christus

256 3495 348 3550 uatus
349 3487 574 3568 ,juramentum
581 3489 646 3552 ruit
661 3497 811 3565 exactum,
825 3491 857 3552 in
876 3490 976 3552 altera
989 3496 1061 3570 post
1073 3486 1258 3552 Archelaum
1273 3487 1418 3550 tributum
1435 3485 1518 3548 fuit
1508 3499 1604 3564 rmpo·
1632 3487 1633 3492 ’

258 3576 358 3639 situm.
403 3577 470 3641 Illic
486 3577 717 3658 pharisaeorum
732 3599 788 3642 sex
803 3579 897 3642 millia
912 3584 1091 3641 recusarunt
1101 3577 1319 3658 jurameutum,
1341 3574 1389 3638 hic
1410 3573 1603 3656 pseudopro-

257 3664 352 3748 pheta
366 3664 464 3728 Judas
481 3685 520 3729 ex
536 3665 743 3731 Gaulanitidis
759 3667 868 3750 oppido
886 3667 1019 3731 Gamala
1033 3667 1177 3748 opposuit
1191 3685 1224 3729 ιι
1240 3667 1354 3730 tributo
1371 3670 1404 3726 et
1418 3681 1515 3726 unum
1529 3661 1603 3744 pha-

259 3753 391 3817 risaeum
406 3754 604 3818 Sadducum'
595 3775 627 3819 m
641 3765 747 3840 partes
763 3777 834 3820 suas
848 3756 1009 3839 pertraxit,
1024 3755 1085 3819 illis
1102 3757 1239 3836 irrogata
1254 3754 1349 3818 multa
1358 3752 1546 3834 pecuniaria,
1559 3749 1605 3811 hic

259 3862 423 3946 oppressus
439 3851 472 3906 et
487 3863 595 3910 caesus
612 3853 661 3908 est
676 3865 743 3910 cum
758 3846 1009 3910 adhaerentibus:
1030 3845 1090 3908 illic
1105 3845 1242 3926 pontifex
1259 3851 1326 3907 erat
1340 3841 1510 3917 Matthias,
1530 3851 1605 3904 uou-

259 3933 329 3996 dum
351 3932 460 4014 quippe
484 3943 665 4015 aegrotante
689 3955 761 4017 rege
782 3934 922 4011 Herode,
944 3935 993 3998 hio
1015 3934 1152 4016 pontifex
1169 3933 1226 3998 fuit
1239 3934 1402 4007 Joararus,
1426 3937 1605 4011 surrogatus

192 4046 196 4055 ·
260 4021 390 4103 primum
404 4021 558 4086 Matthiae
572 4025 612 4087 ab
627 4025 765 4100 Herode,
786 4031 859 4106 post
879 4025 947 4088 loco
969 4032 1070 4088 motus
1087 4024 1125 4087 ab
1139 4022 1340 4087 Archelaum
1355 4021 1493 4125 gratiam
1507 4014 1605 4100 populi

258 4111 403 4191 petentis,
420 4129 458 4173 ex
474 4131 532 4214 quo
547 4113 658 4176 iterum
672 4114 788 4196 potitus
805 4123 853 4178 est
868 4113 1028 4194 dignitate,
1043 4133 1074 4176 ιι
1065 4112 1178 4176 fallor
1193 4113 1251 4175 hac
1266 4113 1434 4184 occasione,
1451 4109 1606 4192 quodcum

257 4201 406 4282 primores
422 4200 524 4280 gentis
539 4202 725 4266 Archelaum
741 4211 939 4268 accusassent
953 4201 1130 4284 injustitiae,
1143 4202 1292 4264 Joaaarus
1306 4201 1365 4264 iste
1380 4199 1491 4280 procul
1510 4196 1605 4269 dubio,

258 4297 295 4352 ut
309 4291 390 4352 inter
404 4289 552 4370 primores
562 4291 631 4373 J'qre
648 4293 692 4355 sic
706 4293 865 4356 voluntate
880 4291 973 4356 etiam
988 4293 1068 4356 inter
1084 4299 1278 4354 accusatores
1294 4291 1358 4364 fuit,
1373 4287 1490 4369 injusta
1506 4306 1539 4350 se
1553 4285 1605 4348 de-

255 4377 371 4460 jectum
387 4397 455 4442 esse
472 4377 509 4442 de
525 4379 704 4462 pontificatu
720 4387 862 4464 questus;
878 4383 1081 4464 damnatoque
1089 4379 1243 4444 Archelao
1258 4379 1419 4443 restitutus
1436 4385 1489 4440 est
1503 4391 1604 4438 sacer-

260 4467 343 4532 dotio
361 4459 516 4550 suasitque
531 4470 658 4551 populo,
680 4478 716 4533 ut
737 4471 815 4535 colla
829 4471 992 4534 Romano
979 4489 1054 4553 Jugo
1071 4469 1242 4533 subderent.
1288 4467 1358 4540 Qua
1372 4468 1409 4531 de
1425 4485 1524 4530 causa
1543 4479 1606 4526 cum

260 4557 450 4621 exarsisset
441 4578 473 4620 m
487 4559 586 4640 ipsum
600 4560 703 4641 populi
718 4561 813 4636 furor,
829 4558 983 4632 Quirinius
1000 4557 1182 4624 sanciendae
1197 4559 1283 4640 pacis
1299 4577 1392 4622 causa
1408 4553 1567 4620 secundo
1558 4569 1609 4632 rp-

260 4665 326 4710 aum
341 4645 491 4728 dignitate
506 4647 647 4728 privavit

347 4736 396 4800 De
419 4734 672 4820 descriptionibus
693 4739 787 4820 igitur
807 4703 966 4802 Saturnini
987 4744 1020 4802 et
1043 4734 1171 4810 Quirinii
1194 4754 1245 4800 res
1268 4743 1317 4800 ιιι
1337 4733 1454 4818 liquida
1475 4731 1605 4812 nihilque
