3428 5542
245 273 310 344 200
665 289 769 344 loannis
780 289 884 356 Kepleri
896 289 965 344 ecre
977 277 1158 360 chronologica.
1252 253 1253 258 ἵ

334 434 410 502 (lum
433 453 505 518 ergo
527 435 648 510 rideas,
668 434 790 526 Julieuo
816 434 888 499 110.
909 435 1060 500 numerari
1081 433 1165 515 Majo
1188 444 1291 499 meuse
1318 433 1451 499 Neronis
1469 432 1531 508 12,
1551 451 1589 495 ne

244 533 343 610 putes,
359 534 504 610 sequente
522 526 571 589 13.
581 523 734 601 Octobris,
750 524 800 607 qui
808 525 923 588 Ne'roni
937 525 996 587 luit
1009 522 1096 606 regni
1110 525 1233 601 natulis,
1254 543 1365 588 uorum
1378 523 1456 588 inire
1470 541 1590 597 annum

245 636 315 681 ecee
332 614 470 699 sequenti
484 612 647 680 Novembri
663 613 761 678 adhuc
778 615 827 677 12.
842 613 974 677 Neronis
996 614 1046 677 lib.
1061 613 1100 678 ll
1116 633 1141 676 e.
1159 613 1281 678 24..·A0
1301 632 1420 678 rursum
1435 631 1474 677 ne
1489 618 1591 694 putes,

246 725 338 790 supra
353 703 549 785 menseMajo
571 703 681 768 vitiose
699 704 748 766 12.
764 703 910 785 scriptum
925 722 980 784 pro
998 703 1054 778 11,
1077 721 1148 765 ecce
1162 703 1244 766 lulio
1261 703 1416 785 sequentis
1433 701 1506 765 anni
1518 700 1590 763 111.

243 795 359 861 Juliaui
369 795 435 876 jam
449 794 480 858 N
481 792 580 856 aronis
598 793 647 858 13.
662 791 712 856 lib.
722 793 776 856 ΠΙ.
793 812 818 856 e.
830 793 878 856 13.
911 791 1091 858 Certissima
1106 791 1200 873 igitur
1214 794 1291 857 haec
1305 792 1385 858 ratio
1401 790 1545 874 computi

773 1057 822 1132 11.
842 997 1058 1132 remoneo.

330 1238 459 1320 lemque
474 1255 535 1302 uon
550 1241 670 1300 tentum
686 1236 848 1320 exemplar,
865 1237 920 1300 sed
933 1237 1010 1300 haee
1024 1236 1092 1318 ipse
1107 1254 1224 1320 quoque
1237 1235 1407 1318 praemissa
1422 1235 1589 1302 admonitio

242 1335 311 1395 erat
326 1323 511 1411 perscripto:
536 1345 602 1390 curn
618 1345 688 1390 ecce
704 1327 767 1390 otio
784 1327 857 1390 dato
872 1327 1038 1408 importem
1053 1327 1216 1390 secundnm
1229 1325 1325 1390 libelli
1334 1325 1494 1392 Laurentii
1509 1325 1588 1392 Sus-

240 1422 331 1503 lygae
346 1416 463 1493 incido,
484 1416 584 1500 ibique
606 1435 676 1498 pag.
693 1415 957 1482 temeratione
975 1416 1024 1479 14.
1047 1437 1107 1480 non
1129 1421 1249 1480 mutum
1269 1417 1328 1479 hoo
1342 1416 1441 1498 ipsum
1456 1417 1587 1492 axioma.

242 1507 322 1594 quod
337 1515 387 1571 tot
402 1507 548 1589 exemplis
566 1506 707 1595 defendo,
731 1507 785 1568 sed
807 1515 839 1569 et
854 1505 911 1570 hoe
926 1506 1024 1586 ipsum
1046 1507 1215 1587 exemplum
1231 1506 1268 1568 de
1284 1525 1362 1569 enno
1381 1507 1430 1568 12.
1453 1507 1588 1570 Neronis

242 1597 371 1662 invenio.
417 1598 482 1672 Ait,
496 1596 620 1679 probari
635 1596 771 1678 regulam
785 1596 865 1659 hano
880 1614 918 1657 ex
933 1595 1163 1678 triumphalibus
1179 1595 1292 1658 tabulis
1303 1595 1496 1677 Capitolinis,
1510 1597 1588 1662 Dio-

242 1689 315 1752 doro
332 1686 445 1764 Siculo,
460 1685 607 1769 Dionysio
623 1685 868 1761 Halieamaeseo‚
884 1684 917 1748 S.
932 1685 1127 1767 Hieronymo,
1139 1685 1288 1760 Eusebio,
1307 1684 1435 1767 denique
1451 1685 1588 1750 omnibus

241 1777 405 1843 historicis.
437 1775 472 1840 Si
486 1776 536 1840 vel
552 1794 608 1856 ego
623 1776 700 1840 haee
715 1782 788 1839 ante
804 1775 946 1857 legissem
960 1776 1099 1858 lectaque
1114 1775 1289 1851 tenuissem,
1308 1774 1357 1838 vel
1372 1773 1509 1858 Suslyga
1522 1776 1588 1856 ipse

241 1867 347 1950 regula
361 1867 420 1930 hec
436 1885 491 1929 sua
505 1866 537 1930 iu
552 1865 639 1928 annis
648 1865 781 1932 Herodis
796 1866 905 1928 fuisset
919 1884 1000 1941 usus,
1015 1865 1079 1928 fieri
1089 1865 1241 1946 potuisset
1249 1883 1360 1946 operae
1370 1865 1587 1947 compendium

240 1959 329 2022 Nunc
345 1956 416 2039 qnid
430 1962 546 2031 restat,
567 1955 625 2018 nisi
640 1961 676 2018 ut
691 1963 723 2018 et
738 1974 794 2037 ego
811 1955 1012 2037 suspicionem
1026 1954 1141 2018 fraudis
1149 1951 1318 2036 ‘depreoen
1338 1954 1501 2038 potiusque
1516 1955 1585 2037 pul·

213 2116 217 2132 ,
243 2048 347 2111 chrum
361 2045 435 2108 illud
449 2045 605 2119 inculcem,
621 2045 748 2109 diversis
765 2045 871 2108 eodem
886 2044 1046 2108 convenire
1060 2045 1132 2107 viis:
1156 2051 1189 2108 et
1201 2051 1238 2108 ut
1251 2043 1435 2110 Laurentius
1451 2041 1588 2127 Suslyga

242 2137 368 2200 suismet
381 2136 494 2218 regulis
510 2154 543 2198 se
557 2134 656 2216 ipsum'
671 2136 808 2211 edoceat
822 2134 975 2198 Herodem
996 2141 1146 2198 mortuum
1161 2153 1221 2198 non
1236 2135 1287 2198 43.
1310 2133 1366 2196 sed
1381 2134 1586 2198 casulano:

241 2227 343 2310 itaque
360 2225 397 2288 de
413 2226 460 2288 die
476 2222 618 2288 natalitio
634 2223 749 2288 Christi
765 2219 803 2288 de
818 2244 896 2290 novo
912 2224 1074 2287 deliberet:
1099 2243 1186 2306 quem
1201 2224 1338 2305 equidem
1353 2223 1404 2286 ille
1421 2223 1586 2306 aJosepho

242 2293 398 2398 Sholigero
418 2314 583 2396 productus
597 2313 812 2398 iatetepopoc,
836 2333 913 2379 anuo
929 2314 980 2378 40.
995 2313 1116 2378 Juliano
1131 2313 1163 2377 in
1176 2313 1299 2378 lunium
1313 2314 1362 2376 vel
1376 2305 1587 2392 Decembrem,

241 2424 320 2470 anuo
334 2423 408 2472 vero
423 2405 474 2468 41.
487 2405 520 2468 in
535 2403 672 2486 Aprilem
686 2405 735 2468 vel
751 2405 917 2468 Octobrem
931 2405 1025 2467 relert
1040 2402 1079 2467 ab
1094 2403 1248 2477 encaeniis
1262 2401 1463 2468 Macchabaei
1480 2421 1585 2468 aecer-

242 2494 333 2560 situs:
356 2494 395 2558 eb
411 2495 490 2558 irruo
505 2513 578 2558 vero
595 2495 624 2558 2.
638 2496 832 2561 monarchiae
849 2493 930 2578 cyri,
946 2500 1066 2558 tautum
1081 2493 1101 2557 b
1118 2493 1224 2557 diebus
1240 2493 1338 2556 aliter.

809 2794 1018 2861 FINIS.
