3412 5538
206 249 267 321 111
338 195 340 204 Α
679 265 785 332 uepres
795 265 1071 334 ,1111111111

201 417 384 500 Josephum,
405 415 578 489 Philonem,
601 409 699 493 Sedet
715 409 821 486 Olam,
842 410 970 492 indeque
992 429 1086 491 penes
1101 409 1265 480 Eusebium
1287 417 1319 476 et
1341 401 1380 475 'ab
1404 430 1441 475 eo
1456 431 1551 493 penes

203 527 308 572 omnes
334 505 577 572 Christianorum
608 499 810 582 chronologos
840 499 1033 564 foedissimae
1063 501 1253 564 exorirentur
1283 499 1489 566 dissensiones
1519 508 1553 565 et
1617 537 1628 548 ·

201 588 1055 764 1111111ἲέ111111111111111111
1066 588 1551 761 attttlttltllt

201 708 233 752 ru
268 708 277 748 1
1543 727 1552 756 ,

204 776 352 840 servitute
368 769 411 843 70
428 790 574 836 annorum
594 771 717 852 penitus
733 768 894 851 oppressi«
916 768 1056 850 Dispersi
1072 777 1174 833 autem
1193 770 1224 833 in
1240 769 1408 851 spatiosam
1423 771 1551 852 provin-

202 867 281 930 ciam
303 864 506 946 agriculturae
530 859 679 924 dederunt
700 878 831 940 operam.
877 855 993 938 Secuta
1014 867 1086 922 sunt
1110 859 1253 922 contium
1277 860 1339 923 lere
1363 860 1446 923 bella
1470 860 1551 924 inter

201 956 316 1020 Persas
335 959 367 1016 et
380 949 554 1034 Aegyptios
577 958 610 1013 et
632 948 805 1014 creberrimi
826 947 975 1012 transitus
998 949 1185 1012 exercituum
1200 949 1391 1014 Persicorum
1406 967 1550 1014 numero-

203 1045 391 1108 sissimorum
404 1061 458 1124 per
467 1039 664 1104 Phoenicium
679 1044 712 1102 et
725 1039 883 1102 Judacam.
913 1038 1021 1118 Itaque
1035 1037 1153 1101 Esdras
1170 1039 1225 1102 sub
1239 1039 1417 1103 Artaxerxe
1432 1039 1551 1104 damma

202 1133 363 1198 historiam
385 1153 404 1194 a
423 1130 525 1195 reditu
546 1147 711 1210 eggressus
734 1127 843 1209 oppido
863 1145 961 1208 pauca
977 1126 1159 1190 documenta
1180 1136 1372 1209 comportare
1394 1129 1499 1211 potuit
1513 1129 1552 1192 ad

198 1242 263 1287 rem
277 1222 471 1304 pertinentia,
486 1219 685 1300 videnturque
701 1218 888 1290 sacerdotes,
904 1217 953 1298 qui
969 1223 1041 1297 post
1054 1216 1187 1280 Esdram
1203 1218 1333 1294 luerunt,
1349 1217 1549 1282 intersevisse

202 1312 303 1394 aliqua
319 1311 358 1374 ab
367 1311 469 1374 Esdra
477 1308 704 1390 praetermissa,
719 1307 774 1370 sed
782 1306 850 1370 loco
859 1325 919 1370 uon
936 1325 999 1370 suo.
1027 1303 1138 1378 Qualia
1153 1307 1257 1372 eunti.
1267 1308 1340 1372 Esd.
1350 1307 1382 1384 4,
1399 1328 1427 1370 v.
1438 1305 1548 1386 6-23

202 1396 577 1479 9,1.8,9,Π,9.1.36.
632 1405 634 1410 “
1246 1463 1249 1472 ,

289 1491 368 1555 Nab.
384 1487 457 1552 228.
479 1487 557 1551 Red.
574 1485 624 1549 18.
653 1487 762 1550 Mense
778 1504 803 1547 c.
819 1483 839 1549 9
854 1483 1018 1548 verisimile
1034 1491 1092 1561 est,
1115 1485 1276 1549 advenisse
1291 1482 1427 1550 ludaeos
1442 1485 1549 1568 Baby-

200 1581 299 1645 lonios
324 1598 392 1643 cum
404 1578 543 1656 Joacimo
566 1568 766 1657 (1111111111),
788 1575 895 1655 quibus
910 1573 976 1655 agri
992 1574 1105 1638 deserti
1122 1583 1193 1640 sunt
1214 1576 1351 1640 concessi
1373 1583 1405 1638 et
1421 1575 1552 1639 castella
1600 1597 1606 1602 ·

203 1665 273 1751 (III.
288 1669 362 1732 uso,
382 1668 417 1744 4,
439 1661 499 1748 50)
520 1665 700 1729 immunibus
724 1664 816 1727 etiam
839 1683 986 1728 concessa
1003 1657 1070 1746 (49,
1093 1659 1162 1746 53).
1200 1665 1286 1728 Idem
1305 1666 1427 1728 videtur
1441 1672 1551 1729 notare

201 1759 387 1834 Herodotus,
401 1756 451 1840 qui
466 1762 606 1820 numerat
620 1754 817 1818 Phoenicium
839 1760 872 1816 et
886 1751 1021 1836 Syriam,
1044 1774 1119 1836 quae
1134 1755 1316 1819 Palaestina
1330 1755 1450 1831 dicitur,
1473 1761 1507 1817 11
1520 1754 1551 1818 iu
1569 1815 1573 1820 .

203 1869 240 1914 ea
253 1848 392 1914 mabam
407 1853 530 1928 gentem
545 1844 620 1908 dicit
633 1844 762 1907 liberam
776 1865 795 1906 a
810 1843 925 1907 tributo
941 1843 1044 1907 luisse.

291 1935 368 2002 Cum
383 1936 438 2000 IlI.
452 1934 571 1998 Esdrae
588 1929 744 1996 confundit
758 1933 920 1997 historiam
933 1952 972 1996 ex
987 1935 1011 1996 I.
1025 1932 1099 1996 Esd.
1121 1940 1153 1996 et
1167 1933 1245 1997 libro
1260 1934 1427 1998 Nehemiae
1443 1941 1549 1998 traus-

103 2027 107 2034 '
202 2028 356 2110 scriptam,
378 2026 457 2088 hanc
471 2025 552 2088 inter
567 2043 677 2088 causas
694 2042 761 2086 esse
778 2029 867 2105 puto,
890 2039 943 2086 cur
957 2022 1107 2086 habeatur
1122 2043 1177 2105 pro
1193 2023 1379 2106 apocrypho.
1407 2023 1551 2088 Pertinet

200 2118 294 2200 igitur
315 2116 354 2180 ad
370 2114 582 2179 certitudinem
603 2113 750 2177 historiae
767 2112 975 2188 considerare,
997 2112 1104 2194 quibus
1120 2113 1330 2177 occasionibus
1346 2119 1416 2178 orta
1431 2113 1552 2178 sitista

148 2218 151 2224 '
203 2205 339 2286 confusio
363 2212 396 2268 et
414 2224 475 2286 qua
496 2203 528 2266 in
549 2209 639 2284 parte
658 2201 729 2266 libri
747 2201 947 2284 potissimum
991 2203 1063 2264 Non
1085 2209 1135 2264 est
1159 2203 1238 2266 euim
1261 2203 1292 2266 in
1316 2203 1381 2266 solo
1400 2202 1480 2268 libro
1495 2203 1550 2266 111.

201 2294 458 2369 manifestissima,
474 2294 530 2356 sed
545 2292 687 2356 adhaesit
702 2292 795 2354 ctiam
809 2291 965 2356 hincinde
980 2291 1068 2356 libris
1082 2291 1200 2356 Esdrae
1220 2300 1253 2356 ct
1266 2291 1434 2358 Nehemiae
1452 2311 1552 2374 geuu-

200 2385 260 2451 inis
276 2385 373 2466 etqui
388 2383 505 2464 recepti
521 2383 638 2446 suntin
654 2400 808 2446 canonem

288 2474 368 2538 Esse
382 2473 476 2555 igitur
490 2472 541 2536 lib.
556 2472 611 2536 Ill
626 2470 700 2534 Esd.
719 2469 916 2552 rhapsodiam
935 2470 1084 2535 historiae
1104 2470 1253 2534 Judaicaa
1273 2477 1363 2554 patet
1386 2471 1494 2534 statim
1515 2490 1554 2534 ex

200 2563 363 2648 principio,
386 2563 466 2644 quod
487 2584 508 2625 a
521 2561 610 2626 Josia
630 2579 703 2642 rege
718 2560 847 2643 petitur,
861 2560 919 2624 ubi
941 2560 1173 2646 transscribitur
1194 2561 1262 2624 linis
1283 2561 1463 2642 posterioris
1483 2559 1553 2624 libri

200 2654 455 2735 Paralipomenon
468 2653 604 2723 (01111111.)
618 2650 657 2714 ad
672 2650 812 2725 verbum,
834 2650 881 2712 cui
897 2650 1054 2732 subjungit
1068 2669 1107 2712 ex
1120 2650 1144 2715 Ι.
1159 2649 1233 2712 Esd.
1250 2669 1315 2732 cap.
1328 2651 1356 2714 1.
1372 2650 1412 2714 ad
1426 2650 1553 2714 verbum

200 2763 297 2827 usque
312 2743 352 2805 ad
366 2763 395 2805 v.
407 2743 457 2806 ll.
503 2739 580 2804 Cum
596 2747 699 2803 autem
712 2739 873 2802 incidisset
887 2740 1058 2822 rhapsodus
1078 2739 1110 2804 in
1123 2740 1318 2804 manifestam
1332 2739 1553 2823 transpositio-

201 2852 272 2896 nem
286 2830 434 2896 historiae
450 2831 481 2894 in
496 2829 573 2893 libro
589 2830 722 2905 Esdrae,
747 2828 859 2900 saltum
879 2829 953 2892 iecit
976 2829 1015 2892 ab
1029 2828 1102 2892 Esd
1121 2830 1149 2906 l,
1163 2849 1192 2891 v.
1211 2830 1249 2892 ll
1273 2830 1305 2894 in
1320 2829 1350 2907 4,
1365 2850 1394 2892 v.
1409 2824 1440 2905 ⁷,
1455 2848 1554 2912 neque

201 2930 306 2986 tamen
320 2920 482 2984 historiam
497 2919 528 2982 in
544 2919 679 2982 ordinem
694 2917 822 2998 redegit
848 2916 926 2982 Cum
940 2918 995 2982 ΠΙ.
1009 2918 1082 2981 Esd
1097 2919 1128 2995 3,
1142 2917 1201 2981 ud
1216 2918 1365 3001 inciperet
1379 2921 1556 3000 catalogum

201 3011 353 3086 reducum,
368 3029 429 3074 non
444 3013 564 3073 tantum
579 3009 655 3084 cxl,
670 3010 690 3072 2
706 3007 820 3090 primos
836 3007 891 3072 sub
902 3006 983 3094 Cyro
1000 3005 1141 3072 reversos
1153 3009 1373 3092 transscripsit,
1389 3009 1445 3072 sed
1460 3009 1556 3073 etiarn

201 3101 272 3165 illos
288 3099 421 3175 addidit,
444 3099 494 3182 qui
517 3099 573 3161 sub
587 3099 683 3161 Dario
707 3116 773 3160 cum
787 3097 935 3161 Joacimo.
982 3095 1150 3162 Consilium
1172 3097 1331 3181 scriptoris
1352 3098 1475 3162 videtur
1496 3099 1554 3164 boc

202 3189 305 3266 luisse,
320 3195 356 3252 ut
371 3207 517 3252 summam
532 3188 649 3251 laceret
671 3204 790 3261 eorum,
812 3187 862 3268 qui
877 3194 1005 3270 utraque
1021 3188 1087 3250 vice
1094 3189 1210 3252 reversi
1226 3196 1304 3252 sunt
1329 3187 1412 3252 Sane
1426 3207 1479 3252 res
1493 3208 1555 3251 non

203 3286 290 3344 caret
304 3278 486 3361 suspicione,
500 3278 582 3341 idem
597 3277 690 3340 etiam
706 3276 863 3340 consilium
875 3277 968 3340 foisse
977 3276 1105 3354 Esdrae,
1121 3279 1226 3353 cumI,
1243 3280 1263 3340 2
1279 3279 1453 3360 catalogum
1468 3296 1556 3342 suum

203 3368 360 3434 scriberet
396 3369 477 3432 Nam
492 3369 551 3430 v.2
567 3365 801 3448 sonatpcrinde
828 3385 864 3429 ac
887 3366 913 3429 ei
935 3367 976 3430 ad
995 3367 1093 3430 minus
1117 3369 1158 3432 10
1174 3367 1316 3432 cohortes
1340 3387 1408 3432 cum
1423 3367 1555 3432 totidem

203 3459 328 3522 ducibus
347 3457 534 3541 totidemque
557 3456 710 3520 distinctis
733 3456 920 3538 temporibus
941 3467 1099 3534 reversae,
1120 3457 1257 3520 inunam
1280 3477 1426 3520 summam
1449 3464 1556 3522 1111111

203 3547 369 3629 conjectae.
393 3545 610 3630 Namvidetur
624 3547 733 3610 ducum
748 3565 825 3610 unus
834 3546 1009 3622 Nehemias,
1022 3546 1065 3609 ibi
1072 3547 1253 3623 nominatus,
1268 3567 1329 3610 non
1344 3548 1453 3610 statim
1466 3547 1555 3612 initio

204 3657 272 3702 cum
287 3635 477 3717 zorobabele
492 3655 649 3712 reversus,
673 3635 728 3712 scd
748 3635 800 3700 ille
814 3636 882 3716 ipse
897 3653 982 3711 esse,
1005 3635 1054 3718 qui
1071 3637 1126 3700 sub
1137 3637 1316 3702 ¹Artaxerxe
1337 3637 1444 3719 procul
1464 3637 1556 3702 dubio

122 3795 129 3802 ,
203 3746 264 3791 non
280 3726 363 3790 solus
379 3725 633 3808 arceuditridque
646 3731 721 3807 post
734 3725 877 3802 Esdram.¹
913 3723 965 3788 Sic
980 3725 1031 3790 ille
1046 3725 1227 3789 Mardochai
1243 3727 1313 3808 quid
1328 3725 1355 3789 si
1370 3733 1500 3808 patruus
1518 3728 1558 3790 sit

185 3816 345 3882 .Estheris
360 3834 539 3897 manumque
555 3815 687 3899 aliquam
701 3814 857 3879 reduxerit
872 3815 927 3879 sub
936 3814 1062 3880 Xerxe?
1076 3815 1120 3878 Et
1135 3813 1260 3896 Serajas
1275 3836 1375 3880 nonne
1390 3816 1557 3880 verisimile

204 3912 254 3968 111
274 3911 394 3988 patrem
408 3903 527 3968 Esdrae
549 3904 658 3981 fuisse,
677 3905 780 3986 illique
799 3923 921 3967 manum
941 3904 1026 3978 illam
1046 3904 1246 3986 adscriptam,
1269 3925 1345 3988 quae
1368 3925 1436 3968 cum
1455 3905 1558 3970 Esdra

203 3993 315 4059 rediit?
346 3991 410 4057 Sed
432 4001 577 4058 maneant
596 3995 661 4058 ista
681 3995 713 4057 in
727 3993 860 4070 incerto,
883 3993 1041 4058 dummodo
1058 3994 1095 4058 dc
1111 3995 1260 4076 scriptore
1273 3994 1344 4059 libri
1365 3995 1420 4060 [[1.
1435 3993 1556 4060 Esdrae

202 4089 334 4159 constet,
349 4083 434 4148 illum
449 4085 550 4148 studio
567 4103 678 4165 augere
693 4083 827 4146 voluisse
843 4103 999 4148 numerum
1013 4085 1178 4165 primorum
1192 4085 1344 4148 reducum
1402 4151 1407 4158 ,

290 4173 362 4237 Jam
376 4192 450 4236 vero
465 4174 515 4238 hic
532 4174 663 4255 scriptor
679 4173 824 4237 oscitavit
842 4173 874 4236 in
889 4174 1148 4250 transscribcudo,
1171 4174 1240 4238 dum
1256 4175 1396 4239 absoluto
1414 4175 1558 4256 catalogo

186 4263 349 4328 -reducum
363 4280 403 4325 ex
417 4262 442 4326 L
456 4262 530 4328 Esd.
545 4263 749 4344 transscripto
764 4262 867 4348 pergit
883 4263 990 4325 eodem
1005 4263 1269 4346 transscriptionis
1285 4271 1392 4326 tenore
1408 4265 1504 4328 etiam
1520 4266 1559 4328 ad

204 4354 229 4417 l.
244 4352 266 4416 3
282 4358 315 4416 et
329 4353 360 4428 4,
375 4371 453 4433 quae
469 4351 631 4416 manifeste
645 4352 803 4434 pertinent
818 4352 858 4414 ad
871 4347 1000 4434 primuni
1014 4353 1155 4416 reditum
1185 4354 1294 4435 ltaque
1309 4352 1442 4433 scriptor
1456 4353 1559 4418 histo-

204 4441 439 4510 riaeJudaicae
463 4441 618 4523 Josepbus
641 4441 787 4505 111111111
808 4441 951 4524 amplius:
985 4450 1149 4526 postquam
1172 4443 1252 4506 enim
1276 4461 1315 4505 ex
1339 4441 1418 4506 11111
1442 4443 1467 4505 Ι.
1485 4443 1559 4506 Ε111.

206 4531 365 4595 retulisset
388 4531 572 4594 erectionem
595 4529 704 4595 altaris
727 4531 782 4594 sub
805 4529 903 4613 Cyro,
924 4540 1034 4613 postea
1057 4550 1095 4595 cx
1108 4531 1190 4595 ‘serie
1212 4534 1271 4597 hac
1285 4531 1400 4594 vitiosa
1414 4531 1471 4594 ΙΠ.
1486 4531 1559 4597 Esd.

207 4619 340 4700 ejusdem
356 4619 464 4683 altaris
480 4615 663 4684 erectionem
678 4620 810 4683 secundo
826 4629 967 4685 recenset
983 4621 1069 4704 quasi
1083 4628 1156 4702 post
1172 4621 1293 4704 Cyrum.

187 4787 190 4794 Ι
294 4709 431 4772 Tertium
445 4710 599 4791 multoque
621 4708 785 4773 deformius
808 4717 942 4774 erratum
964 4711 1109 4791 rhapsodi
1130 4709 1211 4774 illius
1226 4711 1276 4775 lib.
1292 4711 1347 4774 ΙΠ.
1370 4711 1514 4775 consistit
1527 4710 1559 4773 in

207 4816 259 4874 eo,
281 4800 377 4879 quod,
400 4798 543 4864 absoluta
566 4798 770 4881 descriptione
792 4799 822 4876 1,
844 4799 865 4878 4
885 4820 913 4864 v.
932 4795 954 4864 'l
975 4801 1104 4882 indeque
1123 4801 1206 4866 saltu
1228 4802 1310 4866 iacto
1332 4807 1420 4864 111111
1444 4800 1500 4864 illa
1522 4801 1561 4864 111
