3390 5542
564 301 631 354 Usus
649 303 801 354 tortustttu
819 305 887 356 circa
906 303 981 356 dolia.
1197 278 1199 284 Ι
1367 279 1429 373 fili

113 475 207 544 utin
230 469 271 556 Y,
301 483 378 544 tuno
400 496 528 562 operam
554 473 659 544 lusisti
685 485 871 564 certumque
893 477 1002 560 habes,
1031 477 1078 546 vel
1102 477 1177 547 dolii
1199 477 1353 564 figuram,
1382 483 1432 549 vel

112 565 383 648 instrumentum,
419 564 469 630 rel
503 585 616 632 munus
647 574 723 642 tuas
756 567 799 634 sd
832 567 914 634 bano
951 567 1161 636 subtilitatem
1194 591 1263 636 esee
1297 572 1431 656 ineptes.
1537 638 1539 646 ,

113 654 287 720 Possumus
310 663 417 721 autem
432 653 480 720 bis
495 654 621 720 duabus
645 654 749 737 lineis,
772 657 832 723 etsi
847 662 995 723 accurate
1016 657 1175 742 loquendo
1191 665 1302 724 secent
1317 659 1431 745 hyper·

112 740 212 809 bolen
233 744 266 809 in
284 745 410 829 punctis
431 742 575 828 singulos
592 741 682 824 binis,
705 746 754 811 uti
772 744 843 813 loco
861 744 1117 830 contingentium,
1140 747 1253 830 utique
1274 748 1431 829 indolis,

110 851 200 915 quae
223 833 299 897 mibi
321 833 426 898 videre
449 832 611 916 contingit.
657 832 765 911 Quare
786 855 843 919 per
864 833 911 900 th.
935 833 1062 900 XXVII.
1092 835 1193 919 partis
1215 835 1338 918 primae
1360 837 1431 903 dili·

110 926 228 1003 genter
242 921 360 1000 metire,
384 942 469 1006 quae
483 922 525 986 sit
539 922 703 1006 proportio
720 923 773 990 00
797 922 959 1008 (dimidiae
982 921 1181 990 differentiae
1202 923 1431 992 diametrorum

110 1009 233 1074 ventris
259 1015 293 1075 et
318 1009 405 1076 orbis
431 1008 541 1093 lignei)
563 1009 605 1076 ad
628 1009 691 1076 οΥ.
738 1011 831 1078 Secto
857 1012 942 1078 enim
968 1011 1088 1096 angulo
1110 1011 1196 1078 OGY
1221 1013 1254 1078 in
1276 1013 1429 1099 sequana,
1549 1013 1553 1022 ’

110 1098 143 1163 si
163 1119 275 1163 secans
298 1098 477 1164 transiverit
498 1119 555 1182 per
577 1101 780 1184 1111111110,
804 1099 906 1185 ligura
925 1121 964 1166 ex
977 1099 1097 1167 circulo
1120 1100 1182 1166 erit
1196 1101 1433 1186 pertinebitque

110 1185 158 1254 ed
180 1185 364 1252 methodum
391 1187 561 1253 secundam
587 1191 727 1274 proprie.
772 1187 836 1256 Sed
857 1189 944 1272 quod
970 1190 1108 1259 maxime
1135 1189 1211 1254 lacit
1237 1189 1279 1256 ad
1301 1211 1429 1276 comps·

109 1273 273 1341 rationem
295 1296 367 1340 cum
396 1277 526 1356 ceteris,
557 1278 726 1360 quaeritur
746 1283 823 1346 tune
849 1283 1046 1362 segmentum
1074 1275 1163 1364 globi
1184 1275 1283 1359 Fue,
1315 1279 1431 1346 deinde
1463 1311 1464 1314 ¹

109 1384 174 1448 per
195 1361 243 1429 th.
266 1363 363 1430 XXV.
392 1365 492 1449 partis
518 1365 641 1450 primae
668 1365 847 1434 1111100
874 1366 917 1432 ad
938 1366 1007 1450 00,
1030 1367 1076 1432 sic
1096 1387 1249 1432 numerus
1277 1369 1432 1451 segmenti

108 1450 200 1533 globi
222 1452 264 1519 ad
286 1473 467 1534 numerum,
497 1454 553 1537 qui
578 1455 733 1538 exprimet
759 1455 925 1523 dimidium
953 1476 1067 1540 eorpus
1093 1455 1177 1521 citrii
1207 1457 1313 1540 perri:
1341 1460 1431 1544 cujus

110 1541 278 1695 ppopffip
307 1541 350 1607 od
379 1561 490 1608 aunum
519 1544 605 1609 eirca
634 1541 813 1630 cylindrum
843 1543 957 1610 HFGE
990 1544 1121 1612 docetur
1151 1545 1185 1610 in
1214 1545 1358 1632 exemplo
1387 1545 1431 1612 ed

201 1715 236 1782 Si
257 1739 334 1786 vero
356 1717 475 1784 fuerint
496 1719 648 1804 aequales
670 1719 733 1800 00,
757 1719 818 1799 οΥ,
847 1721 950 1806 ligura
972 1725 1022 1798 est
1048 1719 1220 1806 parabola:
1250 1741 1352 1806 quare
1373 1743 1432 1807 per

110 1805 159 1872 tlu
182 1805 270 1872 XIII.
301 1809 379 1892 epis.
404 1812 434 1873 2.
457 1809 624 1892 quaeritur
652 1807 873 1894 parabolicum
903 1809 1050 1877 conoides
1082 1831 1122 1874 ex
1144 1831 1224 1898 cono
1246 1811 1429 1894 eequealto:

110 1915 190 1960 11111
212 1917 288 1962 area
309 1895 427 1974 circuis
450 1900 541 1982 cujus
560 1897 715 1964 diameter
728 1897 754 1962 F
756 1897 792 1979 G,
816 1899 915 1964 dueta
932 1899 965 1966 in
979 1903 1104 1982 partem
1125 1899 1255 1964 tertiam
1271 1898 1324 1965 00
1339 1906 1431 1965 creat

110 2003 285 2050 numerum
308 1984 450 2070 corporis
465 1987 545 2064 coni,
569 1993 604 2052 at
618 1987 766 2054 conoides
782 1993 832 2053 est
844 1987 1089 2078 sesquialtemm
1104 1986 1193 2051 coni:
1217 2007 1291 2071 ergo
1314 2008 1430 2072 corpus

111 2073 254 2138 conoidis
284 2074 434 2154 hebetur,
464 2073 564 2140 dueta
592 2096 672 2140 ares
693 2073 748 2140 FG
770 2077 803 2141 in
825 2077 989 2143 semissem
1011 2075 1075 2143 00.
1120 2075 1212 2142 'luno
1238 2097 1276 2140 ex
1298 2075 1430 2143 conoide
1481 2150 1484 2156 ¹

110 2163 283 2245 quaeritur
303 2161 411 2228 fusum
434 2183 567 2248 parvum
589 2163 623 2229 in
645 2165 789 2245 conoide,
814 2185 872 2249 per
893 2164 1073 2250 analogiam
1095 2163 1142 2228 th.
1167 2161 1297 2230 XXVII.
1325 2165 1429 2250 partis

111 2250 254 2334 primae:
278 2251 399 2316 seilicet
409 2238 449 2318 'ut
464 2251 521 2317 GO
536 2252 578 2318 ad
593 2252 659 2334 ΥΟ,
682 2251 817 2338 duplum
831 2253 931 2339 ipsius
947 2252 1011 2336 00,
1035 2254 1081 2318 sic
1095 2252 1243 2318 conoides
1264 2253 1428 2318 inventurn

110 2337 156 2404 ad
177 2339 240 2404 iusi
269 2342 337 2425 ejus
366 2360 479 2424 corpus
510 2340 684 2408 dinddium.
730 2343 859 2408 Irrvento
887 2361 1022 2428 corpore
1047 2339 1111 2406 fusi
1139 2341 1232 2426 parvi
1260 2361 1428 2426 processus

109 2428 252 2511 reliquus
273 2427 358 2494 idem
380 2435 438 2508 est,
463 2429 518 2513 qui
540 2451 613 2496 oum
635 2437 748 2496 trunco
765 2431 863 2511 citrii;
886 2451 965 2497 nona
987 2429 1072 2495 enim
1093 2428 1307 2495 circuituum
1328 2429 1428 2496 habet

106 2523 218 2598 partes
241 2515 331 2597 duas,
354 2516 458 2583 altera
480 2525 529 2584 est
551 2519 658 2586 lusum
681 2540 815 2603 paruum
831 2523 900 2605 jem
920 2520 1095 2600 inventum,
1122 2517 1248 2602 reliqua
1270 2525 1303 2583 et
1325 2521 1429 2604 major

106 2605 240 2686 quidem
266 2627 342 2690 pars
364 2613 491 2671 creatur
507 2604 604 2673 ducta
625 2593 879 2674 oiremblerentis
900 2607 1008 2674 circuli
1029 2605 1116 2672 orbis
1138 2605 1232 2690 lignei
1247 2605 1428 2690 infiguram

105 2693 347 2776 1111111000,
372 2715 456 2780 quse
478 2695 635 2780 parabola
656 2695 781 2776 dicitur,
805 2698 895 2781 euJus
918 2715 997 2761 area
1019 2695 1155 2760 habetur
1176 2715 1217 2759 ex
1236 2695 1317 2798 epia
1332 2701 1361 2761 2.
1384 2695 1428 2762 ad

105 2783 155 2848 111.
171 2781 221 2863 ΙΙ;
246 2783 344 2848 ducta
364 2784 448 2849 enim
470 2789 563 2868 parte
586 2784 723 2866 dimidio,
746 2785 780 2850 id
802 2791 851 2850 est
873 2783 977 2851 tribus
1000 2783 1098 2849 sextis
1120 2783 1160 2848 de
1174 2781 1228 2848 00
1251 2803 1285 2849 m
1306 2789 1427 2850 rectem

105 2863 177 2952 FG,
199 2878 329 2937 creatur
351 2893 428 2937 area
449 2872 602 2956 trianguli
617 2872 707 2954 FCG‚
731 2878 820 2960 cujus
842 2873 1047 2957 sesquitertia
1069 2891 1142 2938 cum
1164 2871 1207 2936 sit
1227 2892 1305 2936 area
1327 2893 1423 2956 para·

104 2959 209 3040 bolos,
232 2968 363 3027 creetur
384 2962 482 3045 igitur
502 2961 605 3029 ductis
628 2969 768 3047 quatuor
789 2965 902 3043 sextis,
931 2961 992 3027 hoc
1014 2967 1064 3026 est
1086 2959 1177 3026 besse
1198 2961 1296 3044 ipsius
1319 2960 1372 3027 00
1394 2961 1428 3026 in
1523 2977 1524 2980 ’

105 3056 228 3115 rectam
251 3049 316 3116 Fe.
361 3049 481 3126 Quodsi
501 3051 599 3116 fuerit
622 3051 675 3118 00
697 3054 799 3138 maior
827 3071 923 3136 quam
945 3049 1014 3131 GY,
1037 3047 1142 3132 figura
1167 3049 1230 3113 erit
1251 3068 1291 3113 ex
1312 3048 1427 3133 hyper·
1502 3055 1512 3076 ¹

105 3137 184 3204 bole
206 3137 412 3223 proximeque
441 3140 572 3206 accedet
602 3141 724 3207 dolium
749 3139 793 3208 ed
814 3159 929 3206 conum
961 3138 1177 3224 duplicatum,
1208 3135 1305 3222 idque
1333 3143 1427 3204 tanto

104 3227 219 3310 magis,
244 3233 364 3311 quanto
386 3229 489 3312 major
509 3229 605 3295 fuerit
626 3229 679 3296 00
700 3251 796 3316 quam
814 3229 876 3296 οΥ.
914 3228 1048 3314 Eritque
1070 3225 1211 3293 concidis
1232 3224 1428 3310 hyperbolici

104 3316 273 3401 proportio
303 3315 347 3382 od
368 3335 487 3402 corpus
517 3317 639 3384 dimidii
666 3318 730 3385 fusi
758 3317 902 3402 inscripti
930 3315 1027 3402 paulo
1053 3316 1157 3381 minor
1184 3334 1283 3399 quam
1305 3315 1361 3380 00
1384 3315 1428 3381 ad

105 3399 173 3483 ΟΥ,
200 3408 303 3490 major
331 3411 439 3470 temen
468 3427 565 3490 quum
586 3405 643 3472 GO
672 3408 714 3475 ad
737 3407 802 3487 OV,
830 3407 859 3472 si
880 3406 909 3472 V
932 3409 1080 3470 centrum
1109 3404 1152 3468 sit
1182 3401 1312 3486 figurae.
1357 3401 1428 3469 Hoc
1546 3472 1551 3486 ,

103 3491 210 3559 solum
239 3494 406 3559 lucramur
434 3513 474 3560 es
503 3491 565 3560 hoo
594 3495 840 3578 scrupulositate
869 3495 955 3559 eirca
984 3491 1207 3576 hyperbolem,
1239 3489 1280 3557 de
1306 3497 1423 3572 cetero,

104 3601 181 3646 oum
204 3581 346 3648 nondum
368 3579 581 3648 determinata
603 3583 646 3648 sit
666 3591 755 3649 recta
775 3584 858 3650 inter
880 3581 936 3648 ΘΥ
959 3585 992 3646 et
1011 3579 1076 3661 ΟΥ,
1099 3578 1263 3663 quadrans
1285 3579 1328 3646 sd
1350 3601 1425 3664 pro·

70 3729 81 3760 ,
105 3671 285 3754 portionem
308 3671 555 3752 convenientem,
577 3693 641 3738 non
656 3673 752 3739 etiam
773 3673 913 3738 animum
933 3668 1036 3752 adjeci
1056 3667 1211 3734 11111111
1225 3668 1269 3734 ad
1283 3667 1423 3752 quadra·

104 3765 218 3824 turam
247 3758 449 3845 hyperboles‚
480 3763 569 3845 cujus
595 3762 770 3844 cognitione
796 3759 927 3845 insuper
949 3778 1029 3842 opus
1055 3761 1138 3823 esset
1160 3755 1203 3822 ad
1224 3775 1337 3824 zonam
1360 3755 1425 3824 iusi

105 3847 303 3932 hyperbolici
325 3869 365 3914 ex
386 3853 457 3914 erte
479 3849 734 3933 computandam.
781 3845 993 3934 Opitulumini
1015 3843 1192 3930 Apolloniii

197 3937 340 4003 Rursum
361 3937 388 4002 si
410 3935 463 4003 00
487 3940 591 4004 minor
620 3938 750 4022 quidem
780 3938 878 4004 luerit
908 3956 1006 4020 quam
1028 3933 1095 4016 οΥ,
1126 3939 1228 4022 major
1253 3937 1361 4000 tamen
1384 3931 1428 3999 ad

106 4023 171 4106 GY,
194 4046 292 4110 quam
308 4025 365 4094 OG
380 4025 494 4092 10οΥ
517 4025 617 4110 (quod
639 4028 712 4111 quis
758 4047 802 4092 na
824 4024 988 4109 diligentia
1010 4023 1216 4106 dissernetl),
1240 4021 1343 4107 ligura
1365 4023 1427 4087 erit
1536 4025 1571 4124 ι’

105 4133 147 4178 ex
170 4113 395 4199 101ρεί111111,
419 4118 508 4202 errjus
531 4124 693 4198 segmenta
778 4115 886 4183 circuli
907 4119 1084 4198 segmenta,
1114 4112 1202 4180 lacta
1223 4132 1282 4196 per
1303 4116 1426 4176 rectem

105 4202 540 4376 umerum
567 4203 689 4377 itu
713 4213 1200 4377 nnus
1208 4199 1426 4354 11111

105 4380 276 4446 strandum
298 4381 513 4464 episagmab.
536 4342 579 4448 bd
603 4382 650 4447 tb.
673 4342 713 4463 11³,
737 4403 859 4468 perque
885 4381 974 4463 dicta
999 4400 1020 4445 1
1041 4401 1092 4445 me
1118 4378 1152 4444 in
1181 4377 1425 4443 Commentariis

105 4467 146 4534 de
168 4474 259 4535 motu
275 4467 400 4550 Martis,
422 4471 508 4556 quod
529 4469 571 4537 ad
586 4470 707 4538 dictum
717 4472 762 4536 th.
779 4471 819 4538 11.
844 4471 965 4554 pmmse
987 4470 1090 4555 partis
1110 4471 1179 4532 erat
1193 4465 1290 4530 etiam
1311 4485 1424 4548 super·

104 4554 330 4624 inducendum.
375 4561 420 4626 Α1
441 4580 514 4625 eum
534 4559 622 4626 linea
642 4559 857 4646 proportionis
879 4559 1035 4643 segmenti
1062 4552 1258 4642 sphaeroidis
1281 4555 1361 4619 recti
1382 4552 1425 4618 ed

104 4667 245 4732 prunum
268 4645 443 4734 elliptieum
464 4650 548 4714 inter
570 4649 606 4731 0,
629 4649 655 4714 Υ
685 4648 826 4714 nondum
848 4648 890 4715 sit
911 4649 1136 4728 deterrentes,
1165 4649 1203 4708 ut
1227 4647 1261 4707 et
1282 4643 1369 4726 prius
1390 4641 1424 4706 in

103 4733 293 4821 hyperbole,
315 4737 437 4803 nullum
459 4737 512 4802 hic
532 4738 699 4824 ingeniosis
715 4743 747 4802 et
762 4738 888 4805 omnino
903 4735 1077 4822 Apolloniis
1099 4733 1219 4834 exitum
1241 4737 1419 4797 monstrare

103 4844 247 4910 P⁰⁸⁵¹1¹¹¹2
271 4845 368 4910 quam
385 4845 477 4910 quem
493 4827 552 4912 ipsi
567 4827 627 4894 sibi
641 4827 853 4894 sollertissimi
867 4826 982 4911 ingenii
997 4825 1072 4904 acie,
1089 4839 1232 4904 superius
1246 4820 1292 4885 tb.
1308 4815 1420 4886 xxv1.

184 4935 393 4991 rumosam.
1179 4929 1212 4980 11
