3390 5542
270 245 335 310 688
367 261 374 278 ’
724 245 917 340 Stereometrlae
939 245 1121 302 Archimedem
1234 265 1236 274 ¹

349 424 412 480 Jam
438 423 525 496 igitur
548 439 603 496 per,
623 425 795 486 corollarium
821 428 856 482 ad
880 427 957 482 XXI.
983 443 1085 498 quaere
1110 425 1207 496 corpus
1228 425 1298 481 citrii
1323 425 1402 497 parri
1422 443 1472 497 per
1493 441 1583 480 ronam

269 503 335 558 mali
355 511 385 559 ct
399 515 453 574 per
473 521 569 558 aonam
589 504 737 574 sphaerae;
758 507 809 560 lroo
829 523 927 576 corpus
948 514 990 561 est
1009 523 1074 576 pars
1093 523 1150 560 una
1169 507 1240 561 ciali
1260 507 1387 561 truncati.
1417 507 1525 561 Deinde
1538 523 1584 575 per

269 583 561 658 numerumldiametri
587 585 738 640 truncantis
758 587 818 656 jam
848 587 986 642 intentum
1003 576 1114 656 ¹quaere
1130 587 1335 658 xlongitudinem
1360 587 1419 656 ejus
1448 586 1585 640 encomia·

269 663 377 717 rentiae
406 662 434 716 in
464 665 560 717 eadem
588 681 730 734 mensura,
756 681 871 738 eamque
895 667 1048 736 multiplica
1073 667 1101 720 in
1127 674 1296 736 segmentum
1321 667 1414 720 circuli
1436 666 1584 720 inventum:

269 739 390 812 prodibit
414 743 484 796 cittii
510 744 629 797 truncati
653 760 718 813 pars
745 747 847 810 altera,
875 753 905 800 et
926 746 1041 817 junctae
1062 746 1115 800 liae
1137 748 1208 799 duae
1228 755 1322 817 partes
1342 745 1508 800 constituent
1529 745 1585 814 ejus

270 839 373 886 zonam.
414 820 505 876 Tertio
526 823 677 892 multiplica
696 827 807 894 planum
827 827 922 880 circuli
943 827 1093 881 truncantis
1114 825 1291 879 innumerum
1301 826 1438 880 intervalli
1459 834 1586 878 truncan-

269 903 337 955 tium
351 899 411 972 jam
431 901 582 984 inventum,
607 904 725 971 prodibit
749 922 814 974 pars
840 905 924 960 tertia
948 905 1020 959 citrii
1044 905 1172 959 truncati.
1214 905 1342 960 Omnibus
1366 905 1394 960 in
1415 922 1497 958 unam
1518 921 1586 957 sum-

268 997 341 1036 mam
360 980 498 1050 conjectis,
519 990 694 1052 componetur
713 991 801 1039 totum
821 1002 918 1056 corpus
939 985 1010 1054 citrii
1030 985 1158 1039 truncati.

317 1089 321 1098 ·
349 1060 577 1116 Corollarium
596 1063 635 1118 II.
676 1065 754 1118 Zona
774 1065 863 1120 olivae
884 1072 933 1118 aut
952 1065 1032 1134 pruni
1053 1065 1165 1135 elliptioi
1186 1065 1304 1121 monenti
1325 1064 1495 1134 componitur
1516 1061 1586 1115 simi·
1660 1067 1663 1078 '

158 1133 160 1140 ’
269 1139 333 1194 liter
353 1156 390 1192 ax
410 1157 524 1210 corpore
543 1142 631 1196 olivae
653 1150 702 1196 aut
720 1145 799 1214 pruni
820 1145 937 1208 minoris,
959 1146 1029 1216 quod
1051 1147 1144 1198 eodem
1155 1145 1282 1214 ellipseos
1303 1153 1445 1214 segmento
1466 1148 1587 1205 creatur,

265 1227 299 1282 ¹et
319 1236 356 1274 ex
376 1227 517 1290 tegimento
543 1222 656 1292 cylindri
681 1225 781 1292 pressi,
808 1227 878 1296 quod
905 1225 991 1278 eidem
1012 1225 1138 1294 ellipseos
1159 1231 1301 1294 segmento
1322 1231 1469 1294 superstat,
1492 1222 1586 1276 altitu·

269 1299 358 1364 dinem
377 1299 483 1354 habens
504 1303 646 1372 aequalem
666 1303 899 1359 circumferentiae
920 1305 1012 1360 circuli
1037 1304 1188 1358 truncantis
1215 1305 1314 1359 olivam
1335 1311 1384 1356 aut
1403 1303 1567 1376 prunum¹⁸J

285 1401 289 1408 ·
347 1379 539 1451 Episagma
583 1383 644 1436 Huo
669 1383 761 1438 distuli
790 1385 1044 1442 demonstrationem
1070 1385 1247 1438 theorematis
1273 1385 1348 1438 XVI.
1374 1386 1408 1438 de
1434 1399 1507 1436 zona
1535 1400 1584 1437 seu

268 1456 363 1512 tunica
388 1460 478 1513 trunci
497 1460 582 1514 conici
602 1462 676 1516 circa
694 1465 859 1534 cylindrum,
888 1454 1036 1535 propterea
1067 1464 1137 1536 quod
1158 1471 1279 1536 cognata
1299 1469 1342 1518 est
1361 1463 1586 1518 demonstrationi

269 1537 447 1593 theorematis
467 1541 627 1616 praesentis.

356 1617 398 1673 Sit
417 1617 520 1675 KLMP
540 1622 629 1676 munci
649 1619 735 1678 conici
752 1623 821 1678 recti
841 1624 925 1680 sectio
945 1641 994 1694 per
1014 1641 1097 1678 axem
1114 1625 1180 1686 VX,
1200 1623 1333 1677 diameter
1352 1621 1493 1676 circularis
1513 1623 1586 1677 basis

460 1707 506 1763 Fls·
521 1708 553 1752 1⁵·
694 1711 698 1720 '
744 1705 805 1768 PM,
826 1703 958 1760 diameter
978 1705 1071 1765 circuli
1092 1703 1243 1758 truncantis
1262 1703 1322 1767 KL,
1344 1687 1387 1755 'cui
1406 1705 1585 1772 perpendicu-

735 1786 818 1839 lares
839 1783 893 1837 sint
912 1785 972 1847 ΚΟ,
992 1784 1055 1847 LN,
1075 1790 1107 1836 ut
1127 1785 1181 1837 sint
1205 1785 1335 1854 aequales
1356 1783 1408 1836 KL
1429 1791 1458 1834 et
1479 1784 1538 1846 ΟΝ,
1559 1789 1606 1836 et·

636 1886 637 1889 ¹
744 1863 819 1918 KOP
839 1865 929 1934 ligura
949 1863 1042 1917 similis
1065 1865 1172 1934 figurae
1192 1864 1278 1924 LNM,
1300 1869 1329 1915 et
1348 1861 1454 1916 Kvxo
1477 1863 1585 1932 quadri·

744 1945 836 1998 latera
855 1942 947 1998 similis
968 1944 1078 1998 LVXN.
1119 1943 1282 2013 Explicatur
1300 1951 1391 1995 autem
1411 1943 1501 1995 munci
1522 1942 1585 1994 soli-

745 2023 817 2078 ditas
833 2023 978 2078 intectum
994 2023 1087 2078 iisdem
1102 2023 1226 2093 legibus„
1240 2021 1337 2093 quibus
1353 2022 1485 2074 hactenns
1502 2023 1588 2075 omnis

745 2103 855 2174 generis
875 2105 989 2173 figuras,
1010 2103 1204 2172 superficiebus
1220 2103 1248 2156 in
1263 2117 1355 2156 omnes
1375 2103 1476 2171 plagas
1497 2103 1588 2154 cunis

697 2209 703 2230 ι
744 2184 920 2246 terminatas,
957 2183 1160 2252 explicavimus.
1211 2183 1278 2260 Cum
1311 2177 1396 2252 igitur
1431 2182 1506 2234 linea
1536 2183 1588 2234 Pli

744 2263 854 2316 comicae
874 2263 1025 2332 superficiei
1046 2261 1082 2316 sit
1102 2263 1128 2316 in
1144 2263 1195 2322 hat
1215 2263 1316 2332 plagas
1335 2269 1421 2326 recta,
1444 2261 1589 2330 explicata

743 2343 830 2414 igitur
854 2343 1009 2412 superficies
1030 2342 1083 2397 erit
1108 2344 1206 2412 plana,
1231 2339 1335 2395 scilicet
1354 2341 1468 2402 ΑΒΚΡ,
1490 2350 1519 2394 et
1540 2343 1587 2396 ΡΑ

744 2422 808 2476 erit·
823 2423 945 2494 aequalis
973 2411 1209 2492 circumferentiae
1233 2422 1332 2476 baseos
1352 2421 1416 2482 PM.
1443 2421 1495 2474 KB
1522 2437 1588 2473 vero

654 2530 658 2547 ι
743 2503 865 2573 aequalis
892 2501 1125 2576 circumferentiae
1152 2500 1245 2554 circuli
1270 2501 1322 2554 KL
1348 2500 1516 2564 truncantis,
1544 2499 1588 2552 cui

743 2577 866 2653 aequalis
887 2581 940 2635 erit
955 2581 1013 2637 OC:
1035 2584 1084 2636 liat
1097 2583 1208 2660 tandem
1229 2580 1316 2634 eidem
1338 2581 1461 2650 aequalis
1483 2586 1512 2632 et
1529 2581 1587 2640 ΡΙ),

743 2668 772 2714 et
799 2667 901 2731 puncta
928 2665 963 2725 D,
985 2661 1015 2725 Ο,
1035 2661 1062 2735 ΒΙ
1088 2669 1297 2722 connectantur,
1328 2675 1400 2729 quae
1428 2657 1589 2712 saturabunt

742 2741 911 2812 triangulum
927 2742 1043 2812 aequale
1054 2739 1177 2794 etsimile
1193 2740 1333 2810 triangulo
1343 2739 1427 2801 POK‚
1449 2747 1479 2791 et
1493 2740 1584 2792 latera

741 2822 821 2876 unius
841 2821 973 2884 lateribus
989 2821 1103 2875 alterius
1122 2821 1266 2888 parallelo,
1286 2821 1476 2888 utetplanum
1491 2821 1582 2886 plano.

829 2903 891 2956 Duo
921 2901 1006 2971 igitur
1035 2901 1188 2970 pentaedra
1207 2914 1257 2954 seu
1276 2899 1410 2969 prismata
1428 2899 1583 2953 Bcvxort

685 2989 686 2992 ’
740 2988 770 3050 et
793 2971 939 3036 KOPDBC
965 2988 1029 3034 sunt
1058 2981 1219 3051 aequealta„
1248 2980 1349 3050 quippe
1368 2979 1418 3032 sub
1439 2979 1583 3046 parallelis

740 3063 836 3132 planis.
877 3063 932 3116 Sed
950 3061 1094 3135 discrimen
1113 3053 1162 3114 est'
1173 3061 1246 3114 inter
1257 3104 1260 3110 .
1271 3059 1333 3130 illa,
1354 3059 1425 3137 quod
1450 3059 1583 3126 parallel·

741 3142 884 3210 epipedum
904 3141 969 3198 ,basi
989 3139 1282 3202 Koxv‚·a1timdine
1309 3139 1369 3202 00,
1400 3145 1445 3190 est
1471 3139 1583 3207 duplum
1680 3147 1681 3162 ³

738 3221 876 3291 prismatis
897 3221 1062 3284 CBVXOK‚
1083 3227 1114 3274 at
1132 3219 1234 3290 prisma
1253 3219 1313 3272 basi
1331 3219 1415 3280 ΡΚΟ,
1437 3217 1584 3272 altitudine

741 3303 852 3364 eademq
876 3307 920 3354 est
945 3301 1031 3370 ipsum
1057 3300 1097 3352 sui
1118 3301 1201 3354 totius
1221 3313 1355 3360 mensura,
1377 3303 1535 3351 esttamen
1556 3305 1584 3349 et

700 3445 704 3456 ι
739 3381 825 3450 ipsum
846 3381 955 3452 triplum
971 3378 1119 3449 pyramidis
1141 3380 1303 3451 aequealtae
1313 3379 1425 3432 POKD.
1457 3377 1584 3446 Denique

740 3477 822 3530 super
842 3461 913 3514 DCB
933 3460 993 3513 basi
1014 3467 1072 3514 stat
1095 3461 1217 3530 pyramis
1236 3459 1341 3521 Desa,
1359 3457 1466 3512 habeus
1489 3457 1583 3526 altitu

739 3539 829 3596 dinem
847 3543 912 3603 DA,
939 3539 1119 3608 differentiam
1142 3537 1502 3598 circumferentiarumKL,
1524 3537 1583 3598 Psi,

738 3637 799 3674 cum
818 3619 893 3676 basis
912 3619 1041 3675 DCB'sit
1061 3618 1183 3690 aequalis
1209 3619 1268 3673 basi
1295 3617 1446 3688 pyramidis
1472 3617 1583 3670 POKD.
1680 3645 1681 3690 j

739 3702 805 3755 Cum
825 3707 918 3754 autem
937 3699 1093 3770 pyramides
1114 3715 1195 3768 super
1211 3698 1373 3770 aequalibus
1394 3696 1510 3750 basibus
1531 3696 1585 3748 sint
1680 3695 1681 3716 ¹

307 3691 331 3734 a
414 3701 429 3739 l

309 3746 578 3873 mm
738 3782 874 3843 intense,
895 3786 1040 3833 uteorum
1061 3779 1231 3842 altitudines,
1253 3777 1377 3848 pyramis
1392 3793 1467 3846 ,ergo
1488 3775 1585 3836 tertia,

356 3904 358 3913 ι
451 3883 480 3930 ,1

572 3883 590 3924 0
628 3883 650 3927 p
737 3861 798 3915 basi
823 3861 913 3923 POK,
941 3859 1085 3914 altitudine
1103 3861 1165 3922 ΡΑ,
1194 3858 1343 3928 composita
1372 3872 1409 3910 ex
1437 3857 1503 3918 ΡΙ),
1533 3857 1585 3909 DA

738 3940 819 4008 (hacc
853 3945 945 3994 autem
976 3945 1102 4009 'aequat
1142 3937 1385 3994 circumferentiam
1422 3931 1487 3998 PM)
1533 3935 1585 3988 erit
1680 3979 1681 3986 ,

263 4015 388 4098 aequalis
421 4026 557 4097 pyramidi
590 4024 699 4098 utrique
736 4022 838 4076 POKD
878 4026 907 4073 et
940 4018 1046 4074 DCBA.
1091 4019 1130 4072 Et
1158 4017 1277 4088 prismav
1297 4015 1356 4071 basi
1387 4023 1416 4070 et
1438 4015 1585 4070 altitudine

264 4106 367 4169 iisdem,
388 4105 441 4160 erit
460 4105 533 4161 illius
554 4106 676 4176 triplum
703 4099 847 4160 altitudine
872 4117 936 4153 vero
962 4099 1047 4168 tertia
1071 4107 1151 4167 parte
1173 4098 1255 4168 ipsius
1275 4099 1332 4159 ΡΛ,
1354 4095 1472 4149 erit¹his
1494 4097 1511 4151 2
1533 4111 1584 4164 py-

263 4185 411 4242 ramidibus
435 4187 561 4258 aequale.
608 4187 686 4249 Quod
715 4197 780 4241 vero
810 4183 844 4234 de
870 4180 1000 4250 prismate
1020 4179 1162 4233 humiliore
1191 4175 1337 4232 KOPDBC
1367 4177 1505 4247 reliquum
1535 4181 1586 4236 est

263 4273 333 4335 puta
351 4265 485 4330 DOKBC,
505 4269 573 4320 duas
594 4266 691 4320 tertias
716 4263 817 4320 retinet
840 4259 985 4329 prismatia.
1025 4259 1106 4329 Ergo
1124 4258 1205 4326 hujus
1225 4256 1322 4328 reliqui
1344 4272 1442 4324 corpus
1464 4263 1586 4316 oreatus,
1680 4263 1681 4282 ³

245 4345 352 4400 *ductis
378 4347 484 4399 duabus
510 4346 598 4400 tertiis
625 4345 776 4400 altitudinis
803 4341 847 4395 CO
875 4339 935 4407 (seu
960 4339 1194 4392 circumferentiae
1220 4337 1314 4391 circuli
1334 4337 1387 4390 KL
1406 4337 1453 4390 rel
1476 4331 1537 4397 ΟΝ)
1560 4333 1586 4388 in

262 4424 342 4479 basin
362 4425 445 4480 POK.
475 4426 537 4481 Hae
558 4432 621 4480 sunt
640 4426 726 4496 igitur
746 4429 840 4493 partes
860 4419 979 4488 corporis
1000 4420 1033 4472 da
1054 4425 1163 4479 trunco,
1188 4419 1260 4488 quod
1279 4433 1375 4470 zonam
1396 4432 1445 4468 seu
1464 4415 1587 4469 tunicam
1680 4411 1681 4422 ¹

263 4505 441 4574 appellamus.
481 4506 599 4577 Reliqua
617 4521 693 4574 pars,
714 4503 837 4574 cylinder
857 4513 892 4554 so.
904 4499 1210 4568 intermedius-aequat
1229 4497 1332 4566 prisma
1340 4497 1503 4557 CBVXOK,
1513 4495 1587 4565 quod
1680 4491 1681 4572 l

263 4591 307 4638 est
331 4584 418 4638 veluti
443 4585 613 4656 triangulum
639 4585 712 4640 COX
732 4587 924 4650 corporatum,
951 4578 1075 4632 crassitie
1102 4579 1162 4642 ΟΚ,
1187 4579 1249 4641 XV,
1270 4577 1315 4632 CB
1335 4575 1438 4646 ubique
1460 4573 1586 4646 aequali;

262 4665 294 4718 llt
313 4663 413 4735 igitur,
439 4671 471 4718 ut
496 4682 557 4720 cum
576 4665 731 4735 miangulia
757 4669 789 4716 ut
808 4660 882 4714 basis
902 4657 1016 4722 lutat,
1038 4661 1121 4712 ducta
1140 4657 1168 4712 in
1188 4657 1325 4715 dimidiam
1345 4656 1519 4710 altitudinem
1540 4653 1585 4706 CO

143 4751 151 4768 ⁶
263 4741 585 4810 (semmomrerentmm
614 4745 688 4814 ipsas
717 4743 769 4800 KL
798 4741 843 4797 vel
873 4733 932 4804 ON)
957 4745 1035 4794 creet
1060 4753 1159 4808 corpus
1185 4737 1267 4808 liujus
1287 4731 1411 4810 cylindri.
1452 4737 1531 4792 Haec
1551 4733 1586 4786 de
