3406 5542
730 327 867 386 Peroratio.
1035 393 1038 402 <
1076 351 1079 365 ·
1185 374 1190 386 A
1409 304 1473 374 387

10 453 12 508 l
126 483 191 534 tem
218 472 385 534 emendent
410 479 442 532 et
457 469 592 551 quinario
620 478 763 550 augeant
810 467 996 542 Quaesnirn
1020 468 1215 532 necessitatis
1231 489 1324 532 causa
1347 459 1475 551 primum

10 629 11 634 γ
126 567 274 641 suscepte
288 560 425 624 infinitas
444 560 596 641 hucusque
612 560 755 640 praebuit
770 559 938 632 utilitates,
959 578 1011 621 cur
1036 559 1119 622 nulla
1138 566 1266 643 urgente
1288 559 1474 623 necessitate

126 669 193 712 cum
209 668 331 712 summa
345 649 574 730 perturbatione
590 649 780 728 negotiorum
796 647 997 728 spiritualium
1013 655 1045 710 et
1054 647 1263 728 temporalium
1273 648 1475 730 deponeretur

126 745 179 802 aut
194 739 390 801 mutaretur?
434 737 587 801 Veritatis
609 755 681 800 vero
705 738 786 800 circa
809 756 860 799 rea
880 737 964 818 ipsas
985 743 1144 816 respectus
1165 735 1196 798 iu
1217 737 1284 799 ahie
1304 735 1394 800 rebus
1411 745 1475 812 est;

126 846 215 908 quarn
232 827 328 890 etiam
343 827 402 892 hoc
416 827 446 892 in
462 827 563 890 libello
579 826 610 888 in
625 826 704 889 hunc
720 829 815 891 solum
830 826 920 888 finem
934 825 1143 900 manifestavi,
1163 832 1198 888 ut
1212 825 1342 888 sciamus
1363 834 1474 890 utcuu-
1543 871 1547 878 -

10 979 12 996 p
126 935 182 998 qne
199 925 233 978 et
249 917 446 998 undecunque
462 935 666 992 numeremus,
680 917 876 979 nativit-atem
892 915 1009 978 Christi
1024 914 1186 976 secundum
1202 913 1377 981 historicam
1392 916 1474 978 veri·
1562 953 1566 958 -

10 1003 12 1060 ἰ
127 1012 226 1068 tatem
242 1008 429 1087 praecedere
445 1005 504 1068 hoc
519 1004 677 1068 artificiale
693 1014 787 1085 caput
803 1022 893 1068 aerae
909 1009 1033 1066 nostrae
1050 1003 1240 1068 anativitate
1251 1003 1475 1068 denominatum

10 1085 12 1134 t
127 1095 216 1157 aunis
232 1094 341 1158 solidis
358 1095 502 1176 quinque:
525 1096 606 1176 quod
627 1093 708 1158 scias
730 1115 769 1157 au
785 1093 906 1156 nescias
922 1093 962 1156 ad
977 1093 1237 1174 consignationem
1252 1111 1350 1156 rerum
1365 1101 1397 1156 te
1413 1093 1474 1157 eir-

10 1191 12 1216 *
126 1183 345 1246 cumstantium
360 1184 434 1246 nihil
449 1185 579 1247 interest
585 1203 596 1260 3
612 1192 647 1246 at
662 1204 716 1248 suo
732 1184 814 1259 loco,
834 1189 870 1246 nt
885 1181 986 1264 capite
1002 1181 1097 1264 primo
1113 1182 1239 1257 dictum,
1263 1182 1342 1246 scitu
1364 1191 1397 1245 et
1418 1201 1474 1246 ue·
1528 1244 1537 1256 ,

10 1283 12 1312 ¹
126 1272 294 1336 cessarium
310 1281 344 1336 et
359 1273 432 1336 utile
447 1280 516 1340 est„

621 1837 984 1915 Praesumo.

215 1999 374 2066 Conclndo
396 1997 475 2062 hunc
490 1997 623 2062 libellum
638 1999 820 2080 repetitione
835 2000 1064 2083 praecipuarum
1085 2019 1192 2063 rerum.
1224 2001 1478 2064 Demonstratum

128 2092 207 2154 enim
222 2097 315 2172 puto,
338 2088 466 2170 primum
480 2095 659 2169 argumento
675 2088 714 2151 ab
730 2107 858 2152 excessu
872 2090 1004 2153 Herodis
1026 2098 1155 2172 quatuor
1170 2090 1257 2154 annis
1273 2098 1345 2154 ante
1360 2090 1478 2153 initium

128 2199 219 2244 aerae
242 2187 383 2253 nostrae,
406 2177 537 2242 secundo
560 2199 579 2240 a
601 2176 708 2240 Sentio
731 2176 897 2242 Saturnino
920 2178 1029 2262 Syriae
1054 2179 1195 2261 praeside
1219 2187 1251 2242 et
1275 2179 1478 2260 descriptione

128 2271 183 2334 snb
199 2289 236 2332 eo
246 2267 488 2342 factaJudaeae,
503 2265 632 2348 quinque
649 2266 736 2330 anuis
752 2268 951 2332 anteinitium
962 2287 1052 2332 aerae
1068 2277 1202 2344 nostrae,
1219 2269 1311 2332 tertio
1327 2275 1478 2350 etquarto

127 2381 146 2422 a
161 2356 389 2439 conspiratione
405 2353 630 2437 coutra'regem
645 2356 814 2432 Herodem,
836 2376 912 2438 quae
929 2377 996 2420 eum
1011 2359 1144 2420 adventu
1158 2375 1313 2438 magorum
1329 2365 1362 2420 et
1375 2359 1478 2420 infan-

127 2449 233 2512 ticidio
248 2445 482 2510 Bethleemitico
499 2445 712 2526 cognationem
727 2445 825 2509 habet
840 2453 873 2508 et
882 2446 1116 2527 descriptionem
1124 2447 1261 2510 iudaeae
1277 2447 1412 2529 proxime
1429 2453 1479 2510 est

128 2545 247 2612 secuta,
263 2555 322 2618 quo
338 2543 473 2615 tempore
487 2535 623 2598 Parthus
639 2533 751 2616 Syriae
765 2535 920 2598 inhiabat:
948 2535 996 2598 his
1011 2535 1133 2618 inquam
1148 2537 1334 2616 argumentis
1351 2538 1478 2600 demon·-

128 2634 262 2690 stratum
278 2631 368 2707 puto,
389 2631 511 2686 natum
529 2642 613 2686 esse
627 2622 648 2685 J
654 2641 753 2685 esum
769 2623 956 2688 Christum
980 2631 1017 2687 et
1032 2623 1171 2688 Mariae
1187 2625 1320 2700 filium,
1342 2625 1477 2688 Serva·

126 2724 245 2779 torem
260 2721 422 2777 nostrum
445 2712 604 2795 quinque
620 2711 750 2775 solidis
773 2713 879 2776 annis
895 2720 981 2778 aute
1002 2714 1221 2795 principium
1243 2721 1351 2778 atrae
1373 2713 1476 2778 hodi·
1536 2739 1540 2746 ¹

127 2823 249 2870 eruae:
274 2823 292 2866 e
308 2802 459 2866 contrario
475 2821 547 2864 vero
563 2820 741 2882 responsum
757 2809 807 2864 est
821 2801 1007 2866 sufficienter
1022 2803 1062 2867 ad
1077 2803 1262 2884 objectiones
1281 2798 1315 2885 l)
1333 2804 1369 2867 de
1386 2823 1478 2866 ceusu
1579 2845 1584 2856 ,

128 2893 260 2966 Quirinii
275 2891 425 2974 praesidis
434 2890 551 2973 Syriae,
568 2887 604 2972 2)
621 2891 658 2953 de
675 2890 802 2971 triginta
818 2892 904 2974 quasi
920 2892 1008 2955 aunis
1024 2893 1137 2956 aetatis
1148 2891 1264 2957 Christi
1279 2893 1310 2956 in
1325 2893 1478 2974 baptismo

128 2979 165 3065 3)
182 2984 221 3046 de
237 2989 359 3065 patrum
374 2987 510 3043 vetemm
520 2981 636 3043 calculo
652 2980 782 3056 diverso,
805 2981 842 3063 4)
859 2981 896 3043 de
911 2981 1077 3046 universali
1092 2981 1257 3044 occidentis
1271 3001 1354 3045 more
1370 3001 1477 3045 unme-

128 3073 232 3148 randi,
250 3070 316 3152 jam
338 3070 417 3132 mille
433 3089 529 3132 annos
553 3068 722 3133 obtinente:
754 3070 830 3134 adeo
847 3071 984 3152 quido'm,
1005 3078 1040 3134 ut
1055 3071 1203 3160 neminem
1218 3071 1350 3134 futurum
1365 3080 1479 3154 putem,
1503 3093 1506 3104 ·

130 3161 180 3244 qui
204 3160 367 3241 diligenter
387 3159 467 3221 lecto
490 3159 548 3222 hoc
569 3157 671 3221 libello
694 3159 889 3241 exceptiones
905 3159 975 3223 illas
997 3159 1123 3228 ulterius
1140 3179 1265 3223 ussurus
1280 3167 1334 3223 aut
1349 3161 1387 3222 ds
1402 3159 1477 3223 meis

132 3247 443 3314 demonstrationibus
459 3247 650 3310 dubitatums
666 3247 715 3310 sit

220 3337 388 3403 Calvisium
401 3355 473 3398 vero
490 3336 570 3418 quod
580 3335 701 3409 attinet,
717 3336 768 3418 qui
782 3336 944 3417 epistolam
960 3356 1045 3400 suam
1060 3355 1170 3418 magno
1186 3338 1315 3400 tumultu
1331 3338 1405 3413 finit,
1422 3337 1478 3400 de-

128 3435 332 3492 monstratum
349 3432 479 3501 estnon
495 3444 542 3488 me
558 3445 692 3506 pugnare
714 3443 781 3488 oum
793 3425 996 3506 Evangelista
1010 3427 1112 3501 Luca,
1134 3427 1187 3488 sed
1208 3426 1307 3507 ipsum
1322 3420 1406 3490 nulla
1420 3447 1477 3490 ne-

128 3517 278 3582 cessitate
301 3516 357 3580 sibi
379 3535 417 3578 ex
438 3514 676 3596 transpositione
699 3521 803 3576 textus
823 3514 1038 3578 vocabulorum
1060 3515 1217 3595 augustias
1241 3515 1478 3593 circumvallare,

130 3625 268 3688 comper
284 3605 452 3668 naturalem
467 3611 572 3666 textus
588 3602 722 3666 ordinem
739 3609 771 3666 et
786 3620 907 3666 sensum
923 3603 955 3666 in
969 3604 1039 3666 laxo
1057 3623 1162 3684 campo
1179 3611 1308 3666 stemus:
1334 3623 1390 3668 nec
1404 3606 1477 3668 mihi

130 3703 296 3778 angustum
310 3712 376 3756 esse
387 3692 519 3774 spatium
533 3693 679 3773 temporis
694 3691 775 3756 iuter
791 3692 917 3773 eclipsin
933 3692 1098 3774 etpascha,
1115 3692 1169 3754 sed
1185 3693 1243 3776 ipsi
1259 3694 1350 3756 alium
1367 3714 1478 3758 annum

130 3785 289 3868 quaerenti
313 3783 508 3864 superfluum,
531 3781 680 3862 prolixum
702 3789 734 3843 et
756 3781 929 3844 abundans:
953 3800 1071 3844 neema
1093 3781 1191 3861 magis
1207 3801 1296 3866 quam
1312 3782 1478 3847 Calvisium

129 3877 229 3958 ipsum
242 3893 309 3936 cnm
326 3891 472 3935 consensu
495 3871 590 3932 totius
607 3870 754 3932 ecclesiae
769 3889 918 3951 pugnare,
941 3871 1020 3932 utin
1036 3888 1096 3951 qua
1110 3879 1230 3934 veteres
1244 3872 1326 3935 iuter
1341 3893 1374 3935 se
1391 3881 1423 3936 et
1438 3873 1477 3936 ab

128 3964 278 4028 hodierna
292 3961 421 4025 ecclesia
435 3959 681 4022 manifestissime
704 3967 736 4021 et
750 3959 901 4023 liberrime
918 3958 1130 4022 dissenserint:
1155 3960 1180 4022 si
1202 3967 1305 4024 tamen
1321 3961 1477 4024 dissensus

130 4053 189 4118 dici
206 4052 307 4127 debet,
324 4069 388 4113 curn
403 4051 438 4126 is,
454 4050 505 4130 qui
521 4049 612 4135 alium
624 4049 770 4111 calculum
781 4049 925 4136 sequitur,
940 4049 1076 4112 rationes
1087 4057 1255 4112 ceterorum
1264 4069 1323 4112 non
1335 4051 1477 4113 conside-

130 4142 219 4218 ravit,
234 4139 491 4204 neeseuteutiatn
509 4156 611 4200 eorum
627 4138 780 4217 expressis
794 4137 896 4201 verbis
919 4136 1027 4219 rejecit
1049 4145 1103 4200 aut
1118 4140 1295 4202 contirtavit.
1339 4139 1477 4219 Denique

129 4250 254 4313 possum
276 4249 333 4310 ego
356 4229 450 4291 verba
466 4225 592 4292 Calvisii
607 4234 781 4307 postrema,
806 4227 912 4308 quibus
936 4227 986 4290 ille
1002 4226 1135 4289 libellum
1149 4247 1248 4291 meum
1264 4227 1477 4291 Germanicum
1515 4280 1518 4291 .

131 4330 163 4383 et
176 4339 276 4392 meum
293 4317 490 4399 appendicem
506 4317 545 4378 ad
561 4315 669 4378 librum
691 4315 729 4378 de
746 4317 838 4378 stella
853 4315 1030 4378 criminatus
1046 4323 1104 4391 est,
1122 4317 1190 4398 jure
1207 4317 1319 4398 optimo
1335 4317 1364 4378 in
1380 4317 1478 4399 ipsum

131 4419 316 4492 retorquere.
346 4406 422 4469 Non
442 4406 558 4468 mmm
571 4412 630 4480 est,
652 4403 698 4466 mi
714 4401 848 4478 Calvisi,
870 4413 957 4467 tuom
979 4405 1154 4487 opiniones:
1160 4405 1285 4488 salsam
1306 4424 1385 4477 esee,
1408 4425 1479 4468 cam

133 4501 254 4563 nitatur
272 4491 479 4580 phraesclsz'e
500 4503 529 4558 et
550 4517 572 4558 c
587 4503 616 4557 :a
638 4493 775 4575 confictis
796 4495 1024 4576 hypothesibus.
1059 4494 1187 4558 Nulla'ds‘
1201 4495 1282 4556 anim
1295 4513 1418 4556 samum
1432 4492 1480 4558 vel

130 4585 355 4671 Eoustpelistae
369 4584 480 4647 mooe
503 4583 551 4646 cel
571 4583 718 4664 hospiti,
741 4604 830 4664 pacm
848 4585 940 4646 certa
961 4581 1145 4665 simpliciter
1165 4581 1321 4646 intellecta
1340 4585 1479 4664 pipnuat,

129 4679 278 4761 sepem-is,
294 4675 352 4738 sed
364 4675 399 4736 in
413 4670 619 4754 Evunpeliatc
630 4673 783 4754 pervertis
796 4675 957 4736 cadmum
973 4673 1121 4747 ordinem,
1143 4674 1177 4735 in
1191 4671 1327 4754 Josepho
1343 4691 1480 4735 morem

129 4769 310 4851 ωῳίοαηε,
333 4765 451 4844 prwties
473 4762 529 4824 tihi
548 4759 625 4825 aab
639 4769 699 4835 ert,
721 4763 839 4825 moris
862 4783 975 4826 consae
997 4781 1036 4825 en
1050 4769 1136 4826 wala
1151 4768 1259 4824 contro
1279 4761 1479 4836 manifestim

129 4858 193 4941 eine
206 4865 348 4924 mouera
361 4854 486 4916 maeste
499 4858 529 4915 et
541 4853 588 4914 etc
601 4851 713 4933 atique
726 4871 837 4916 nocam
851 4851 1033 4915 sententiam
1040 4851 1148 4934 jinpis.
1180 4849 1234 4914 Ita
1248 4851 1336 4931 opttd
1351 4849 1477 4915 meam
