3406 5542
600 321 737 394 cesam.
763 323 1016 387 manasen.
1057 335 1060 340 ·
1397 303 1465 374 ιιι

113 471 270 554 Iosephus
285 471 400 536 nuliam
416 469 545 542 Quirinii
558 471 743 534 mentionem
757 452 813 532 sub
828 471 905 532 haec
920 477 1058 551 tempora
1072 467 1187 543 iecerit,
1202 485 1269 530 cnm
1284 475 1388 532 ιιιιιιι
1404 468 1463 530 ali·

116 569 190 644 quot
206 561 298 624 annis
313 569 395 642 poet,
410 577 489 622 anno
504 559 615 634 sc..bl,·
629 556 928 634 omninanirinium
942 557 1233 631 iuJudaeahabeat,
1248 575 1463 638 censnsegen-
1561 626 1563 634 ¹
1685 613 1688 634 ,

117 659 178 713 tem
195 657 229 712 et
245 649 356 732 Syriae
372 649 610 730 praesidentem,
624 665 692 730 ,ιιι
715 665 794 710 ιιιι
810 645 953 711 Christus
975 645 1103 710 omnium
1123 644 1372 726 chronologorum
1388 665 1463 708 con·-

118 739 295 819 sensn'jam
320 739 435 821 aliquot
455 756 599 800 annorum
615 743 751 800 aetatem
772 736 915 799 habebat.
958 737 1099 799 Meminit
1123 735 1214 800 Corn.
1231 736 1357 798 Tacitus
1372 735 1462 816 hujus
1539 777 1547 819 ¹.

116 827 242 908 Sulpitii
263 825 406 902 Quirinii,
421 827 509 889 funus
525 827 590 907 ejus
606 843 844 889 commemorans
860 845 939 891 anno
953 825 1014 888 Jnl.
1030 824 1082 888 66.
1095 837 1100 860 ·
1119 824 1178 888 Hic
1194 843 1261 887 cum
1276 831 1360 886 esset
1373 824 1461 886 lucu-

116 918 201 994 lenta
217 917 340 980 occasio
354 916 554 998 percensendi
564 933 668 978 omnes
684 915 898 995 ejushonores,
914 933 981 978 cum
997 913 1061 994 ejus
1077 912 1275 988 consolatum,
1291 913 1340 996 qui
1356 911 1387 976 in
1403 933 1461 977 an·-

116 1025 187 1070 unm
215 1007 277 1070 Jul.
304 1004 355 1070 34.
379 1005 497 1080 incidit,
527 1023 598 1066 mox
621 1003 791 1068 debellatos
816 1003 1065 1068 Homonadenses
1096 997 1175 1084 (rem
1200 1001 1293 1064 etism
1318 1001 1463 1065 Straboni

115 1090 352 1175 memoratam),
367 1102 431 1156 tum
445 1101 594 1156 rectorem
611 1093 691 1174 Cajo
704 1091 832 1157 Caesari
847 1093 965 1168 datum,
979 1092 1155 1155 Armeniam
1171 1091 1336 1165 obtinenti,
1358 1097 1391 1154 et
1405 1091 1461 1153 Ti-

115 1185 233 1248 berium
248 1183 349 1246 Rhodi
365 1190 505 1263 egentem
523 1183 561 1244 ab
575 1182 627 1245 iilo
644 1183 757 1246 cultum
771 1190 940 1256 recensent,
956 1189 1041 1246 tacet
1056 1188 1159 1244 tamen
1170 1180 1279 1262 Syriae
1287 1180 1461 1262 praesidem
1575 1231 1580 1244 .

115 1274 283 1354 hucusque,
298 1291 339 1336 sc.
355 1291 448 1353 usque
465 1272 507 1344 ad
520 1290 631 1335 annum
644 1271 705 1334 Jnl
720 1270 772 1335 49.
811 1270 978 1352 Sequentia
998 1271 1141 1374 quidem·
1133 1288 1230 1353 ipsum
1246 1271 1388 1332 omittere
1402 1269 1463 1332 ιιι-

115 1381 181 1426 rum
197 1381 259 1424 non
275 1369 332 1436 est,
347 1366 382 1423 ιι
397 1357 476 1444 qdod
492 1378 530 1422 ex
544 1360 655 1424 indicio
670 1359 754 1424 Flori
771 1354 814 1450 (ιι
828 1359 924 1442 Lipsii
940 1355 1158 1424 comestionem
1173 1353 1348 1440 admiseris)
1370 1358 1463 1421 etiam

114 1451 145 1514 in
160 1451 272 1514 Africa
285 1467 351 1520 rem
362 1457 484 1512 strenue
500 1449 598 1530 gessit
612 1457 720 1512 contra
734 1437 945 1524 Marmaridas,
960 1447 1463 1530 quodquepostArchelsmnrels-

114 1549 223 1621 getam
247 1561 267 1602 a
286 1539 422 1620 Joeepho
447 1537 556 1620 Syriae
579 1555 705 1618 praeses
729 1539 913 1619 agnoscitur.
958 1539 1038 1600 Nam
1060 1537 1115 1600 illa
1137 1544 1259 1602 tantum
1279 1555 1460 1618 percensere

114 1629 226 1692 Tacito
241 1628 444 1710 propositum,
468 1627 574 1708 quibus
593 1625 694 1690 relnti'
707 1627 851 1708 gradibus
872 1625 1026 1698 Quirinius
1044 1617 1085 1688 ad
1102 1626 1215 1690 Tiberii
1234 1625 1366 1730 gratiam
1386 1644 1461 1688 con-

115 1719 254 1781 scendit:
276 1735 353 1800 qnae
372 1716 456 1780 inter
472 1716 556 1780 nulls
571 1715 679 1802 Syriae
695 1716 824 1790 mentio,
846 1735 913 1779 cum
927 1716 1075 1780 Armenia
1093 1723 1197 1780 tamen
1211 1715 1312 1781 sicine
1328 1733 1463 1778 comme-

115 1815 297 1871 moraretur.
341 1805 404 1869 Sed
426 1805 540 1868 andum
560 1805 753 1886 praecipuum
774 1807 994 1869 firmamentum
1014 1823 1125 1887 ponam
1146 1805 1178 1868 in
1199 1805 1300 1870 Taciti
1322 1803 1463 1879 silentio;

116 1897 209 1961 luerit
228 1897 310 1960 inter
323 1913 421 1976 parva
440 1895 610 1975 praeterita
631 1893 787 1976 provincia
807 1895 838 1956 in
858 1913 934 1976 pace
954 1893 1182 1970 administrata,
1203 1892 1371 1974 Joeephum
1389 1911 1464 1956 vero
1538 1953 1540 1958 ,

117 1983 184 2068 quis
200 2003 262 2048 non
277 1985 403 2048 miretur
418 2001 621 2064 sumopere,
637 1984 664 2046 si
680 1980 833 2054 Quirinius
850 1992 923 2046 ante
938 2003 1048 2048 annum
1063 1983 1114 2046 tl.
1130 2001 1257 2066 praeses
1273 1983 1382 2065 Syriae
1398 1983 1487 2056 fuit.

116 2075 176 2138 hoc
195 2075 262 2156 jam
286 2074 326 2136 ab
346 2073 399 2136 illo
422 2072 570 2153 scriptore
591 2091 628 2134 ne
648 2073 773 2136 verbulo
793 2074 914 2154 quidem
929 2073 1054 2155 attingi3
1080 2073 1200 2155 quando
1217 2071 1385 2144 Quirinium
1401 2090 1463 2134 non

116 2163 340 2245 perfunctorie,
363 2163 417 2225 sed
438 2179 552 2224 summo
569 2161 669 2225 studio
685 2161 846 2226 describit:
878 2161 954 2244 quis,
969 2171 1100 2244 quantus
1115 2162 1162 2224 vir
1177 2181 1256 2224 anno
1271 2161 1394 2224 Juliano
1411 2161 1464 2224 51.

117 2254 157 2317 ab
172 2254 316 2333 Angusto
332 2250 442 2314 missus
457 2251 488 2313 in
505 2249 635 2333 Syriam,
649 2269 705 2332 per
717 2251 866 2317 Judaeum
882 2269 991 2314 census
1007 2253 1113 2332 egerit,
1128 2251 1274 2315 Archelai
1288 2250 1376 2314 domo
1386 2269 1464 2312 ven-

116 2343 185 2405 dita
199 2343 288 2422 inque
304 2341 409 2404 liscum
425 2338 569 2406 anearis
583 2339 718 2404 redactis
734 2339 798 2420 ejus
813 2339 910 2403 bonis.
954 2340 1012 2402 Hic
1035 2341 1164 2403 honores
1181 2337 1310 2411 Quirinii
1333 2340 1372 2402 sd
1388 2357 1464 2402 con-

117 2431 251 2496 sulatum
266 2448 361 2511 usqne
377 2447 571 2510 percensens,
587 2448 640 2491 cur
654 2448 713 2492 non
728 2429 809 2492 inter
825 2447 934 2492 causas
950 2429 1020 2492 novi
1035 2429 1233 2510 magistratus
1249 2435 1467 2492 commemorat

118 2527 151 2583 et
165 2520 260 2594 hanc,
279 2518 358 2602 qnod
375 2518 502 2582 eundem
516 2518 568 2581 ille
578 2518 644 2598 jam
658 2525 752 2580 antea
767 2527 884 2599 quoque
899 2517 1050 2597 gesserit?
1094 2519 1174 2582 Nam
1189 2517 1249 2582 etsi
1262 2517 1415 2598 Joeephus
1431 2523 1465 2579 et

117 2609 181 2674 alia
195 2608 315 2682 reticet,
329 2609 360 2670 ιιι
377 2604 512 2678 Quirinio
529 2607 648 2690 quidem
663 2607 722 2670 iter
737 2606 802 2686 ejus
819 2625 885 2669 curn
902 2605 978 2688 Oejo
993 2607 1025 2670 in
1039 2607 1229 2681 Armeniam,
1250 2605 1282 2670 in
1298 2605 1465 2670 Saturnino

116 2717 204 2773 vero,
224 2695 344 2779 quando
361 2715 426 2758 enm
441 2697 522 2760 inter
532 2695 652 2776 judiees
666 2695 794 2758 liliorum
807 2695 941 2759 Herodis
957 2693 1101 2771 collocat,
1125 2695 1312 2777 provinciam
1327 2695 1464 2777 Syriamr
1500 2698 1503 2704 '

116 2793 151 2852 at
173 2785 399 2850 diversissimae
422 2803 533 2848 causae
561 2791 641 2848 sunt
687 2781 815 2855 Quirinii
837 2783 898 2847 iter
916 2784 1111 2848 Armenicum
1133 2787 1293 2868 occupatio
1316 2791 1384 2848 erat
1403 2803 1465 2848 nou

116 2874 255 2950 honoris,
273 2873 418 2938 ordinarii
434 2869 563 2956 gradm,
584 2879 617 2936 st
632 2873 790 2937 Saturnini
805 2873 961 2956 provincia
976 2873 1067 2956 Syria
1077 2875 1143 2956 jam
1159 2883 1252 2938 antea
1266 2881 1342 2938 nota
1358 2880 1391 2936 et
1405 2892 1464 2938 no-

116 2966 235 3030 minata
250 2971 333 3038 erat;
356 2963 511 3046 majusque
533 2969 602 3026 erat
623 2963 663 3026 sd
686 2963 893 3026 extollendum
909 2961 1106 3028 Saturninum
1128 2965 1318 3028 consularem
1340 2963 1464 3068 dixisse,

116 3073 207 3137 quam
221 3051 393 3134 praesidem
409 3051 533 3134 Syriae,
555 3052 664 3134 qnippe
686 3053 759 3116 illud
778 3052 867 3132 hujus
888 3071 983 3116 causa
1003 3059 1083 3116 arat:
1109 3061 1143 3116 et
1161 3061 1271 3116 neutra
1289 3053 1404 3124 mentio
1420 3051 1465 3116 sic

116 3143 158 3206 ad
172 3161 238 3206 ram
253 3141 416 3215 attinebat,
432 3149 466 3204 ιι
479 3140 529 3203 hic
544 3141 662 3204 adrem
678 3148 754 3215 erat,
771 3138 989 3216 Quirinium,
964 3159 991 3203 ιι
1006 3141 1072 3217 luit,
1087 3141 1179 3204 inisse
1196 3149 1229 3204 et
1244 3149 1338 3204 antea
1353 3141 1464 3224 Syriae

116 3231 289 3314 praesidem
304 3223 413 3292 dicere.
457 3217 521 3292 Sed
536 3247 632 3312 neque
647 3229 735 3294 facile
751 3229 886 3311 reperias
902 3231 1079 3311 exemplum,
1094 3231 1141 3294 bis
1158 3231 1262 3294 datam
1278 3229 1375 3293 eidem
1388 3249 1464 3312 pro-

115 3321 248 3385 vinciam
263 3319 400 3424 eapdem,
413 3318 544 3382 ιιιιιιιιιιι
560 3318 616 3382 sub
630 3319 786 3400 Augusto:
804 3337 874 3381 nam
889 3319 945 3381 sub
961 3316 1049 3382 Coss.
1065 3319 1202 3383 accidere
1219 3319 1338 3382 ιιιιιιιι
1352 3321 1465 3400 potuit,

117 3419 152 3474 ι
165 3411 248 3472 adem
264 3409 360 3490 ptimo
375 3414 500 3488 praetor
518 3415 574 3470 ant
592 3407 754 3490 proconsul
770 3402 935 3469 obtinuerit
951 3407 1138 3487 provinciam
1152 3407 1465 3490 eandemque‘.1temm

117 3498 224 3564 consul
240 3497 357 3561 οιιιιιι
372 3497 453 3559 bello
468 3496 643 3560 sortiretur:
664 3495 756 3578 Syria
774 3493 849 3556 ver'o
863 3494 943 3558 inter
957 3497 1091 3576 Augusti
1111 3493 1284 3577 provincias
1301 3505 1382 3574 erat,
1408 3518 1465 3564 nec

116 3595 217 3663 sorte,
240 3585 294 3650 sed
307 3584 441 3666 Augusti
455 3585 614 3648 voluntate
631 3583 861 3666 assignabatur,
883 3591 917 3646 et
936 3592 1049 3666 pacata
1064 3593 1134 3648 erat
1151 3594 1187 3649 nt
1205 3585 1365 3666 plurimum
1381 3587 1466 3652 cirea

114 3677 174 3742 bos
188 3693 296 3740 annos.
340 3679 348 3696 ⁸

172 3763 296 3830 Addo
320 3783 399 3827 nnnc
419 3761 598 3826 Tertulliani
623 3761 825 3846 antiquissimi
851 3761 1010 3843 scriptoris
1034 3761 1255 3840 testimonium,
1276 3763 1327 3846 qni
1351 3765 1464 3830 nullum

118 3873 231 3961 operae
245 3853 377 3935 pretium
391 3852 514 3926 lecerit,
535 3851 721 3936 Marcionem
736 3851 922 3916 haereticum
937 3851 977 3913 ad
992 3850 1151 3915 Saturnini
1167 3871 1291 3916 consum
1306 3853 1464 3936 ablegans,

116 3944 142 4008 si
156 3945 185 4008 is
199 3961 263 4006 non
278 3963 298 4006 o
313 3939 477 4004 Saturnino
494 3939 549 4004 sed
564 3959 583 4002 s
598 3938 735 4011 Quirinio
750 3939 860 4004 luisset
873 3947 1025 4046 peractus
1054 3941 1133 4006 Nam
1149 3941 1228 4023 quod
1243 3943 1373 4025 qnidam,
1389 3962 1465 4026 qnos

116 4034 197 4097 inter
210 4031 394 4095 Franciscns
409 4031 580 4104 Eumaeus,
604 4029 674 4092 hnic
694 4029 891 4092 dissensni'
866 4049 910 4092 erc
932 4029 1046 4094 mederi
1069 4031 1222 4106 nituntur,
1251 4041 1287 4095 nt
1309 4031 1465 4104 Quirinius

117 4139 241 4186 censum
263 4113 477 4184 demandatum
498 4137 554 4200 per
575 4115 773 4182 Saturninum
794 4117 906 4200 egerit:
936 4118 968 4182 id
987 4119 1120 4184 moribus
1142 4127 1176 4183 st
1196 4121 1464 4185 consuetudinibus

115 4210 281 4283 Romanis,
309 4208 490 4290 praesertim
506 4207 562 4270 snb
583 4208 741 4288 Augusta,
772 4225 832 4270 non
865 4207 1066 4271 demonstrari
1090 4215 1196 4290 potest
1220 4217 1465 4274 cousentaneum.

117 4298 379 4372 Quemadmodum
393 4315 450 4360 nec
463 4295 521 4358 hoc
537 4303 664 4358 enervat
678 4296 884 4360 testimonium
898 4295 1087 4372 Tertulliani,
1102 4298 1182 4380 qnod
1197 4298 1296 4374 iidem,
1312 4299 1362 4380 qui
1376 4297 1465 4380 primi

115 4391 172 4454 hoc
187 4388 395 4471 protulerunt,
410 4384 602 4460 existimant,
619 4382 775 4449 Christum
790 4375 909 4468 quider'n
925 4393 1029 4449 natum
1044 4405 1123 4450 anno
1139 4386 1205 4464 44
1224 4406 1282 4468 quo
1299 4405 1378 4450 anno
1394 4387 1464 4462 Λι-

115 4487 223 4560 gustus
239 4475 330 4540 XIII.
350 4472 420 4539 Oos.
435 4474 494 4540 ιιιι
507 4491 602 4556 eoque
619 4491 741 4536 censum
756 4473 837 4537 illins
852 4474 922 4538 anni
937 4493 992 4556 per
1005 4475 1154 4540 Iudaeam
1175 4483 1277 4540 actum
1291 4475 1464 4556 Angustia-
1562 4531 1566 4536 .

115 4587 184 4632 ιιιιι
199 4565 262 4630 dici
278 4563 534 4627 aTertnlllunor'
525 4582 556 4625 m
572 4581 660 4644 quem
675 4581 743 4626 curn
756 4563 904 4628 infantem
914 4563 1069 4628 Christum
1083 4565 1213 4628 relatum
1230 4581 1299 4626 esse
1314 4563 1464 4626 incertum

116 4666 207 4733 esset
222 4655 295 4720 ideo
311 4651 529 4715 Tertullianum
544 4653 697 4733 allegasse
713 4663 746 4714 et
761 4670 883 4714 censum
898 4653 989 4716 alium
1004 4661 1076 4733 post
1091 4671 1188 4718 annos
1201 4653 1232 4727 ὅ
1248 4671 1328 4714 anno
1342 4653 1402 4716 ιιι
1410 4651 1465 4716 49
1532 4692 1537 4704 -

114 4755 275 4828 peractum
299 4739 372 4814 ces.
388 4739 496 4807 Sentio
512 4737 695 4815 Saturnino,
716 4761 737 4803 a
751 4759 810 4822 qno
832 4759 941 4804 census
955 4741 1006 4804 ille
1023 4741 1234 4806 denominatus
1249 4739 1307 4815 sit,
1328 4741 1360 4804 ιι
1376 4759 1487 4824 quem·

113 4835 325 4904 ratumena·
338 4837 429 4914 petat
443 4837 528 4894 ιιιιι
542 4831 673 4896 raama
686 4787 853 4896 'omnum
896 4829 1020 4896 Minime
1039 4830 1182 4912 gmtium
1225 4827 1339 4894 cenaui
1355 4849 1464 4896 nomen
