3412 5538
250 301 313 368 130
381 397 382 400 Ἴ
662 383 664 388 Ι
723 319 828 395 Keplerl
840 320 924 372 studia
936 321 1116 387 emoneloglca

250 484 318 529 cum
336 473 426 548 parte
445 467 646 547 interpretum
665 465 803 540 Terram,
825 463 857 527 in
871 465 967 546 primo
982 465 1131 528 versiculo
1155 483 1194 527 ex
1208 463 1301 528 nihilo
1323 471 1437 540 ortam,
1459 462 1597 538 eandem,

247 575 325 637 quae
342 557 389 618 die
406 557 498 619 tertio
516 554 639 617 emersit
655 572 693 616 ex
709 554 803 635 aquis.
834 555 943 635 Itaque
959 556 1105 630 concedo,
1125 557 1251 620 Terram
1266 562 1299 616 et
1314 574 1390 636 quae
1411 575 1475 618 una
1490 553 1595 616 subin-

245 645 345 726 telligi
368 645 475 720 debet,
498 663 606 726 aquam
628 644 722 706 fnisse
743 643 902 707 materiam
923 664 1040 719 eorum,
1063 663 1139 726 quae
1160 651 1271 725 postea
1291 650 1363 706 sunt
1385 650 1509 718 creata;
1537 661 1596 704 non

135 802 144 814 ,
246 742 351 798 tamen
365 735 397 796 id
413 732 549 814 intelligo
572 733 752 815 principium
767 751 880 809 rerum,
901 734 981 815 quod
1004 735 1059 797 sub
1074 734 1221 796 materiae
1243 733 1359 814 primae
1381 731 1557 796 vocabulo
1548 751 1596 794 ιιι-

246 824 359 904 telligit
372 825 461 886 Arist
463 823 568 896 oteles,
586 823 641 885 sed
654 825 823 904 perfectam
837 843 901 886 rem
916 823 1095 897 naturalem,
1112 831 1304 886 constantem
1319 843 1375 885 sua
1390 823 1489 886 forma
1503 828 1596 884 natu-

245 913 316 989 rali,
339 931 415 993 quae
434 919 501 974 erat
516 912 602 994 quasi
619 912 687 992 ipsa
701 913 778 974 haec
797 912 969 976 informitas
986 931 1039 975 seu
1057 913 1188 995 privatio
1205 913 1368 976 formarum
1387 919 1420 975 et
1435 896 1597 992 figuratio-

244 1020 316 1064 num
332 1003 568 1064 subsecutarum.
612 1001 656 1062 Et
671 988 807 1064 ostendit
823 1002 946 1083 sequela
962 1008 1075 1076 textus,
1090 1003 1200 1064 Mosen
1220 1001 1352 1065 scribere
1367 1002 1404 1065 de
1422 1009 1492 1064 ortu
1508 1019 1597 1062 crea-

244 1097 380 1153 turarum
396 1111 435 1152 ex
450 1098 522 1153 ante
539 1097 644 1153 creata
658 1110 770 1154 massa.
816 1090 898 1154 Sane
920 1111 987 1154 cum
1002 1092 1052 1154 W.
1069 1090 1228 1155 Gilbertus
1245 1093 1449 1166 demonstrat,
1470 1092 1598 1152 Terram

244 1199 312 1242 esse
334 1180 529 1244 informatam
552 1181 649 1242 forma
664 1179 838 1261 magnetica
859 1201 914 1261 per
929 1187 1044 1256 totum,
1065 1181 1142 1243 haec
1163 1181 1267 1264 utique
1290 1183 1387 1244 forma
1408 1182 1436 1243 ei
1451 1200 1515 1244 non
1530 1185 1598 1242 erat

242 1269 369 1332 indita'
361 1289 393 1332 ιιι
407 1269 504 1350 primo
520 1277 590 1332 ortu
612 1289 650 1332 ex
665 1270 767 1333 nihilo.
804 1269 903 1332 Recte
924 1271 1028 1352 itaque
1050 1271 1186 1334 informis
1210 1271 1303 1334 fuisse
1327 1272 1490 1344 statuitur;
1523 1277 1557 1332 et
1572 1268 1597 1330 si

241 1359 338 1422 Terra
354 1359 453 1422 caruit
467 1358 671 1433 mineralibus,
687 1359 786 1422 caruit
801 1367 833 1421 et
848 1360 945 1425 forma
960 1361 1146 1442 magnetica,
1168 1361 1200 1424 id
1219 1367 1267 1423 est
1283 1379 1338 1424 sua
1353 1361 1496 1460 propria3
1522 1358 1596 1422 nihil

242 1447 300 1528 igit
300 1467 336 1512 ur
287 1447 453 1511 afuit·
424 1468 483 1510 ιιιιι
474 1448 586 1512 limus
602 1467 681 1530 aqua
695 1467 822 1512 mersus.

313 1624 442 1676 vocabulo
456 1623 580 1688 ,Abyssi“
592 1625 700 1692 mtellrgr
712 1639 792 1692 aquas
803 1627 923 1692 probatur
935 1641 965 1678 ex
977 1627 1052 1678 rama
1062 1625 1159 1678 locrsS
1170 1625 1329 1694 Scripturae;
1343 1627 1407 1679 alies
1422 1631 1512 1678 censet
1526 1637 1605 1692 posse·

121 1689 125 1694 ’
242 1695 288 1748 sub
301 1698 350 1747 hac
362 1711 422 1747 voce
435 1697 543 1762 intelligi
554 1697 695 1747 infinitum'
688 1711 771 1748 inane.

221 1899 224 1906 ,
332 1840 383 1903 Ιιι
399 1848 504 1902 essent
518 1839 581 1903 ista
596 1839 671 1903 tria:
699 1833 732 1921 l)
755 1787 863 1902 ltlassa
878 1840 1032 1904 limosam
1047 1843 1116 1917 imo,
1137 1860 1232 1924 eaque
1247 1802 1339 1904 vasta
1354 1848 1387 1903 et
1403 1841 1598 1904 omniforme

244 1949 352 1992 carens
369 1936 401 1991 et
416 1931 502 2012 aquis
519 1931 718 2010 superinfusis
731 1929 898 1995 macerata.
924 1924 960 2011 2)
975 1932 1084 2014 Aquae
1100 1933 1160 1996 toti
1176 1931 1344 2012 superficiei
1354 1933 1470 1994 Terrae
1486 1948 1595 2012 super-

243 2021 337 2082 fusae.
368 2013 405 2100 3)
421 2019 574 2082 Infinitum
589 2021 688 2094 inane,
704 2018 839 2082 tenebris
854 2020 1012 2102 repletum.

331 2108 478 2171 Divisio
494 2108 589 2171 lueis
606 2129 625 2170 a
640 2108 807 2171 tenebris
830 2110 914 2172 facta
930 2117 979 2172 est
995 2109 1206 2172 convolutione
1223 2111 1352 2184 Terrae,
1375 2129 1454 2191 quae
1471 2109 1597 2172 concedi

241 2205 348 2282 potest
369 2197 455 2260 initio
479 2199 572 2260 etiam
589 2198 721 2273 abillis,
747 2199 798 2279 qui
817 2207 928 2278 postea
948 2199 1090 2261 stabilem
1111 2200 1300 2262 contendunt
1319 2200 1448 2262 factam:
1480 2217 1554 2262 nam
1568 2199 1598 2260 id

219 2299 225 2346 '.
241 2287 433 2350 verisimilius
450 2294 507 2364 est,
523 2307 613 2368 quam
627 2287 725 2350 lucem
739 2287 770 2348 in
787 2287 928 2350 circulum
939 2296 1041 2351 actam
1057 2283 1107 2371 (ut
1121 2309 1199 2351 nunc
1210 2287 1314 2351 Solem
1330 2289 1461 2352 eredunt
1477 2283 1597 2372 gyrari)

242 2384 389 2458 tempore,
410 2395 468 2458 quo
485 2377 617 2438 nondum
633 2384 701 2438 erat
721 2375 790 2452 Sol,
812 2378 876 2439 ut
868 2385 921 2440 ιιιι
897 2379 1056 2441 t'volunt.
1100 2379 1226 2440 Fuisset
1246 2386 1279 2440 et
1300 2378 1433 2459 qualitas
1458 2378 1545 2442 Solis
1568 2383 1599 2440 et

240 2474 342 2529 motus
359 2465 457 2542 Solis,
480 2466 607 2528 necdum
629 2474 732 2529 tamen
755 2485 864 2547 corpus
880 2465 971 2530 Solis.
1001 2469 1050 2530 Ex
1068 2467 1128 2530 hac
1146 2467 1277 2530 materia
1298 2468 1399 2530 lueida
1420 2468 1599 2550 diequarte

242 2562 420 2638 compactus
437 2561 486 2617 est
501 2553 556 2618 Sol
573 2562 605 2617 et
620 2556 729 2618 stellae
746 2557 839 2631 fixae,
862 2565 897 2621 ut
919 2576 996 2638 quae
1016 2556 1158 2620 videntur
1178 2557 1333 2658 propriam
1352 2557 1469 2619 habere
1484 2556 1598 2620 lucem:

242 2647 298 2709 sed
313 2645 434 2708 diverso
450 2645 530 2708 istae
547 2665 636 2726 quam
652 2644 703 2708 ille
719 2647 817 2708 modo.
841 2647 922 2708 Nam
932 2646 987 2709 Sol
1003 2647 1123 2750 quidem
1139 2654 1207 2710 erat
1222 2647 1271 2708 die
1287 2645 1393 2726 prime,
1410 2653 1445 2708 nt
1461 2647 1599 2709 rationes

241 2735 456 2817 archetypicae
473 2734 583 2796 testari
598 2735 747 2808 videntur,
764 2736 834 2817 quia
848 2754 904 2816 per
919 2735 1012 2798 111ιι
1004 2736 1180 2810 invenimus,
1195 2736 1324 2816 primum
1340 2735 1471 2798 omnium
1488 2755 1599 2817 corpus

243 2845 311 2888 esse
328 2823 432 2886 Solem
448 2825 479 2886 in
495 2831 600 2886 centro
617 2823 712 2886 totius
729 2825 861 2887 universi
883 2831 915 2888 et
931 2844 999 2887 eum
1014 2825 1134 2906 quidem
1149 2825 1343 2887 immobilem.
1374 2825 1453 2888 Dico
1470 2826 1600 2908 primum

240 2915 360 2978 ratione
384 2913 582 2995 quantitatis,
604 2933 665 2976 non
681 2913 799 2976 ratione
816 2915 976 2991 materiae,
999 2934 1057 2996 quo
1074 2922 1216 2996 respectu
1231 2915 1345 2977 nullum
1361 2921 1411 2976 est
1427 2915 1489 2978 alio
1505 2917 1599 2996 prius,

241 3004 312 3086 quia
326 3011 395 3066 tota
410 3021 514 3066 massa
530 3003 616 3065 simul
633 3003 802 3079 conditam
816 3003 964 3085 principio
980 3006 1134 3085 temporis.
1272 3065 1274 3072 .

331 3091 408 3156 Cum
429 3093 495 3155 luce
512 3112 584 3173 ergo
608 3093 709 3173 coepit
724 3099 840 3168 motus,
863 3101 955 3175 atque
977 3094 1023 3157 ita
1045 3102 1145 3156 motus
1160 3095 1273 3156 Terrae
1297 3093 1421 3158 diurnus
1418 3093 1601 3186 antiquior

241 3189 291 3246 est
305 3181 438 3244 motibus
454 3183 595 3272 secundis
612 3182 733 3245 dimidio
750 3182 807 3272 die.
851 3184 921 3246 Hoc
943 3190 992 3246 est
1007 3202 1172 3248 consonum
1187 3183 1357 3246 rationibus
1374 3169 1599 3266 archetypicis3

240 3273 336 3335 Terra
360 3271 439 3334 enim
455 3291 508 3334 suo
525 3265 651 3351 corpore
674 3279 724 3334 est
739 3261 881 3335 mensura
897 3293 1068 3354 corporum,
1092 3294 1147 3335 sua
1169 3273 1318 3335 diametro
1338 3291 1483 3336 mensura
1497 3273 1599 3336 linea-

241 3380 320 3436 rum,
341 3361 467 3444 quodrn
483 3377 537 3422 suo
553 3367 637 3422 motu
654 3361 707 3422 ιιι
709 3380 851 3426 mensura
866 3369 1014 3437 motuum,
1035 3381 1129 3444 eoque
1144 3369 1260 3424 motum
1275 3361 1341 3442 ejus
1357 3381 1425 3426 esse
1443 3363 1598 3446 antiquis-

214 3489 216 3496 ν
242 3451 348 3514 simum
370 3452 405 3514 fit
427 3457 673 3514 consentaneum.
720 3449 918 3531 Objicias‚'
895 3473 920 3514 ιι
940 3459 1040 3514 motus
1062 3452 1226 3534 antiquior,
1248 3470 1321 3532 ergo
1338 3458 1370 3514 et
1386 3471 1514 3534 corpus3
1539 3471 1599 3516 non

240 3539 334 3622 igitur
349 3559 459 3622 corpus
475 3539 558 3602 Solis
573 3540 722 3620 primum?
755 3539 942 3616 Concedam3
968 3549 1035 3604 esto
1057 3542 1153 3622 igitur
1172 3541 1248 3603 haec
1265 3543 1365 3604 altera
1379 3542 1599 3624 interpretatio

242 3632 299 3693 sic:
323 3638 358 3694 ut
371 3631 470 3712 prima
485 3649 546 3692 nox
562 3629 721 3692 duratione
736 3649 858 3693 massae
873 3631 1018 3705 informis,
1034 3630 1078 3692 sic
1094 3631 1192 3711 prima
1208 3630 1273 3693 dies
1289 3631 1451 3694 duratione
1468 3641 1501 3694 et
1516 3633 1599 3694 illius

241 3728 273 3786 et
289 3721 364 3783 lucis
380 3738 483 3782 secum
499 3719 595 3794 Solis,
617 3739 678 3780 non
694 3739 765 3782 vero
783 3719 883 3800 aliquo
898 3728 983 3783 motu
1003 3721 1117 3782 Terrae
1141 3721 1198 3781 fuit
1219 3728 1412 3794 mensurata;
1436 3730 1473 3783 nt
1492 3723 1539 3784 ita
1561 3741 1599 3783 ne

240 3813 336 3874 Terra
358 3810 478 3891 quidem
500 3817 575 3870 tunc
596 3807 688 3870 fuerit
708 3809 929 3890 quantitative,
952 3817 1073 3872 tantum
1088 3808 1179 3871 fuerit
1199 3810 1417 3885 materialiter,
1441 3829 1539 3895 eoque
1561 3830 1600 3874 ne

240 3907 325 3962 mota
340 3899 489 3982 quidem
476 3898 575 3960 fuerit.

331 3987 477 4070 Cogitare
494 3987 603 4068 aliquis
618 3987 745 4067 possit,
752 4003 819 4048 cum
835 4005 874 4048 ex
889 3987 1066 4068 quotidiana
1087 3987 1276 4068 experientia
1291 3989 1345 4051 lux
1360 4007 1490 4056 aurorae
1505 4011 1600 4075 prae-

243 4079 350 4143 oedere
367 4076 581 4158 comprobetur
595 4084 695 4138 ortum
711 4075 802 4151 Solis,
817 4075 870 4138 lux
886 4078 1053 4158 crepusculi
1068 4077 1235 4159 vespertini
1252 4097 1337 4160 seqm
1329 4076 1432 4142 Solis
1448 4103 1600 4158 oceasum,

183 4185 185 4190 ·
242 4187 309 4231 cum
332 4169 425 4230 etiam
445 4165 543 4227 multa
565 4163 626 4226 alia
653 4164 776 4226 luceant
801 4173 926 4245 praeter
948 4165 1067 4241 Solem,
1096 4167 1215 4229 Mosam
1239 4167 1429 4249 populariter
1455 4175 1601 4248 sensisse,

242 4257 328 4339 quasi
350 4257 402 4318 lux
423 4255 486 4316 ista
508 4272 568 4316 non
591 4273 629 4314 ex
650 4249 722 4316 Sole
746 4253 795 4316 sit.
842 4252 959 4355 Collige
982 4256 1107 4330 similia,
1135 4276 1212 4340 quae
1236 4257 1275 4320 ad
1298 4276 1421 4320 sensum
1444 4264 1600 4327 hominnm

242 4345 375 4427 scripsit,
389 4352 424 4406 ut
434 4351 540 4425 partes
551 4342 662 4417 mundi,
679 4341 804 4406 Ocelum
820 4350 853 4404 et
861 4335 988 4407 Terram
1004 4341 1071 4427 (nbi
1081 4364 1168 4426 aqua,
1178 4353 1213 4410 ut
1223 4354 1400 4410 contentum
1416 4353 1474 4416 sub
1484 4353 1599 4418 Terrae

241 4434 404 4508 vocabulo,
426 4441 461 4494 ut
481 4427 690 4512 continente);
722 4432 796 4494 item
818 4432 977 4498 luminaria
997 4454 1109 4518 magna
1131 4435 1202 4512 Sol,
1224 4436 1326 4512 Luna3
1357 4442 1469 4507 tertio:
1503 4463 1599 4526 aquae

244 4542 335 4605 super
350 4523 482 4596 coelum,
505 4528 630 4603 apertae
650 4529 758 4603 portae
781 4521 872 4597 coeli;
897 4533 1005 4604 quarto
1026 4524 1171 4605 imprimis
1192 4483 1249 4589 1ιοι
1266 4527 1303 4590 de
1324 4527 1407 4594 Deo·
1441 4535 1545 4612 „sama
1559 4533 1600 4596 ad

244 4629 291 4674 me
306 4613 400 4690 venit,
415 4611 599 4676 descendam
614 4618 647 4673 et
660 4610 789 4674 videbo“
809 4612 861 4674 &a
890 4614 944 4684 (Nil
955 4619 1085 4688 sequitur.)
