3428 5542
639 357 944 414 auseremcnesna
1200 337 1206 346 ’
1398 343 1462 412 275

119 499 359 564 circumstantiis
376 507 482 582 textus
504 511 536 566 et
557 503 627 586 quia
641 504 951 570 historicae·veritati
973 526 1032 569 non
1047 506 1093 570 ita
1108 515 1267 590 repugnat,
1288 515 1324 572 nt
1338 507 1391 572 illa
1406 516 1468 572 tua

118 591 163 652 Tu
179 609 253 674 ergo
270 610 362 673 quam
386 592 424 655 oh
438 611 502 655 rem
517 601 600 656 tuam
618 595 775 676 praefers?
807 592 899 672 Quia,
919 596 1032 678 inquis,
1057 596 1172 678 antiqui
1188 598 1231 661 sic
1245 597 1469 662 intellexerunt

119 681 164 744 At
180 679 270 743 diuisi
286 689 359 744 sunt
374 679 456 746 inter
471 701 527 746 nos
543 683 618 746 duos
635 684 759 766 antiqui,
773 684 875 765 plures
892 707 911 748 a
925 705 973 750 me
989 693 1083 760 stant,
1099 687 1178 768 quod
1193 706 1297 750 vocem
1315 689 1469 771 isrcdpr'ene

120 769 242 846 attinet,
259 789 315 834 nec
329 778 402 834 tuus
420 778 469 834 est
484 773 519 848 is,
536 791 622 856 quem
639 773 764 856 alleg'as,
779 775 931 856 Ignatius‚
952 776 1005 839 sed
1021 795 1120 851 meus;
1143 795 1214 839 nam
1228 778 1298 862 quia
1314 776 1468 841 Christum

119 860 164 921 ait
180 859 321 942 explesse
337 861 381 924 30
398 881 510 938 annos,
531 883 591 926 non
616 863 709 945 igitur
724 863 782 940 ait,
803 864 901 946 ipsum
915 872 988 929 tunc
1010 865 1160 946 incepisse
1175 886 1243 930 esse
1259 867 1467 942 tricenarium

120 948 163 1011 sic
180 968 248 1012 eum
265 951 383 1032 allegat
397 951 563 1029 Batonius,
587 953 630 1015 sic
646 953 711 1016 alii:
736 953 809 1016 solis
824 954 886 1017 illis
901 954 980 1018 idem
995 963 1053 1030 est,
1068 956 1207 1036 explesse
1229 957 1272 1020 30
1289 964 1321 1020 et
1336 957 1467 1039 incipere

118 1057 187 1100 esse
202 1039 414 1116 tricenarium,
436 1041 543 1124 quihus
564 1049 754 1106 monstrosas
768 1042 938 1108 locutiones
960 1045 1085 1108 civitate
1102 1043 1223 1109 Graeca
1245 1046 1358 1108 donare
1380 1045 1468 1109 ludus

119 1135 182 1190 est:
205 1127 263 1212 ἐγω
284 1129 341 1206 laps
362 1127 527 1212 ἅρχομενος
541 1129 597 1208 oie,
618 1132 728 1195 idest:
752 1133 808 1214 ἐγω
825 1129 955 1216 ἄρχομαι
970 1135 1065 1198 εἶναι..
1086 1133 1135 1196 De
1157 1133 1194 1196 iis
1215 1153 1303 1210 vero,
1322 1135 1375 1216 qui
1396 1154 1468 1197 vere

117 1235 226 1280 uocem
242 1215 407 1301 ἀρχομενος
429 1221 468 1282 ad
484 1228 619 1286 aetatem
635 1221 804 1285 retulerunt
824 1217 915 1304 (quos
935 1223 1016 1286 inter
1037 1224 1198 1286 Erasmus:
1222 1224 1391 1306 incipiebat
1405 1244 1470 1286 esee

118 1327 276 1371 morum
296 1304 362 1384 30,
383 1315 416 1371 et
435 1310 603 1374 Lutherns:
634 1306 677 1377 (tr
691 1308 773 1394 qlerq
796 1309 826 1375 ln
847 1314 905 1377 tuo
922 1307 1070 1394 hretlllqtle
1086 1309 1159 1388 Sur,
1184 1312 1269 1376 alibi:
1294 1311 1337 1380 (tr
1359 1311 1416 1396 hut
1432 1327 1470 1377 on

118 1399 176 1461 unh
192 1394 278 1479 glano
295 1397 324 1462 ln
338 1397 396 1462 but
412 1395 462 1464 30.
472 1395 568 1482 Sept,
590 1400 642 1463 ubi
657 1418 747 1482 agere
762 1401 948 1464 tricesimum
963 1409 1012 1463 est
1028 1409 1115 1464 aetas
1132 1403 1259 1466 definita
1281 1411 1313 1466 et
1328 1403 1469 1484 praecisa

118 1485 161 1550 29
178 1487 396 1568 completorum
418 1495 451 1551 et
471 1489 616 1552 tricesimi
637 1484 817 1571 currentis),
840 1491 903 1554 dixi
917 1492 1008 1573 paulo
1025 1499 1129 1565 antea,
1153 1511 1228 1574 quas
1250 1493 1464 1555 excusationes

119 1575 256 1638 habeant
271 1585 408 1660 atquem
423 1598 482 1643 non
496 1579 708 1662 praejudicent
723 1580 833 1644 ceteris
849 1581 966 1664 ipsique
983 1581 1059 1644 adeo
1068 1580 1193 1645 veritati
1209 1601 1278 1644 sese
1294 1581 1465 1645 evidentius

118 1665 327 1746 patefacienti.
692 1689 696 1698 ·

206 1755 349 1820 Alteram
365 1775 502 1832 caumm,
525 1776 577 1820 eur
590 1757 747 1840 praeferas
768 1758 1052 1839 interpretationem
1069 1765 1167 1834 tuam,
1189 1759 1266 1822 dicis
1282 1777 1350 1822 esse
1367 1755 1469 1821 Scali-

119 1863 225 1926 gernm
246 1844 445 1928 interpretem
466 1846 629 1910 somniem
650 1847 810 1910 verborum
831 1847 1054 1929 amplissimum
1099 1849 1166 1929 Ego
1184 1848 1288 1929 jurato
1312 1845 1469 1928 Scaligero

119 1953 179 1998 non
194 1936 286 1998 credo
302 1933 360 1998 nisi
376 1936 514 2018 exempla
528 1937 682 2012 afferenti,
705 1935 812 2018 quibus
826 1937 952 2018 probet,
972 1937 1028 2020 dyc
1054 1939 1111 2015 ehu
1126 1934 1290 2020 c’pqoneroe
1305 1935 1358 2014 oie,
1378 1955 1468 2000 usur·

118 2023 185 2105 pari
205 2043 263 2105 pro
284 2023 340 2106 ἐγω
362 2023 496 2108 α’ρχομαι
510 2027 603 2088 ‘elsae
632 2026 740 2108 quodsi
762 2026 854 2088 etiam
875 2028 1033 2108 probaret,
1062 2035 1165 2110 tamen
1188 2027 1286 2090 adhuc
1317 2027 1469 2108 singulare

118 2113 175 2175 hoc
191 2113 303 2188 habet,
318 2112 374 2196 dyo
389 2116 523 2197 α’ρχομιιι
537 2115 609 2178 elect
624 2114 697 2178 teor
712 2117 750 2190 λ’,
768 2116 849 2182 idem
866 2135 934 2180 esse
950 2116 1030 2198 quod
1044 2117 1156 2197 incipio
1178 2117 1306 2196 p'rimum
1327 2124 1360 2178 et
1374 2116 1469 2178 trice-

119 2202 236 2267 simum.
264 2203 347 2266 Nam
360 2203 488 2280 Patres,
502 2204 559 2286 'qui
574 2223 729 2268 numerum
743 2205 823 2268 hunc
838 2205 903 2287 ejus
918 2212 1096 2281 tenuerunt,
1118 2224 1194 2267 uoce
1214 2212 1318 2268 tamen
1340 2201 1472 2285 ἄρχομαι

119 2292 254 2354 adhunc
269 2309 424 2355 numerum
447 2293 642 2356 evincendum
665 2313 725 2358 non
740 2295 862 2356 fuerunt
884 2294 978 2358 abusi.
1023 2296 1232 2370 humentem,
1254 2300 1289 2356 ut
1312 2293 1412 2356 omnia
1426 2293 1471 2355 illi

119 2381 294 2457 concedam,
317 2400 393 2463 quae
410 2382 542 2445 affirmat
557 2383 762 2458 securissime,
786 2384 916 2446 nondum
937 2391 1038 2446 tamen
1056 2389 1195 2458 constat,
1217 2401 1287 2445 num
1302 2382 1397 2445 etiam
1410 2381 1470 2444 hoc

120 2469 187 2532 loco
202 2489 266 2533 vox
281 2468 451 2554 α’ρχομιιος
471 2471 511 2534 sd
532 2469 748 2554 praecedentia
770 2473 807 2534 de
823 2479 929 2534 aetate
945 2471 1064 2536 Christi
1086 2472 1127 2535 sit
1142 2471 1302 2534 referenda
1316 2491 1357 2535 an
1371 2471 1470 2533 inter-

118 2559 284 2640 punctione
300 2560 528 2641 distinguenda,
550 2568 586 2624 ut
601 2562 637 2623 de
653 2561 821 2626 ministerio
838 2559 953 2624 Christi
970 2568 1074 2624 sonet:
1098 2579 1168 2624 nam
1189 2561 1324 2624 rationes
1347 2561 1406 2622 hnc
1420 2559 1470 2622 in·

118 2647 251 2723 alluunt,
273 2667 334 2711 non
355 2649 435 2712 illuc.
471 2651 601 2713 Fmstra
616 2668 687 2731 ergo
710 2657 745 2712 tu
767 2669 875 2712 sensus
898 2650 1058 2713 verborum
1076 2651 1295 2732 Evangelistue
1318 2649 1471 2731 ponderas

118 2737 306 2800 anctoritate
323 2737 489 2820 Scaligeri,
511 2740 537 2801 si
551 2739 618 2820 ipse
633 2739 784 2802 rationum
798 2739 961 2802 momentis
984 2739 1042 2802 fuit
1057 2739 1231 2802 destitutus
1278 2737 1470 2819 Iniquissima

117 2845 191 2889 rero
213 2845 263 2888 me
286 2827 470 2903 criminaris,
493 2829 573 2911 quod
595 2828 750 2910 expressis
771 2828 873 2891 verbis
888 2828 1106 2910 Evangelistae
1123 2825 1284 2910 obloquar,
1305 2834 1472 2908 propterea

117 2917 190 2998 quia
205 2935 328 2978 sensum
344 2935 448 2980 eorum
463 2916 704 2998 Scaligerianum
720 2917 804 3000 sequi
819 2917 899 2988 nolo.

209 3004 274 3068 Sed
289 3006 490 3069 auctoritates
506 3014 576 3070 tuas
593 3007 728 3088 sequitur
744 3015 776 3068 et
790 3006 880 3082 ratio,
896 3025 948 3069 cur
961 3007 1121 3088 praeferas
1137 3013 1221 3068 tuam
1236 3004 1470 3086 interpretatio-

118 3113 201 3157 nem:
226 3094 299 3176 quia
313 3095 431 3158 scilicet
445 3113 505 3158 non
521 3095 652 3159 addetur
667 3096 780 3178 aliquid
796 3096 834 3158 de
848 3089 1076 3176 praedicatione
1094 3094 1218 3159 Christi
1239 3094 1288 3157 ·At
1304 3111 1357 3156 cur
1372 3093 1470 3155 adde-

118 3193 214 3258 retur,
230 3184 312 3266 qnod
327 3183 499 3247 immediate
514 3185 704 3266 praecessit?
742 3181 819 3256 Quis
841 3185 1044 3268 intelligeret,
1067 3183 1138 3266 quid
1161 3184 1202 3246 sit
1216 3181 1291 3246 illud
1306 3179 1472 3264 ἀρχομηος

118 3281 171 3336 aut
187 3271 288 3355 qualis
304 3271 389 3355 ἄρχη,
405 3274 430 3336 si
444 3273 574 3336 historia
589 3274 627 3336 de
641 3275 700 3336 hoc
714 3273 802 3336 initio
819 3273 937 3336 demum
953 3280 1138 3356 sequeretur,
1154 3272 1180 3334 si
1196 3291 1257 3334 uon
1271 3271 1472 3352 praecederet

116 3363 163 3438 id,
185 3363 227 3425 ad
242 3362 323 3444 qnod
339 3363 472 3425 refertur
488 3381 549 3424 rox
564 3363 737 3444 incipiaris?
768 3362 883 3426 Orem
904 3363 1023 3425 miram!
1054 3363 1131 3424 uum
1153 3362 1271 3424 demum
1287 3367 1373 3422 esset
1395 3360 1471 3422 dura

115 3451 250 3533 partium
265 3469 399 3514 mearum
415 3451 556 3526 conditio,
579 3452 712 3525 siesset,
734 3450 813 3532 quod
827 3459 861 3514 tn
877 3450 1042 3526 desideras,
1064 3450 1090 3512 si
1106 3469 1166 3512 non
1181 3448 1390 3530 praecederet,
1414 3448 1470 3510 sed

117 3547 303 3622 sequeretur·
312 3541 388 3604 haec
402 3540 546 3615 historia,
568 3548 640 3602 tunc
651 3540 736 3603 'enim
749 3539 802 3602 vix
816 3539 966 3602 inueniret
988 3539 1064 3602 haee
1079 3557 1155 3613 vox,
1177 3556 1321 3620 quorsum
1336 3558 1370 3602 se
1385 3537 1469 3600 reoi-

115 3637 215 3712 peret,
229 3637 444 3711 praeterquam
459 3629 500 3692 ad
514 3636 649 3692 aetatem
665 3628 790 3693 Christi.
832 3629 938 3708 Negas
954 3635 999 3705 tu,
1016 3627 1152 3691 additam
1168 3646 1236 3690 esse
1252 3626 1414 3690 historiam
1431 3626 1469 3690 de

115 3719 280 3784 vocatione
296 3717 421 3794 Christi,
436 3737 512 3801 quae
526 3717 764 3802 praedicationis
780 3725 829 3782 est
843 3716 969 3781 initialis
985 3715 1173 3782 solennitas?
1199 3715 1269 3778 Non
1287 3733 1361 3799 ergo
1377 3715 1468 3780 addi-

115 3807 248 3884 turtihi,
264 3807 532 3891 quodimmediate
547 3807 774 3889 praemittitur?
1155 3859 1158 3867 .

204 3898 366 3960 Hactenus
390 3917 457 3962 mea
478 3897 558 3962 ratio
588 3896 735 3971 secunda,
765 3915 818 3959 cur
839 3913 993 3959 numemm
1015 3894 1209 3958 tricenarium
1233 3911 1294 3958 non
1320 3894 1469 3976 accipiam

116 4007 299 4070 praecisum
650 4006 656 4022 ·

206 4076 354 4158 Sequitur
369 4076 462 4139 tertia
476 4084 509 4139 et
523 4074 667 4158 primaria
682 4073 776 4148 ratio,
798 4075 886 4156 quod,
903 4079 1047 4154 separata
1061 4093 1136 4138 voce
1152 4075 1278 4140 definita
1293 4071 1468 4155 ἂρχομινος,

109 4167 176 4248 jam
191 4165 329 4230 vicissim
344 4183 404 4228 vox
418 4165 575 4229 indefinita
590 4159 660 4226 oica
674 4163 832 4245 praecedit
848 4181 993 4227 annorum
1002 4162 1197 4228 tricenarium
1212 4181 1367 4226 numerum
1383 4179 1468 4224 eum-

114 4276 173 4339 que
195 4255 374 4319 rotundnm:
404 4262 537 4330 nonest
557 4255 650 4336 igitur
672 4252 794 4316 definite
816 4252 1010 4334 accipiendus
1031 4252 1091 4316 iste
1120 4273 1262 4318 numerus
1284 4250 1468 4316 necessario.

113 4345 209 4422 Erat,
233 4345 348 4428 inquit,
371 4363 516 4408 annorum
531 4345 574 4408 30
588 4343 657 4425 plus
678 4341 776 4405 minus
799 4362 867 4407 cum
887 4341 1044 4424 inciperet
1088 4343 1285 4408 Huncusum
1299 4339 1384 4404 vocis
1399 4333 1469 4401 uices

115 4455 182 4499 cnm
197 4435 404 4498 numeralibus
420 4435 547 4516 probavi
563 4432 709 4514 exemplis
725 4451 763 4494 ex
777 4431 955 4513 Evangelio.
985 4431 1092 4514 Itaque
1108 4433 1211 4496 nescio
1229 4451 1268 4494 au
1282 4431 1359 4494 bene
1369 4427 1466 4490 Eras-

115 4543 180 4588 mns
201 4524 333 4587 verterit
341 4525 460 4606 serrae3
490 4541 560 4586 nam
580 4523 658 4586 haec
672 4541 748 4597 vox,
770 4529 805 4586 ut
827 4529 859 4587 et
874 4519 996 4586 Graeca
1010 4527 1115 4603 credor
1129 4522 1271 4584 videntur
1292 4515 1393 4598 potius
1410 4515 1467 4577 de-

116 4615 228 4677 lectum
244 4613 376 4699 aliquem
392 4611 577 4694 significare,
599 4619 634 4674 ut
655 4611 748 4676 ferme
764 4611 944 4676 tricenarius
960 4610 1016 4685 sit,
1038 4609 1088 4692 qui
1104 4610 1233 4673 nondum
1249 4607 1338 4689 plane
1361 4603 1468 4685 attigit

115 4703 192 4767 hanc
208 4709 357 4766 aetatem.
402 4702 449 4765 At
470 4719 530 4765 vox
551 4695 620 4764 oica
642 4700 779 4765 admittit
800 4702 969 4783 promiscue
991 4700 1041 4763 vel
1057 4715 1215 4762 excessum
1236 4695 1284 4756 vel
1307 4691 1466 4755 defectum.

113 4793 215 4876 Atque
232 4793 293 4857 hoc
310 4791 405 4855 etiam
420 4789 476 4853 tihi
491 4791 664 4868 notandum,
680 4789 730 4873 qui
746 4807 813 4854 cum
828 4789 987 4872 Scaligero
1003 4787 1172 4862 contendis,
1191 4783 1265 4848 nihil
1281 4779 1412 4843 defuisse
1428 4781 1466 4844 de

116 4883 201 4946 mnis
216 4882 272 4946 30.

1202 4969 1254 5026 10⁸
