3406 5542
200 273 286 344 '362
401 267 406 280 “
725 293 1060 358 nexmouaascaau,

222 439 266 504 sic
282 459 338 504 nos
352 439 442 504 hodie
457 457 603 522 usurpare
620 454 723 502 ueram
737 449 882 516 nostram,
898 459 934 504 ae
949 438 1123 506 sichu'stus
1139 439 1244 523 primis
1258 439 1347 523 primi
1363 439 1435 502 anni
1451 437 1565 504 calen-

221 531 267 594 dis
283 530 438 594 Januariis
460 530 551 592 fuerit
572 529 780 604 circumcisus;
811 529 891 592 unde
907 530 1005 612 sequi,
1028 538 1132 593 utnos
1153 530 1348 594 nativitatem
1365 529 1484 594 Christi
1501 535 1567 590 oete

221 619 327 682 diebus
344 620 435 682 altius
461 627 533 681 ante
548 616 667 682 initium
683 637 772 681 aerae
796 620 990 696 collocemus,
1013 639 1053 682 sc.
1070 620 1109 682 ad
1124 619 1203 682 diem
1219 619 1269 682 25.
1278 621 1353 682 Dec.
1370 619 1442 681 anni
1456 616 1569 681 Juliaui

186 699 192 720 ⁶
220 710 273 784 45,
289 727 348 771 nou
365 707 429 771 46?
473 707 678 788 Respondeo:
701 708 816 770 Verum
839 709 957 771 omnino
974 727 1052 785 esse,
1067 709 1145 790 quod
1162 727 1263 772 aeram
1278 709 1457 771 hodiernam
1472 706 1568 769 ratio-

222 799 309 861 nibus
333 816 424 879 supra
440 797 605 878 explicatis
629 796 699 858 olim
720 796 893 861 institutam
913 797 1001 860 hodie
1026 817 1184 880 perperam
1199 805 1232 861 et
1254 818 1344 861 sensu
1360 795 1519 860 aberranti
1534 795 1571 856 ab

222 887 356 950 auctoris
371 893 471 948 mente
488 905 676 968 usurpemus.
715 883 835 950 Causae
851 887 943 949 etiam
958 888 1046 969 hujus
1062 887 1263 950 aberratiouis
1278 887 1368 970 paulo
1383 893 1457 968 post
1472 883 1571 966 expli·

223 977 379 1040 cabuutur.
424 977 458 1038 ln
481 994 593 1057 praens
608 975 785 1038 muniendus
809 985 857 1038 est
877 977 988 1053 lector,
1009 984 1044 1040 ut
1066 977 1146 1060 qnod
1167 977 1265 1058 prima
1286 978 1385 1039 fronte
1408 983 1572 1054 tantopere

222 1065 367 1128 abhorret
382 1083 400 1127 a
415 1065 484 1139 lide,
502 1063 679 1128 certissimis
695 1065 881 1144 argumentis
898 1067 1125 1148 obmprobatum
1139 1067 1263 1142 habeat,
1279 1075 1411 1128 mentem
1426 1064 1571 1127 invento·

150 1187 156 1194 ·
221 1173 286 1217 rum
302 1173 392 1216 aerae
408 1161 532 1216 nostrae
543 1153 711 1216 artificialis
726 1153 805 1216 hanc
821 1155 923 1231 luisse,
937 1155 1016 1236 quod
1027 1155 1168 1220 christus
1183 1156 1231 1218 die
1242 1155 1293 1220 25.
1303 1153 1483 1218 Decembris
1501 1149 1573 1214 anni

221 1244 322 1324 primi,
345 1244 415 1306 anni
432 1263 473 1306 sc.
489 1243 540 1306 46.
553 1243 667 1306 ,loliani
690 1243 823 1306 finientis
846 1252 936 1315 uatus
957 1245 1012 1308 sit:
1036 1246 1218 1308 etsiverum
1239 1245 1362 1308 interim
1386 1244 1494 1306 etheo
1511 1247 1571 1314 est,

221 1333 289 1396 illos
311 1333 369 1395 hoc
392 1339 565 1395 statuentes
581 1349 687 1395 avere
711 1333 871 1396 aberrasse
893 1351 947 1416 per
961 1354 1058 1396 annos
1074 1355 1144 1410 sex,
1166 1354 1233 1398 cum
1249 1354 1304 1397 uos
1319 1333 1425 1410 hodie,
1446 1337 1574 1395 utentes

221 1421 339 1486 illerum
354 1439 427 1484 acra
443 1421 502 1484 alio
518 1441 618 1496 sensu,
634 1443 653 1484 a
668 1421 799 1484 veritate
814 1423 882 1503 ipsa
899 1424 1071 1486 aberremus
1088 1443 1184 1486 annos
1199 1431 1319 1487 tantum
1330 1423 1469 1506 quinque.

308 1511 393 1574 Nota
407 1511 500 1591 igitur
515 1519 702 1591 argumenta,
717 1511 824 1592 quibus
840 1512 877 1574 de
892 1512 1009 1575 illerum
1023 1521 1124 1576 mente
1139 1513 1298 1578 reddemur
1314 1512 1399 1576 corti.
1438 1510 1575 1574 Primum

152 1643 157 1654 .
221 1608 432 1681 argumentum
442 1601 508 1680 jam
522 1601 554 1663 iu
570 1600 773 1682 superioribus
789 1610 838 1664 est
852 1601 977 1664 illatum.
1013 1603 1092 1666 Nam
1108 1603 1157 1684 qui
1174 1602 1249 1665 dicit
1265 1603 1313 1664 die
1330 1603 1381 1665 24.
1390 1599 1489 1675 Junii,
1515 1617 1574 1679 quo

220 1697 311 1754 natus
326 1689 477 1764 Joaunes,
499 1690 591 1752 fuisse
606 1689 724 1752 Lunam
739 1689 817 1764 XV,
840 1691 919 1771 quod
933 1691 1036 1754 Latini
1050 1699 1185 1774 tempore
1202 1691 1413 1774 chrysostomi
1435 1698 1575 1762 tenuere,

221 1799 282 1841 nou
297 1777 348 1840 ille
363 1779 517 1841 lulianum
532 1778 584 1854 45,
600 1780 654 1841 sed
670 1778 712 1842 46
728 1779 881 1860 intelligit,
897 1780 945 1862 qui
956 1781 1073 1862 primus
1089 1789 1245 1843 estserae
1261 1789 1394 1844 uestrae.
1424 1781 1577 1842 Testatur

222 1869 281 1930 hoe
298 1869 493 1942 astronomia,
508 1875 663 1930 testantur
679 1868 755 1950 cycli
772 1887 824 1930 seu
835 1867 1018 1932 calendaria
1033 1870 1151 1932 lunaria
1157 1887 1166 1944 ;
1190 1871 1237 1932 sic
1251 1877 1363 1946 tamen
1377 1877 1412 1932 ut
1428 1867 1576 1931 dissimu-

221 1958 319 2020 lemus
338 1955 403 2035 jam
426 1957 630 2020 turbationem
645 1957 790 2032 bissexti,
813 1976 888 2038 quae
904 1959 1089 2039 temporibus
1104 1957 1153 2020 his
1169 1959 1277 2034 tenuit,
1301 1966 1334 2022 et
1349 1977 1429 2022 anno
1444 1957 1507 2021 Jul.
1522 1953 1577 2018 49.

221 2065 315 2108 suum·
329 2045 492 2126 largiamur
513 2047 698 2121 bissextum,
722 2065 809 2128 quem
831 2047 951 2128 exlege
971 2048 1119 2110 hactenus
1143 2049 1307 2111 observata
1330 2048 1443 2111 habere
1471 2045 1577 2116 debet,
1693 2103 1694 2108 ,

118 2203 121 2216 ,
222 2134 358 2216 quamvis
375 2153 442 2198 eum
458 2135 678 2200 emendationis
701 2155 794 2198 cansa
809 2143 880 2199 tuuc
896 2157 957 2200 nen
970 2137 1085 2200 habuit.
1122 2137 1227 2218 Neque
1245 2138 1324 2200 enim
1344 2135 1510 2199 verisimile
1527 2141 1579 2195 est

220 2226 332 2288 Patres
348 2225 589 2299 ecclesiasticos,
612 2225 661 2306 qui
675 2232 814 2306 tempora
831 2221 947 2289 Christi
962 2227 1074 2300 tribus,
1096 2233 1225 2308 quatuor
1244 2227 1293 2289 vel
1316 2226 1444 2310 quinque
1462 2221 1578 2286 seculis

222 2313 318 2376 secuti
341 2321 426 2388 sunt,
448 2313 479 2375 in
501 2321 589 2376 tanto
612 2333 711 2376 rerum
732 2313 827 2376 multo
851 2315 1068 2378 evidentiorem
1090 2315 1231 2396 neglectu
1253 2317 1404 2380 rationem
1426 2313 1576 2376 habuisse

220 2402 301 2466 illins
316 2403 535 2465 emendationis
559 2403 597 2465 ab
613 2405 754 2485 Augusto
777 2403 894 2479 sactae3
917 2403 1079 2486 proclivius
1102 2413 1151 2467 est
1166 2406 1299 2480 credere,
1322 2405 1405 2486 ipsos
1420 2403 1576 2465 rationem

221 2491 373 2555 Juliauam
387 2498 470 2554 retro
488 2492 679 2568 extendisse,
700 2492 745 2554 uti
760 2491 814 2554 illa
828 2493 889 2572 suis
905 2493 1090 2574 temporibus
1106 2493 1334 2557 observabatur.
1370 2495 1464 2556 Anno
1480 2491 1577 2572 igitur

220 2581 315 2664 primo
332 2600 422 2643 aerae
438 2581 601 2644 hodiernae
618 2582 666 2644 die
685 2582 733 2644 10.
742 2581 825 2644 Junii
839 2583 870 2645 iu
886 2583 1009 2646 meridie
1025 2582 1082 2644 iuit
1091 2583 1288 2658 novilunium;
1312 2583 1415 2665 itaque
1433 2579 1576 2662 sequenti

221 2689 352 2749 vespera
368 2689 434 2750 cum
449 2671 536 2734 initio
555 2670 603 2733 ll.
613 2670 696 2734 Junii
712 2671 814 2752 coepit
828 2671 916 2734 Luna
930 2671 1028 2753 prima
1043 2679 1076 2734 et
1091 2671 1139 2734 die
1156 2672 1298 2735 natanti
1314 2671 1371 2735 fuit
1383 2671 1474 2734 Luna
1485 2669 1576 2732 XIV.

222 2759 299 2824 cnm
321 2765 422 2821 autem
439 2758 650 2842 chrysostomi
673 2766 809 2840 tempere
832 2761 910 2842 cycli
933 2763 1038 2823 essent
1060 2761 1092 2824 in
1113 2781 1184 2838 usu,
1208 2761 1258 2844 qui
1279 2763 1362 2824 intra
1383 2760 1448 2824 304
1476 2777 1576 2821 annos

221 2867 312 2912 uuam
334 2849 397 2910 iere
417 2848 495 2911 diem
519 2848 689 2930 deperdunt
704 2849 741 2911 de
763 2857 867 2912 aetate
882 2850 1002 2925 Lunae,
1030 2850 1122 2925 unde,
1147 2851 1174 2912 si
1196 2859 1337 2932 tempere,
1359 2847 1576 2931 chrysostomi

222 2957 288 3001 cnm
305 2927 612 3014 eoelo'consentiuut,
632 2939 668 3000 lit
682 2946 717 3000 ut
732 2937 801 2999 inde
818 2939 857 3001 ad
874 2937 990 3002 Christi
1006 2947 1145 3020 tempora
1160 2941 1265 3002 crebro
1283 2939 1451 3003 continuati
1466 2937 1575 2999 Lunae

222 3033 357 3093 aetatem
377 3045 437 3088 uuo
453 3027 501 3089 die
525 3027 651 3090 celerius
673 3027 824 3091 indicent:
849 3029 984 3110 sequitur
1004 3028 1097 3108 igitur
1118 3035 1153 3090 nt
1169 3028 1284 3092 christi
1307 3036 1444 3108 ternpore
1469 3025 1575 3108 cyclus

222 3117 271 3178 die
288 3116 338 3178 24.
348 3115 429 3178 Juuii
450 3125 546 3197 ponat
560 3117 678 3179 Lunam
691 3117 770 3190 XV,
791 3118 882 3196 plane
904 3111 939 3180 ut
953 3117 1057 3182 Latini
1078 3125 1164 3180 etex
1187 3136 1290 3180 eorum
1304 3117 1415 3180 indicio
1433 3115 1576 3196 chryso-

222 3212 338 3267 stomus
361 3205 522 3267 tradidere.
566 3207 652 3269 Haec
675 3206 718 3269 sic
740 3207 903 3270 emendata
925 3207 992 3287 lege
1015 3214 1047 3268 et
1062 3207 1092 3268 in
1115 3207 1228 3287 scripte
1251 3227 1316 3270 meo
1334 3205 1530 3279 Germanico,
1545 3203 1576 3264 in

184 3309 189 3328 ¹
222 3305 287 3375 quc·
297 3313 352 3375 per
366 3294 633 3357 hallucinationem
655 3295 686 3358 in
702 3294 753 3357 25.
769 3294 843 3358 Julii
859 3314 924 3358 sum
939 3304 1095 3372 versatus,
1117 3299 1196 3358 festo
1212 3296 1329 3373 iacobi,
1345 3313 1412 3358 cum
1428 3292 1482 3357 24.
1492 3293 1575 3356 Juuii

221 3383 340 3456 vellem,
356 3383 465 3465 quippe
482 3385 594 3446 festum
607 3384 744 3447 Joanuis.

310 3471 482 3534 Secundum
504 3482 727 3554 argumentum:
750 3473 876 3536 tradunt
890 3473 1073 3554 Hippolytus
1096 3474 1255 3556 episcopus
1270 3474 1444 3547 Thebanus,
1458 3471 1575 3551 ‚Augu-

223 3561 322 3623 stinus
338 3567 371 3622 et
386 3562 518 3642 synodus
535 3571 640 3637 sexta,
662 3571 768 3625 natum
784 3581 852 3626 esse
869 3561 1024 3626 christum
1040 3562 1087 3624 die
1104 3563 1254 3627 dominica
1273 3583 1325 3626 seu
1342 3561 1440 3644 prima
1454 3560 1576 3623 hebdo-

221 3649 326 3712 madis.
372 3651 441 3730 Age
463 3650 556 3731 igitur
578 3650 699 3715 literam
721 3651 931 3714 dominicalem
947 3651 1017 3714 anni
1033 3652 1120 3732 primi
1136 3652 1173 3714 de
1198 3673 1271 3716 aera
1295 3659 1402 3716 nostra
1427 3648 1579 3732 quaerito,

222 3757 298 3820 qnae
315 3745 365 3800 est
379 3740 420 3814 Β,
442 3740 496 3803 illa
511 3760 583 3804 vero
600 3741 767 3804 collocatur
783 3741 821 3803 ad
838 3739 889 3803 25.
899 3741 1077 3806 Decembris
1092 3740 1181 3822 hujus
1197 3743 1268 3806 anui
1283 3741 1370 3824 primi
1388 3759 1430 3801 sc.
1446 3737 1502 3813 46,
1518 3755 1578 3800 nou
1637 3802 1639 3814 ,

222 3845 295 3889 vero
311 3827 500 3891 totnani:
523 3830 562 3892 ad
586 3831 665 3912 quod
681 3829 890 3912 consequitur,
912 3837 947 3891 ut
968 3829 1033 3891 dies
1050 3832 1256 3913 conceptionis
1279 3831 1327 3894 die
1342 3829 1393 3892 25.
1410 3828 1522 3890 Martii
1538 3827 1579 3888 sit

222 3915 299 3979 foria
313 3917 368 3980 VI.
383 3937 436 3979 seu
453 3918 517 3980 dies
533 3920 673 3995 Veneris,
689 3920 768 4002 quod
782 3919 870 3982 Beda
885 3927 979 3982 tenet
1024 3920 1131 4001 ltaque
1148 3929 1266 3985 eertum
1282 3927 1339 3996 est,
1358 3917 1415 3982 hos
1432 3924 1578 3980 auctores

221 4024 335 4086 ponere
352 4007 546 4070 nativitatem
562 4010 706 4070 adfinem
723 4007 774 4084 46,
790 4027 849 4096 uon
866 4027 938 4071 vero
954 4008 1006 4072 45.
1014 4008 1137 4072 Juliani.

215 4104 219 4113 '
310 4095 446 4158 Tertium
469 4106 693 4178 argumentum:
727 4115 794 4160 cum
817 4096 1005 4161 Graecorum
1027 4098 1134 4181 aliqui,
1159 4116 1233 4180 quos
1259 4095 1395 4178 sequitur
1422 4093 1578 4176 Georgius

221 4184 340 4248 Terasii
361 4185 556 4265 patriarchae
580 4188 747 4274 syncellus,
770 4187 808 4249 ab
831 4194 900 4250 ortu
915 4205 1015 4250 rerum
1036 4188 1075 4250 ad
1098 4194 1197 4250 ortum
1213 4185 1328 4250 christi
1350 4191 1464 4267 putent
1482 4203 1578 4246 annos

223 4273 325 4348 5500,
354 4272 504 4355 Georgius
532 4295 604 4339 vero
626 4276 683 4338 hos
706 4277 793 4340 liniat
814 4281 882 4340 cum
903 4276 990 4339 initio
1014 4277 1189 4340 consulatus
1212 4275 1336 4357 Sulpitii
1367 4273 1525 4339 Camerini
1548 4279 1580 4334 et

148 4403 153 4412 .
226 4361 259 4426 c·
268 4361 405 4444 Poppaei
422 4384 500 4427 anno
516 4365 567 4428 54.
576 4365 698 4429 Julianc
716 4363 769 4446 (de
786 4385 843 4447 quo
860 4385 961 4429 errore
977 4386 1038 4428 non
1054 4373 1103 4428 est
1117 4365 1206 4446 hujus
1221 4363 1280 4428 loci
1297 4357 1424 4444 dicere),
1441 4369 1578 4425 testatur

221 4451 302 4514 idem
334 4451 500 4534 GeorgiuS,
536 4455 730 4518 Panodorum
761 4455 939 4518 monachum
963 4455 1204 4537 Aegyptiensem
1234 4455 1347 4516 referre
1379 4451 1577 4515 nativitatem

223 4539 383 4604 christiin
400 4559 510 4604 annum
526 4562 615 4605 aerae
633 4564 705 4606 suae
722 4543 818 4618 5493,
834 4551 951 4626 septem
962 4545 1050 4608 annis
1066 4545 1210 4617 anterius,
1229 4539 1342 4605 auier'l
1361 4541 1400 4604 ab
1411 4539 1577 4622 incipiente

224 4630 276 4704 54,
291 4630 469 4710 relinquitur
486 4632 632 4713 incipieus
642 4633 782 4695 Julianus
792 4627 844 4696 47.
861 4629 914 4694 seu
930 4635 1038 4696 liniens
1054 4633 1107 4709 46,
1124 4650 1287 4713 superque
1305 4649 1384 4693 auno
1395 4631 1576 4692 Panodorus

222 4717 281 4779 iste
298 4719 417 4780 accedit
432 4721 648 4800 superioribus:
673 4721 770 4784 iudice
788 4722 907 4802 quidem
924 4721 1073 4802 Gregorio
1090 4721 1232 4804 syncello.
1279 4719 1336 4784 Sin
1353 4727 1458 4784 autem
1472 4720 1575 4782 Pano-

224 4805 313 4868 dorus
329 4807 385 4869 hos
402 4807 487 4871 5500
504 4815 611 4870 contra
627 4829 715 4892 quam
731 4811 883 4893 syncellus
905 4809 965 4874 iste
988 4813 1119 4876 finiisset
1141 4829 1207 4873 cum
1222 4809 1274 4873 46.
1290 4809 1414 4873 Juliano
1440 4825 1575 4872 seucum
