3406 5542
236 271 306 340 3⁰2
742 293 966 346 narnensem
979 293 1078 354 menn

241 436 329 500 uibus
358 437 534 502 marmoreis
555 437 644 516 inque
666 435 818 500 mandatis
846 437 975 518 publicis
998 437 1174 503 tribunitiae
1203 437 1369 519 potestatis
1399 436 1584 502 mentionem

242 526 380 590 iacerent
402 534 435 590 et
449 525 567 608 quoties
590 525 656 605 quis
670 525 835 606 imperator
850 535 934 590 esset
949 527 1121 609 appellatus
1144 534 1177 590 et
1191 527 1252 590 alie
1266 527 1389 590 honoris
1412 527 1458 590 sui
1474 545 1585 600 cansa3

240 615 362 678 interim
384 622 561 678 tamennon
583 613 759 678 omittentes
781 615 1039 696 subsignationem
1060 635 1116 698 per
1130 615 1228 681 Coss.v
1253 617 1361 698 ltaque
1376 617 1491 680 mansit
1505 615 1589 696 apud

239 703 397 768 Romanos
420 704 490 766 enni
513 701 628 766 usualis
651 703 829 784 principium
851 704 883 768 in
907 705 1034 769 Calend.
1055 705 1193 774 Januarii
1216 706 1255 768 ad
1278 705 1358 768 hunc
1380 724 1475 786 usque
1497 705 1587 768 diem

241 793 509 856 Evidentissimnm
526 791 693 872 exemplum
709 803 758 856 est
772 792 802 855 in
819 792 1002 869 Censorino,
1024 795 1074 876 qui
1090 815 1186 858 annos
1200 795 1400 874 Augustanos
1416 813 1487 858 suos
1502 811 1587 856 more

220 961 223 968 Ι
238 881 376 944 Romano
391 882 499 962 incipit
514 903 534 944 a
546 880 778 946 Callanuariis
792 882 872 946 illius
888 884 967 958 anni,
983 903 1040 966 quo
1056 903 1135 948 nnnc
1152 883 1279 948 Caesari
1299 879 1375 964 (non
1390 891 1495 946 minen
1509 882 1589 964 ipsis

238 969 378 1035 Jauuarii
393 969 538 1034 Calendis
554 971 609 1033 sed
623 967 790 1052 posterius)
807 991 918 1038 nomen
929 973 1063 1054 Augusti
1078 973 1183 1036 datum
1197 973 1262 1036 huit.

326 1059 396 1124 Etsi
410 1079 482 1124 vern
499 1059 701 1123 convincimur
715 1061 877 1140 exemplis,
899 1063 1012 1124 factum
1031 1063 1279 1144 quandoque,.ut
1300 1059 1371 1124 anui
1396 1067 1589 1134 notarentur,

238 1167 315 1230 wquos
330 1149 480 1212 haberent
500 1149 641 1229 imperia,
664 1149 842 1231 principium
858 1151 1002 1214 ducentes
1019 1173 1038 1214 a
1059 1152 1108 1216 die
1124 1149 1338 1232 successionis:
1358 1158 1403 1222 ‚at
1418 1151 1589 1232 scriptores

167 1273 169 1280 ·
239 1237 380 1300 historici
396 1241 493 1312 erant,
509 1237 559 1318 qui
574 1238 696 1318 privata
710 1239 877 1320 principum
891 1241 1015 1321 negotia
1029 1260 1112 1304 more
1128 1261 1189 1304 nnn
1204 1247 1349 1303 consueto
1365 1239 1588 1320 sicconsigna-

239 1334 325 1400 runt3
356 1328 414 1391 hos
429 1327 541 1390 imitati
563 1333 635 1390 sunt
649 1325 760 1392 notarii
776 1328 830 1392 vcl-
847 1337 1002 1394 curatores
1017 1331 1203 1411 publicomm
1217 1328 1424 1409 negotiorum,
1445 1335 1482 1390 ut
1496 1325 1590 1390 hodie

239 1416 309 1495 lege
325 1415 391 1478 luta
401 1415 561 1496 jubentur,
583 1416 737 1488 consulum
752 1418 934 1499 magistratu
956 1419 1155 1482 intermortuo
1176 1427 1249 1482 ante
1264 1418 1346 1482 mille
1368 1435 1474 1480 annos.
1506 1414 1591 1486 Quin

239 1505 342 1584 potius
358 1512 408 1570 tot
422 1523 525 1568 anuos·
534 1505 672 1586 populari
687 1515 827 1588 computo
842 1509 1056 1583 numerabant,
1078 1516 1152 1590 quot
1165 1508 1253 1591 paria
1268 1507 1424 1570 consulum
1440 1505 1591 1570 Calendis

236 1593 392 1656 ianuariis
407 1593 572 1658 ineuntium
588 1602 729 1675 totosque
751 1614 847 1660 annos
863 1597 1118 1660 denominantium
1133 1597 1286 1679 quaelibet
1300 1615 1351 1658 res
1365 1596 1482 1676 attig't
1519 1593 1591 1658 Ex-

238 1683 368 1764 emplum
382 1683 537 1763 popularis
552 1683 641 1762 hvrjus
656 1686 871 1753 numerationis
886 1686 965 1767 apud
975 1686 1133 1754 Romanos
1145 1705 1221 1767 cepe
1237 1705 1276 1748 er
1290 1685 1413 1758 Tacito;
1436 1683 1521 1746 inter
1536 1685 1594 1748 iila

238 1788 365 1852 namque
381 1791 462 1834 vana
477 1779 511 1834 et
524 1771 637 1846 inania,
651 1791 727 1854 quse
742 1775 851 1854 vulgus
867 1774 912 1838 ait
925 1775 956 1838 in
973 1777 1076 1838 funere
1090 1775 1224 1856 Augusti
1233 1775 1381 1855 jactasse,
1397 1773 1455 1836 luit
1472 1783 1505 1836 et
1520 1773 1592 1847 hoc,

239 1861 448 1924 continuatam
469 1879 524 1941 per
538 1856 581 1924 37
598 1879 694 1926 annos
709 1863 897 1928 tribunitiam
911 1872 1122 1945 potestatem·
1143 1865 1241 1946 Atqui
1256 1865 1381 1926 decreta
1396 1871 1451 1926 est
1465 1863 1512 1926 illi
1529 1862 1591 1926 tri-

237 1949 356 2014 bunitia
369 1957 527 2031 potestas,
548 1957 710 2036 postquam
724 1954 884 2018 consulatu
899 1954 953 2016 VL
969 1974 1003 2018 se
1018 1954 1173 2018 abdicavit
1193 1954 1331 2034 subiecto
1345 1951 1381 2016 L.
1397 1951 1515 2026 Sestio,
1532 1971 1591 2014 ex-

238 2045 310 2102 acta
324 2057 435 2119 magna
449 2045 538 2120 parte
553 2040 633 2115 anni,
648 2049 840 2124 mortuusque
856 2051 906 2106 est
919 2052 1066 2124 vergente
1076 2051 1197 2108 aestate
1213 2043 1293 2118 anni,
1308 2059 1367 2123 qno
1377 2041 1594 2122 complebatur

238 2147 335 2192 annus
351 2126 394 2192 36
402 2147 412 2203 ;
434 2127 562 2209 populus
577 2135 680 2192 tamen
695 2132 864 2196 numeravit
877 2127 930 2196 37.
959 2132 1109 2214 Exempla
1123 2131 1234 2196 similia
1247 2130 1387 2212 Scaliger
1408 2129 1594 2211 suppeditat

238 2237 278 2282 ex
291 2215 497 2300 Xenophonte
512 2221 546 2280 et
561 2215 702 2296 Graecia,
717 2239 793 2303 quae
808 2226 998 2302 umcqpsdn
1013 2221 1096 2297 dicit,
1111 2231 1231 2304 tempus
1246 2227 1393 2284 constans
1407 2238 1447 2282 ex
1456 2227 1594 2300 quatuor

240 2306 346 2370 solidis
369 2307 473 2370 annis:
504 2325 579 2388 quos
600 2307 712 2374 imitati
735 2318 766 2373 et
787 2309 892 2374 Latini
914 2311 1163 2392 quinquennalem
1186 2329 1285 2392 agona
1312 2307 1516 2383 dictitabant,
1541 2308 1593 2389 qui

238 2402 368 2476 quatuor
391 2395 508 2458 exactis
523 2405 696 2464 revertente
718 2399 823 2482 quinto
844 2400 1045 2464 celebrantur.
1081 2401 1278 2464 Locutionem
1301 2399 1347 2462 ait
1368 2397 1450 2480 apud
1465 2405 1594 2460 veteres

238 2485 413 2565 frequenter
427 2503 592 2548 occurrere.
820 2528 823 2539 ‚
875 2487 880 2493 “
922 2524 927 2530 -

327 2574 385 2638 Hic
400 2593 518 2638 rursum
531 2582 568 2638 nt
581 2575 665 2658 prius
680 2576 710 2640 in
720 2576 951 2659 Olympiadibns
964 2579 1117 2660 Josephus
1134 2599 1167 2642 se
1183 2578 1266 2642 varie
1282 2575 1495 2642 accommodat
1509 2594 1592 2638 nnnc
1607 2639 1615 2660 ,

238 2662 387 2728 Romanis
416 2682 494 2726 nuuc
515 2663 651 2728 ludaeis.
688 2665 834 2732 Romanis
857 2669 992 2750 quidem,
1014 2668 1041 2732 si
1063 2668 1134 2751 quid
1147 2668 1264 2731 Romae
1280 2673 1401 2748 gestum
1423 2673 1480 2728 aut
1496 2663 1525 2727 si
1541 2683 1592 2727 res
1605 2663 1616 2740 ᾗ

238 2753 310 2818 illae
325 2752 482 2816 Romanos
504 2752 597 2816 etiam
612 2754 788 2832 attinerent,
804 2765 878 2821 tunc
892 2759 971 2822 enim
987 2757 1074 2824 Coss.
1097 2757 1263 2838 respiciens
1286 2774 1381 2819 annos
1396 2753 1593 2837 populariter

239 2848 387 2916 numerat,
407 2841 493 2904 initio
510 2842 720 2912 anniRomani
735 2845 898 2910 observato
916 2847 1010 2911 aCal.
1024 2845 1329 2921 Januariis,dudaeis
1344 2863 1427 2918 vero,
1442 2843 1470 2906 si
1486 2843 1593 2924 gentis

238 2949 312 2994 suae
327 2937 418 3011 gesta
432 2933 632 3012 persequitur.
660 2933 739 2995 Erat
754 2943 856 3000 antem
870 2936 932 3018 ipsi
944 2936 1113 3018 gentilitius
1129 2943 1162 2998 et
1174 2936 1293 3016 patrius
1308 2953 1388 3010 mos,
1409 2933 1592 3013 popularem

221 3020 329 3083 istam
344 3019 521 3082 numerandi
542 3021 705 3098 rationem,
728 3043 816 3104 qnam
838 3025 875 3088 de
890 3024 1037 3090 Romanis
1059 3025 1201 3106 probavi,
1222 3025 1316 3088 etiam
1338 3041 1405 3086 cunr
1424 3021 1591 3084 Judaieum

241 3109 312 3172 anni
323 3107 501 3188 principium
517 3110 661 3174 observat
675 3111 714 3173 eb
730 3112 852 3176 ineunte
867 3132 948 3190 vere,
963 3113 1056 3196 sequi.

326 3196 510 3276 Principium
531 3197 589 3262 hoc
611 3199 698 3274 anni,
720 3199 786 3282 lege
810 3210 949 3266 sanctum
973 3203 1004 3267 in
1028 3202 1112 3266 exitu
1135 3202 1344 3267 Israeliturum
1368 3219 1408 3264 ex
1432 3200 1591 3280 Aegypto,

238 3285 360 3350 duravit
376 3286 468 3348 etism
484 3289 668 3368 temporibus
677 3289 802 3366 Christi,
817 3299 1092 3373 transsumtnmque
1109 3299 1158 3354 est
1171 3292 1203 3356 iu
1217 3306 1328 3354 annum
1344 3287 1591 3352 ecclesiasticum

237 3393 382 3456 amegna
402 3383 491 3456 parte
507 3375 759 3441 Christianorum.
795 3381 838 3442 Et
852 3395 874 3442 a
893 3381 1078 3464 temporibus
1100 3381 1217 3462 quidem
1233 3377 1513 3442 Macchabaeorum
1537 3395 1589 3439 re-

236 3464 343 3528 novari
359 3483 455 3536 annus
471 3473 521 3528 est
542 3464 650 3530 solitus
672 3467 735 3530 lere
758 3469 907 3532 dominice
921 3471 1045 3545 Judica,
1067 3476 1102 3532 ut
1123 3468 1155 3532 in
1171 3467 1362 3549 Gregoriana
1383 3467 1591 3540 institutione,

237 3553 282 3617 sic
298 3562 333 3615 ut
347 3553 459 3632 primus
474 3554 607 3636 ipsorum
622 3557 735 3620 mensis
750 3558 849 3622 Nisan
865 3579 929 3622 cum
947 3559 1246 3641 Syro-Macedonum
1260 3557 1417 3620 Xanthico
1429 3563 1476 3622 ,ut
1491 3554 1589 3635 pluri-

225 3655 317 3726 ¹mum
339 3641 370 3702 in
383 3641 522 3721 Aprilem
542 3643 695 3714 lulianum
716 3655 911 3729 competeret
948 3649 1056 3730 Itaque
1072 3648 1192 3729 quoties
1215 3665 1324 3726 regum·
1334 3645 1444 3727 aliquis
1459 3644 1591 3724 primum

124 3781 129 3788 .
238 3730 317 3792 diem
331 3729 429 3810 pivilis
445 3733 515 3794 enni
529 3735 727 3811 revertentis,
748 3736 875 3817 primum
892 3757 933 3800 sc.
947 3737 1061 3802 mensis
1076 3735 1165 3817 primi
1177 3737 1276 3801 Nisan
1292 3734 1408 3815 attigit,
1428 3749 1492 3796 nno
1509 3751 1590 3796 anno

237 3819 306 3899 plus
321 3820 492 3886 numeravit
514 3820 551 3882 de
566 3841 676 3902 regno,
697 3843 787 3905 quem
809 3827 916 3891 ultima
937 3826 985 3889 die
1005 3826 1103 3890 civilis
1125 3825 1197 3891 anui
1211 3825 1332 3888 Judaioi
1353 3829 1589 3895 numeraverat;

238 3907 376 3988 quamvis
391 3929 410 3970 a
426 3909 473 3972 die
490 3909 603 3991 incepti
612 3913 697 3992 regni
712 3933 773 3976 non
783 3922 888 3977 essent
904 3916 1005 3978 exacti
1021 3922 1070 3978 tot
1084 3915 1155 3979 anni
1170 3913 1259 3996 pleni.
1283 3912 1359 3976 Inde
1375 3913 1454 3974 adeo
1464 3911 1591 3984 lactum,

237 4003 272 4060 ut
286 3996 349 4059 lere
365 4004 542 4066 antecessor
558 4007 590 4062 et
605 4020 762 4066 successor
777 4023 888 4066 annum
903 4005 1104 4068 successionis
1113 4019 1299 4070 communem
1313 4001 1465 4066 haberent
1480 4019 1589 4063 nunne-

238 4081 401 4168 rareutque
415 4086 466 4149 ille
482 4087 619 4152 ultimum
634 4091 758 4171 eprimo
767 4092 874 4168 Nisae,
888 4093 939 4157 hic'
952 4094 1080 4175 primunr
1096 4095 1136 4156 ad
1150 4112 1245 4174 usque
1259 4093 1349 4156 linem
1370 4089 1494 4157 civilem
1510 4088 1590 4164 anni,

238 4181 271 4236 et
285 4174 343 4236 hoc
359 4175 478 4255 quidem
500 4177 531 4240 in
547 4179 775 4259 consignatione
791 4188 929 4246 actorum
949 4183 1145 4264 publicorum.
1181 4181 1280 4262 Hujus
1294 4179 1387 4244 moris
1402 4179 1590 4244 documenta

233 4263 368 4343 ,plurima
390 4265 587 4346 suppeditant
607 4267 676 4332 libri
690 4269 817 4351 Regum.
853 4271 1123 4340 Evidentissimum
1143 4272 1175 4335 in
1188 4270 1325 4352 Josepho
1341 4268 1517 4350 exemplum
1532 4275 1588 4340 est,

239 4369 306 4414 cum
321 4352 513 4434 Jerueolyma
527 4355 609 4435 prius
632 4378 651 4420 a
665 4357 810 4441 Pompejo
826 4367 919 4443 capta
935 4360 1082 4426 Cicerone
1104 4369 1137 4424 et
1150 4359 1286 4426 Antonio
1303 4357 1391 4423 Coss.
1414 4357 1493 4420 dicit
1514 4379 1588 4434 parc

128 4491 135 4505 ,
237 4463 262 4502 κ.
279 4433 303 4511 ζ.
319 4440 383 4520 leq,
403 4449 475 4522 post
487 4437 532 4528 ,²7
550 4463 661 4520 annos,
682 4448 788 4512 eodem
804 4449 852 4512 die
867 4459 1043 4514 revertente
1065 4451 1163 4516 denuo
1186 4456 1279 4529 capt-a
1300 4467 1369 4512 esse
1393 4447 1432 4511 ab
1455 4445 1587 4518 Herode,

237 4529 378 4610 Agrippa
400 4537 433 4594 et
448 4530 576 4596 Caninio
593 4532 683 4598 Gallo
700 4535 804 4614 Coss,
825 4557 892 4602 cum
912 4541 1058 4604 intersint
1079 4539 1151 4604 anni
1166 4537 1255 4602 solidi
1270 4537 1329 4612 26,
1351 4536 1425 4600 nihil
1442 4535 1586 4616 amplius:

239 4626 363 4682 constat
384 4619 464 4682 enim
476 4620 612 4701 losepho
634 4623 766 4688 calculus
788 4627 849 4691 ista
864 4625 985 4708 gemina
1005 4629 1124 4692 ratione
1148 4647 1202 4692 seu
1216 4627 1356 4691 Romans
1377 4624 1520 4708 populari
1534 4640 1587 4704 per

239 4703 336 4783 Coss,
350 4727 476 4789 qnorum
491 4717 579 4772 erant
593 4706 635 4776 27
650 4715 746 4794 paria,
761 4735 815 4778 seu
828 4717 967 4793 Judaica,
987 4718 1019 4782 in
1034 4734 1094 4800 qna
1107 4717 1222 4798 primus
1237 4717 1275 4779 de
1290 4710 1397 4780 hist?
1414 4729 1514 4778 ⁸¹¹ssssss
1529 4713 1585 4774 hb·

237 4791 327 4857 beret
340 4815 460 4863 menses
474 4795 495 4862 9
510 4797 641 4875 ultimos,
655 4821 753 4868 annus
767 4823 846 4868 vero
855 4801 906 4868 27.
922 4807 1058 4872 habebut
1071 4824 1193 4871 menses
1207 4806 1229 4869 3
1245 4805 1350 4869 ordine
1365 4803 1450 4868 civili
1464 4801 1584 4886 primos
