3400 5538
568 231 747 292 Stereometda
765 233 940 288 Archimedes.
1348 225 1411 287 563

108 421 331 490 nuntiatores
359 415 516 501 aequalia,
548 413 731 500 superficies
760 431 804 478 sc.
834 428 932 476 curva
961 402 1096 490 cylindri
1122 399 1213 468 KML
1242 405 1274 468 et
1300 419 1411 484 snper·

109 514 187 579 ficies
198 531 294 587 curra
305 507 462 593 globiseu
473 499 630 592 sphaerae
641 523 718 569 suae
729 501 795 584 (ΞΒ,
814 505 953 584 utaque
968 492 1186 580 quadruplum
1197 509 1292 558 areae
1308 486 1374 555 Ka.
1387 487 1414 570 Β)

636 673 812 740 Theorema
832 669 872 736 X.

62 769 66 778 ’
106 811 290 896 Sapoyicica
310 778 396 896 ploti
414 811 528 892 atejus
547 805 695 892 salbari,
718 801 916 890 crepacem
933 771 1074 884 abiecit,
1097 803 1233 866 resectae
1252 795 1292 864 ab
1310 797 1416 865 εοᾶαη

292 973 296 980 ,
421 898 524 980 plano
546 896 590 962 cd
611 899 817 976 assaraco,
839 895 914 964 armi
934 889 1092 974 caucos.

188 1041 237 1108 Sit
280 1041 336 1108 GB
376 1039 507 1126 globu's,
546 1037 603 1106 RN

108 1135 170 1217 ejus
188 1129 337 1214 cylinder,
354 1131 515 1214 stringens
533 1129 600 1212 glo·

106 1220 178 1286 bum
198 1220 231 1285 in
253 1218 359 1295 medio
386 1223 420 1283 et
447 1219 480 1282 in
503 1218 541 1298 G,
565 1217 614 1282 B.-

106 1309 144 1376 Et
165 1309 206 1374 sit
229 1307 363 1392 planum
378 1304 466 1388 PST,
492 1326 604 1380 secans
655 1349 658 1356 .
685 1320 721 1363 'a

105 1403 271 1479 utramque
291 1395 507 1480 superficiem:
532 1395 603 1460 dico

107 1505 215 1552 aonam
237 1483 370 1551 KPSTL
399 1483 605 1567 cylindricam

107 1594 171 1638 esse
185 1573 353 1657 aequalem
365 1591 483 1638 curvae
494 1593 602 1656 super·

105 1928 196 2010 lara,
243 1928 330 2012 globi
377 1947 452 1992 vero
495 1947 606 2012 super·

104 2015 187 2082 ficies
208 2035 340 2082 sursum
361 2005 395 2081 in
418 2021 589 2098 angustum
612 2021 713 2094 coeat
758 2009 823 2080 Sed
851 2013 1040 2096 memineris,
1072 2017 1196 2100 quanto
1225 2013 1283 2082 illa
1304 2015 1418 2099 laxior,

105 2110 193 2171 tanto
215 2105 302 2171 banc
324 2125 393 2188 esse
414 2104 571 2182 latiorem,
596 2125 668 2168 cum
690 2125 749 2188 per
766 2101 931 2186 obliquum
953 2103 997 2168 ad
1019 2105 1153 2170 eandem
1174 2105 1288 2170 tendat
1310 2105 1422 2172 altitu·

105 2191 219 2260 dinem.
255 2193 319 2260 Sed
328 2193 431 2259 facilis
454 2198 504 2257 est
521 2192 762 2259 demonstratio.
794 2191 876 2256 (ium
892 2192 976 2258 enim
989 2191 1047 2258 KP
1061 2197 1095 2260 et
1106 2191 1164 2259 GR
1180 2194 1244 2259 sint
1260 2195 1419 2278 aequales,

105 2287 137 2346 et
157 2289 285 2349 creetur
305 2303 386 2350 zona
413 2279 546 2348 KPSTL
576 2281 675 2347 ductu
705 2279 761 2346 KP
784 2279 835 2344 vel
857 2281 930 2370 Ga
945 2281 980 2345 in
1010 2287 1114 2348 totam
1136 2281 1425 2349 circumferentiam

106 2369 200 2453 KOL,
224 2379 259 2438 et
283 2371 330 2437 sic
352 2371 448 2438 etiam
470 2369 711 2438 aona'PSTMN
733 2375 862 2434 creetur
883 2369 984 2434 doctu
1006 2370 1063 2436 ΡΝ
1085 2369 1135 2436 vel
1157 2369 1212 2436 RB
1235 2371 1270 2437 in
1291 2372 1427 2438 eandem

105 2459 403 2550 circumferentiam,
416 2465 536 2527 totam
568 2479 642 2542 ergo
664 2463 702 2524 ut
729 2464 821 2522 recta
849 2458 910 2524 GR
938 2459 983 2525 ad
1005 2459 1061 2525 RB
1092 2464 1125 2524 et
1146 2456 1216 2541 GR,
1248 2461 1293 2527 sic
1315 2480 1425 2546 super·

104 2547 188 2614 ficies
212 2548 388 2632 cylindrica
413 2548 471 2614 ΚΤ
493 2546 536 2612 ad
559 2547 670 2632 TNlet
699 2547 765 2612 NL.
802 2546 853 2634 ,lt
879 2551 918 2612 ut
947 2552 1038 2613 recta
1067 2547 1126 2614 GR
1156 2549 1199 2614 ad
1227 2547 1283 2614 RB
1305 2557 1337 2616 et
1359 2549 1426 2633 BG,

104 2637 150 2701 sic
174 2635 366 2723 superficies
397 2637 552 2720 segmenti
580 2634 667 2722 globi
698 2635 757 2700 GR
787 2633 829 2700 ad
859 2635 915 2702 RB
945 2644 1144 2720 segmentum
1174 2643 1207 2703 et
1236 2637 1295 2705 BG
1322 2644 1426 2705 totam

104 2724 189 2808 globi
211 2725 421 2811 superficiem
445 2726 515 2810 (per
533 2723 637 2814 yffl).
682 2725 768 2808 litgo
791 2730 823 2790 et
837 2731 875 2790 nt
891 2723 1066 2810 cylindrlca
1087 2725 1144 2792 KT
1167 2726 1210 2792 ad
1230 2727 1288 2796 ΤΝ
1310 2733 1343 2794 et
1358 2728 1425 2808 NL,

106 2814 150 2878 sic
164 2813 340 2899 sphaerica
355 2815 414 2882 GR
437 2816 480 2882 ad
495 2815 551 2882 RB
574 2821 607 2880 et
629 2813 697 2880 BG.
730 2813 790 2879 Est
805 2819 914 2880 autem
929 2820 1000 2880 tota
1022 2815 1197 2900 cylindrica
1211 2815 1267 2884 NL
1282 2816 1428 2901 aequalis

107 2903 164 2968 toti
186 2903 382 2989 sphaericae
403 2904 460 2970 GR
482 2905 552 2988 (per
573 2901 650 2983 IX),
682 2922 759 2988 ergo
781 2909 814 2968 et
836 2923 913 2989 pars
942 2903 1137 2990 cylindricae
1156 2897 1319 2972 honest
1341 2907 1429 2990 parti
1504 2965 1510 2984 ,

106 2989 296 3074 sphaericae
317 2993 350 3058 in
371 3001 536 3077 segmemo
558 2993 617 3060 GR
639 2991 702 3058 erit
723 2991 875 3077 aequalis.
1296 3017 1300 3028 ¹

554 3207 559 3216 ·
640 3167 818 3279 Theorema
845 3169 900 3236 XI.

106 3299 231 3388 oopus
254 3301 399 3388 cylindri
419 3308 466 3370 eat
487 3303 532 3370 od
553 3323 667 3386 corpus
688 3303 979 3458 opomerum
999 3305 1144 3389 atriapit,
1172 3306 1208 3371 ia
1225 3307 1430 3390 proportione

411 3422 414 3430 ·
662 3413 755 3474 scapo
828 3469 831 3475 ¹
872 3440 881 3456 .

194 3525 327 3609 Corpus
341 3523 426 3590 enim
437 3523 594 3608 sphaerae
606 3523 648 3590 sd
660 3524 841 3608 analogiam
853 3544 975 3605 eorum
991 3544 1075 3608 quae
1087 3525 1175 3592 dicta
1186 3520 1430 3610 sunttheor.11,

104 3620 275 3698 potestate
305 3615 340 3679 in
368 3627 418 3679 se·
434 3613 577 3678 continet
609 3611 747 3680 infinitos
780 3613 877 3678 veluti
912 3633 1020 3694 conos,
1054 3615 1227 3680 verticibus
1259 3617 1293 3682 iu
1321 3625 1433 3684 centro

103 3703 269 3788 sphaerae
293 3706 452 3781 coeuntes,
477 3699 615 3781 basibus,
639 3721 780 3784 quarum
800 3701 903 3767 vicem
924 3701 1086 3767 sustinent·
1105 3711 1234 3786 puncta,
1265 3705 1300 3771 in
1322 3729 1431 3792 super·

103 3791 174 3857 licie
197 3790 377 3858 stantibus.
423 3789 471 3856 Sit
485 3790 580 3872 igitur
602 3789 809 3855 machomete
832 3795 861 3854 2.
885 3788 941 3855 BG
956 3789 1104 3878 sphaera,
1128 3793 1157 3858 A
1179 3798 1337 3875 centrum,
1362 3796 1433 3862 coni

102 3879 168 3963 ΑΒ,
199 3882 265 3948 AG
291 3885 325 3944 et
347 3877 466 3944 similes
495 3878 611 3944 infiniti
640 3879 729 3963 iique
762 3878 910 3958 minimi·
926 3878 961 3944 id
993 3885 1043 3944 est
1075 3901 1214 3964 quorum
1243 3881 1339 3949 bases
1368 3884 1434 3949 sint

103 3977 230 4054 puncta
266 3969 305 4046 B,
331 3968 370 4048 G,
401 3972 513 4034 vertex
535 3969 677 4034 ommam
708 3967 884 4034 eommunis
904 3967 943 4034 A.
988 3967 1062 4036 Fiat
1088 3989 1206 4036 novum
1235 3971 1376 4053 schema,
1399 3973 1432 4038 in

103 4079 168 4144 quo
191 4056 397 4125 extendatur
419 4076 519 4122 curva
546 4055 729 4140 superficies
756 4057 913 4140 sphaerae
933 4055 967 4134 in
989 4055 1122 4141 planum
1148 4058 1315 4140 circulare,
1344 4063 1434 4146 cujus

101 4148 270 4214 diameter
293 4146 337 4211 sit
354 4144 420 4227 BC,
445 4144 545 4230 dupla
566 4145 609 4210 ad
636 4145 829 4210 ‹immoti-arm
856 4143 1016 4230 sphaerae
1038 4145 1108 4226 BG,
1137 4147 1214 4230 quia
1242 4148 1434 4214 circadarum

101 4235 280 4323 proportio
297 4239 345 4299 cst
368 4231 550 4319 quadrupla
565 4235 637 4319 (per
659 4233 712 4300 VI.
736 4233 975 4319 praemissum:
1004 4240 1037 4300 et
1058 4233 1117 4300 fiat
1143 4235 1280 4302 menius
1307 4256 1348 4301 ex
1369 4235 1432 4318 ΒΟ,

101 4347 141 4390 ex
170 4327 269 4412 cujus
302 4323 407 4390 medio
434 4329 552 4407 puncto
579 4321 611 4388 Η
636 4331 748 4406 surgat
779 4321 1050 4407 perpendicularis
1078 4325 1138 4390 HD
1169 4322 1313 4408 mqualis
1341 4325 1433 4390 semi·

100 4414 269 4480 diametro
293 4411 360 4478 ΑΒ.
405 4412 453 4477 Sit
475 4417 582 4477 autem
605 4432 704 4477 conus
726 4409 818 4491 Boc,
843 4409 912 4476 basi
934 4410 998 4493 BG,
1020 4411 1139 4477 vertice
1161 4410 1203 4476 D.
1241 4411 1350 4478 Genus
1371 4414 1434 4480 iste

99 4503 247 4586 aequale
274 4519 393 4583 corpus
415 4497 546 4565 habebit
567 4501 694 4586 corpori
716 4499 872 4583 sphaerae
894 4499 961 4567 BG.
1000 4498 1149 4566 Omnium
1172 4499 1257 4565 enim
1280 4519 1434 4567 concrum

97 4591 166 4672 ΑΒ,
192 4588 259 4657 AG
283 4587 483 4654 infinitorum
510 4589 545 4655 in
571 4587 712 4675 sphaera
737 4586 831 4654 bases
854 4589 896 4669 Β,
921 4589 951 4655 G
973 4587 1139 4668 minimae,
1167 4609 1241 4654 cum
1267 4590 1435 4674 sphaerica

98 4677 282 4766 superficie
300 4677 378 4759 ipsa,
402 4677 437 4741 in
452 4696 517 4760 qua
535 4677 654 4760 insum,
675 4673 856 4763 in'planum
870 4677 1031 4744 circidum
1053 4675 1105 4746 BC
1127 4681 1277 4746 wentae
1296 4683 1329 4744 et
1340 4682 1435 4765 juxta

97 4769 244 4836 invicem
276 4765 447 4832 ordinatae
474 4772 564 4847 sunt,
592 4773 625 4834 et
645 4787 705 4852 pro
726 4787 779 4847 eo,
808 4767 895 4850 quod
916 4772 1010 4832 erant
1031 4767 1065 4831 in
1086 4765 1227 4848 sphaera
1254 4767 1326 4833 coni
1353 4767 1436 4833 recti
1549 4837 1552 4850 ,

1165 4871 1226 4924 3⁰*
