3396 5540
253 225 314 284 394
656 251 663 258 ι
767 219 874 282 Eatogae
901 216 1045 267 Chronicse.

252 397 370 470 Viyebat
397 399 547 454 Tiridates
574 407 680 458 aetate,
706 399 816 466 forma.
843 398 1006 454 nobilitate,
1030 395 1191 466 prudentia
1214 409 1371 467 unoquoque
1390 395 1569 465 famulorum

248 476 381 534 conuentu
407 489 434 552 et
460 488 610 550 apparatu
630 481 715 548 reyio.
758 477 1087 547 Consequimur-ean
1107 479 1166 530 tria
1185 477 1279 529 millia
1299 479 1424 546 equitum
1444 475 1568 528 Partim-

247 577 310 611 rum
336 577 397 612 eum
417 559 622 628 frequentibus
647 559 799 618 itunanis,
832 573 946 626 euntque
972 557 1057 610 urbes
1083 557 1228 626 maynifiee
1253 565 1373 610 ornatae
1398 573 1432 608 ae
1462 555 1570 624 populi

247 641 359 708 rnapnis
378 633 528 708 laetisque
540 638 709 691 elamoribus
731 638 914 706 excipiebant.
937 653 1063 705 quaque
1078 637 1241 688 necessaria
1255 644 1345 694 erant,
1367 636 1460 688 ornnia
1473 637 1570 703 pratis

249 720 275 770 ei
298 701 542 788 promtabantur,
570 719 600 770 in
626 735 710 788 quam
734 731 792 770 rem
813 717 945 787 populus
971 715 1119 768 Ronsanus
1145 725 1266 770 eundum
1286 715 1415 786 faciebat
1441 713 1570 784 sinyulis

248 799 348 850 diebus
375 799 537 868 oetinyenta
566 799 714 856 sestertia,
741 797 828 866 idque
853 814 947 849 nouem
972 795 1128 853 mensibus,
1155 795 1258 864 quibus
1279 798 1334 847 iter
1349 795 1431 864 feeit,
1454 795 1570 864 saeturn

248 886 298 930 est.
340 878 489 931 Tiridates
510 893 580 946 equo
600 877 703 946 ubique
723 875 873 928 uebebatur
895 891 1041 944 quousque
1061 876 1093 928 in
1112 873 1230 928 Italiam
1255 877 1346 928 uenit:
1375 875 1474 926 itidem
1495 889 1570 924 uuor

248 959 311 1030 ejus
336 957 465 1027 faciebat
496 956 663 1028 gerebatque
693 956 803 1026 paleam
828 973 944 1008 auream
966 971 1024 1024 pro
1050 956 1250 1024 integumento,
1279 972 1314 1008 ne
1339 963 1441 1006 eontra
1466 969 1569 1004 morem

248 1040 467 1106 conspiceretur.
508 1036 546 1090 In
565 1035 658 1090 Italia
678 1036 739 1088 nebi
760 1038 851 1104 eoepit
872 1035 1006 1088 curribus
1027 1051 1046 1087 a
1065 1033 1176 1086 Nerone
1195 1035 1294 1086 missis
1314 1035 1355 1088 ad
1375 1049 1491 1101 meaque
1513 1031 1569 1083 Ne-

248 1117 355 1186 apolim
370 1133 426 1186 per
447 1133 546 1186 aprum
565 1116 703 1168 Pirenum
722 1117 817 1190 uenit.¹
836 1113 914 1170 Dum
928 1113 1066 1168 Neronem
1086 1113 1253 1172 eonveniret,
1275 1129 1445 1182 qumquam
1460 1113 1569 1181 jussus

248 1204 291 1248 est
310 1195 440 1266 yladium
460 1195 670 1266 qums-perebat
691 1196 838 1264 deponere,
860 1202 951 1248 tamen
970 1193 1072 1253 uoluit,
1098 1194 1151 1246 secl
1172 1210 1232 1246 eum
1251 1195 1371 1262 rapinae
1391 1193 1485 1245 clauis
1506 1191 1569 1260 affi-

248 1277 305 1332 stt:
328 1278 457 1344 quamuis
478 1275 560 1328 illurn
578 1292 652 1344 penu
667 1277 744 1346 flesto
764 1293 798 1328 ae
817 1291 919 1328 manns
939 1275 1066 1326 uicissim
1086 1274 1125 1326 ad
1146 1272 1251 1326 eoelum
1271 1273 1389 1326 tendens
1404 1279 1569 1330 ueneratus,

184 1355 190 1362 ’
247 1355 401 1408 Dominum
426 1355 628 1424 appellaverit.
668 1353 852 1408 Huno'Nero
880 1355 912 1406 ob
942 1371 1001 1406 earn
1021 1371 1137 1406 eausam
1156 1353 1318 1408 admiratus
1340 1351 1455 1420 beniyne
1477 1359 1504 1402 et
1526 1368 1569 1402 ea·

215 1488 219 1500 ,
250 1437 330 1488 miter
357 1436 464 1504 eseipit
490 1453 523 1486 aa
546 1443 665 1504 praeter
691 1443 783 1487 cetera
804 1435 890 1487 ludos
910 1433 1102 1503 pladiatorios
1116 1431 1249 1504 Puteolis
1265 1433 1350 1502 facit.
1391 1430 1569 1499 Praefectus

234 1515 383 1567 ludorum
402 1516 466 1583 J'uit
486 1503 646 1568 I’atrobius
667 1514 788 1568 libertus
809 1515 878 1586 ejus,
904 1521 1040 1582 tantaque
1054 1513 1119 1581 suit
1140 1529 1233 1564 eorum
1252 1511 1462 1581 ntayriificentia
1483 1517 1570 1578 atque

246 1602 371 1653 sremtns,
402 1600 435 1646 ut
455 1595 543 1646 unius
564 1595 622 1646 (liei
643 1597 740 1663 spatio
760 1611 836 1646 uerna
854 1601 971 1664 praeter
992 1594 1071 1644 uiros
1091 1610 1124 1644 ae
1143 1591 1275 1643 mulieres
1296 1599 1322 1644 et
1340 1607 1449 1660 pueros
1471 1589 1568 1641 Aetbi-

247 1691 316 1744 apes
342 1673 579 1742 ampbitlteatrum
603 1673 818 1743 inprederetur:
845 1673 949 1742 quibus
974 1673 1009 1727 de
1034 1673 1132 1724 tausis
1152 1669 1312 1724 Patrobios
1338 1671 1437 1738 aliquo
1464 1669 1570 1721 bonore

246 1755 353 1824 aipnus
379 1762 449 1820 erat.
490 1753 537 1807 Ibi
563 1753 713 1808 Tiridates
739 1754 774 1806 de
795 1756 944 1823 superiore
964 1751 1033 1814 loeo,
1059 1753 1091 1804 in
1111 1767 1167 1820 quo
1182 1751 1311 1812 sedebat,
1338 1749 1451 1802 belluas
1466 1748 1570 1819 jaculo

247 1835 358 1904 trajecit
384 1834 512 1902 dirosque
539 1841 640 1886 tauros
660 1851 717 1886 uno
738 1835 797 1886 ietu
818 1831 865 1892 (si
885 1842 975 1885 tamen
996 1831 1129 1885 credibile
1150 1835 1211 1896 est)
1232 1830 1396 1882 uulnerauit
1417 1846 1452 1882 ae
1467 1829 1568 1897 ‘eonse-

246 1915 292 1966 eit.
333 1911 392 1973 His
416 1913 557 1982 perfertis
583 1913 668 1966 rebus
695 1911 773 1966 Nero
792 1913 909 1966 Romam
935 1929 995 1964 eum
1021 1912 1146 1964 adduxit
1166 1913 1245 1980 eique
1266 1909 1399 1962 diadema
1419 1909 1567 1976 imposuit.

237 1991 295 2046 tot
311 2001 371 2044 tota
390 1993 459 2045 urbe
480 1991 634 2045 luminibus
655 1996 798 2062 sertisque
820 2000 931 2052 ornata,
951 2009 1053 2062 mapna
1073 1992 1138 2044 uisa
1158 1999 1200 2042 est
1220 1989 1324 2059 ubique
1344 1989 1484 2042 laurinum
1497 1987 1568 2040 urul-

249 2072 352 2132 titudo,
366 2073 425 2124 'sed
441 2074 541 2141 sorum
560 2074 699 2141 imprimis
719 2075 856 2142 refertum
875 2080 945 2126 erat.
987 2069 1061 2123 Nam
1078 2070 1209 2140 populus
1228 2069 1344 2122 albatus
1360 2069 1569 2136 laureatusque

249 2153 336 2204 certis
362 2153 513 2204 ordinibus
539 2154 659 2204 medium
680 2155 779 2221 farum
806 2154 904 2210 tenuit,
932 2160 1024 2204 cetera
1045 2151 1174 2202 tenebant
1193 2149 1297 2202 milites
1318 2163 1468 2220 eoruneque
1488 2164 1569 2198 arnna

114 2241 117 2248 '
162 2287 169 2290 ,
248 2239 275 2283 et
296 2233 382 2300 eipna
401 2231 565 2284 relucebant
585 2231 819 2300 splendidissime
838 2235 934 2284 instar
949 2231 1093 2301 sulpuris,
1113 2229 1280 2298 nulliusque
1296 2219 1479 2297 apparebant
1490 2227 1567 2280 aedi-

171 2359 175 2371 ,
242 2312 306 2380 ficii
326 2319 407 2370 tecta,
431 2319 555 2381 propter
579 2313 788 2366 multitudinem
807 2329 908 2370 eorum,
935 2313 985 2381 qui
1006 2313 1037 2362 in
1057 2327 1091 2362 ea
1110 2309 1306 2362 ascenderant.
1348 2307 1461 2370 Quibus
1482 2307 1567 2358 rebus

246 2391 281 2444 de
307 2398 386 2444 noete
407 2393 589 2461 comparatis,
616 2390 693 2445 Nero
713 2401 835 2444 ornatus
855 2399 931 2445 ueste
951 2389 1120 2458 triumphali
1137 2391 1235 2458 primo
1253 2388 1316 2440 luce
1330 2387 1431 2456 sorum
1453 2387 1567 2438 introiit

245 2488 307 2524 eum
333 2480 435 2524 senatu
462 2480 489 2524 et
512 2473 711 2542 praetorianis
737 2471 889 2530 militibus,
917 2471 1020 2524 deinde
1045 2469 1172 2522 tribunal
1199 2469 1362 2520 conscendit
1389 2474 1416 2518 et
1443 2468 1475 2518 in
1502 2465 1568 2518 sede

241 2550 406 2620 principali
427 2552 562 2604 consedit.
605 2551 754 2604 Tiridates
776 2569 836 2604 eum
856 2555 902 2609 iis,
924 2568 996 2619 quos
1017 2567 1108 2602 seeum
1128 2549 1252 2606 babebat,
1271 2565 1326 2616 per
1346 2546 1465 2598 ordines
1475 2563 1567 2596 amera·

246 2639 346 2688 torum,
375 2633 427 2699 qui
446 2633 582 2700 utrinque
602 2633 739 2684 instructi
754 2631 884 2700 fuerant,
912 2632 1048 2683 transiit:
1072 2637 1142 2698 post
1162 2628 1211 2680 ubi
1231 2628 1270 2680 ad
1291 2625 1420 2678 tribunal
1441 2627 1567 2681 vadient,

246 2709 392 2769 Neronem,
413 2717 446 2761 ut
466 2719 552 2764 ardea
565 2710 706 2779 fecerant,
727 2719 907 2763 uenerantur.
936 2709 1016 2776 Quas
1038 2711 1070 2762 ob
1090 2726 1138 2776 ree
1159 2709 1245 2760 editis
1258 2707 1369 2776 meanis
1386 2704 1566 2778 elannribus.

246 2789 397 2843 Tiridates
421 2792 606 2859 perterritae,
632 2799 736 2849 mutus,
764 2791 851 2858 quasi
877 2797 969 2842 aetum
994 2789 1029 2842 de
1050 2806 1080 2843 se
1094 2790 1182 2858 foret,
1208 2787 1359 2855 aliquanto
1381 2792 1505 2853 tempore
1525 2800 1566 2835 re-

245 2872 359 2922 mansit.
402 2870 460 2923 sea
487 2871 537 2922 ubi
563 2871 671 2922 indicto
698 2871 813 2923 silentio
840 2873 962 2922 animum
987 2872 1101 2938 recepit.
1129 2876 1244 2920 coaetus
1271 2867 1378 2918 seruire
1400 2865 1522 2934 tempori
1542 2871 1567 2914 et

245 2952 413 3002 aeternitati
436 2966 551 3020 parere,
578 2967 634 3002 non
661 2952 781 3010 curauit,
809 2952 837 3003 si
860 2949 953 3019 paulo
980 2950 1115 3002 inutilius
1142 2947 1313 3015 loqueretur,
1340 2945 1490 2997 adductus
1517 2957 1568 3011 spe

245 3046 348 3089 earum,
378 3047 451 3098 quae
474 3038 579 3098 postea
599 3039 766 3083 consecutus
788 3039 838 3082 est.
878 3031 941 3100 Epo
963 3023 1095 3098 (inquit)
1115 3027 1243 3085 Domine,
1264 3026 1371 3077 Arsaci
1390 3039 1490 3092 nepos,
1518 3023 1566 3074 Vo-

245 3109 355 3180 lopaesi
385 3118 410 3162 et
437 3109 547 3162 Pacori
570 3125 666 3179 repam
685 3111 793 3178 frater,
822 3118 889 3162 tuus
911 3125 1012 3162 savus
1030 3117 1102 3168 sum,
1131 3109 1248 3175 venique
1267 3114 1300 3158 ut
1321 3113 1346 3157 te
1367 3102 1462 3155 Deum
1482 3120 1568 3154 nuurn

221 3207 302 3256 ¹non
322 3206 404 3242 serus
426 3207 459 3242 aa
478 3198 587 3262 μιθραν,
609 3189 641 3241 id
662 3197 704 3241 est
725 3189 824 3248 Solem,
846 3189 967 3241 colerem.
1008 3189 1148 3258 Equidem
1168 3188 1194 3238 is
1216 3203 1270 3258 ero,
1291 3201 1371 3253 quem
1391 3191 1422 3236 tu
1443 3199 1485 3234 me
1501 3183 1567 3252 fato

245 3269 369 3338 quodam
389 3271 506 3338 efficies.
529 3271 573 3324 Tu
598 3271 669 3320 enim
683 3270 781 3338 fatum
801 3286 887 3321 meum
907 3287 937 3321 es
958 3277 984 3320 et
999 3270 1132 3339 fortuna.
1153 3265 1231 3319 Hue'e
1247 3263 1324 3316 Nero
1339 3265 1382 3316 ita
1397 3263 1566 3332 respondit:

246 3347 291 3402 Tu
313 3349 432 3417 quidem,
461 3349 537 3419 quod
557 3349 610 3401 bue
632 3351 749 3408 veneris,
770 3357 844 3401 reete
865 3346 997 3418 (inquit)
1012 3349 1123 3417 fecisti,
1145 3355 1176 3398 ut
1194 3361 1335 3414 praesens
1352 3351 1509 3412 praesente
1528 3357 1567 3394 me

240 3419 395 3497 fruereris.
417 3428 491 3481 Nam
507 3447 579 3498 quae
594 3441 684 3498 neque
693 3436 780 3498 pater
797 3438 866 3483 tuus
883 3429 935 3482 tibi
950 3429 1077 3497 reliquit,
1094 3443 1181 3495 neque
1190 3429 1314 3494 fratres,
1331 3441 1403 3494 quae
1418 3423 1566 3479 dederant.
1650 3493 1653 3497 ι

245 3517 438 3567 seruauerunt,
461 3527 494 3562 ea
514 3511 578 3580 ipse
600 3507 651 3560 tibi
671 3526 746 3560 neena
767 3509 811 3566 do,
834 3517 914 3577 teque
934 3525 1024 3578 nepem
1043 3507 1192 3560 Armeniae
1207 3506 1298 3576 jacio,
1319 3511 1352 3556 ut
1368 3513 1400 3556 tu
1415 3511 1505 3572 atque
1521 3502 1567 3554 itti

245 3587 330 3639 simul
357 3589 537 3658 intellipatis,
566 3591 596 3640 in
622 3606 682 3640 rnea
708 3605 770 3640 esse
792 3595 945 3657 potestate,
972 3605 1062 3656 repna
1089 3587 1159 3640 dare
1186 3593 1211 3637 et
1232 3583 1362 3638 adimere.
1404 3581 1487 3636 Haec
1508 3599 1567 3633 cerm

245 3668 377 3724 dtetssee,
398 3670 493 3739 jussit
519 3685 580 3722 eum
600 3669 758 3720 ascendere
785 3671 816 3720 in
842 3669 941 3726 sedern,
969 3683 1041 3736 qreae
1068 3675 1133 3719 ante
1161 3664 1288 3718 tribunal
1316 3664 1348 3715 ob
1370 3680 1429 3714 eam
1451 3679 1567 3714 euersam

241 3755 353 3816 parata
368 3749 498 3816 suerat.v
523 3749 594 3809 Tum
615 3746 766 3800 Tiridates
788 3747 827 3800 ael
845 3747 937 3816 pedes
956 3745 1082 3799 Neronis
1103 3745 1239 3808 consedit·
1251 3741 1418 3812 eiqueNero
1434 3743 1567 3794 diadenta

147 3849 149 3860 ·
244 3827 388 3895 imposuit,
410 3835 435 3880 et
456 3831 583 3900 inpentes
603 3827 741 3880 clamores
763 3828 835 3879 editi
855 3835 931 3880 sunt.
971 3827 1047 3880 Post
1068 3819 1238 3878 baee'aetue
1259 3831 1301 3876 est
1318 3823 1430 3875 decreto
1447 3829 1567 3874 serratus

244 3905 361 3959 celebris
387 3917 540 3962 conuentus
568 3911 599 3960 in
625 3907 742 3966 theatro,
771 3907 853 3977 eujus
880 3924 937 3959 non
962 3907 1042 3958 modo
1070 3923 1155 3958 scena
1181 3905 1232 3958 sed
1258 3905 1342 3956 etiam
1362 3905 1462 3972 ipsum
1482 3909 1568 3954 totum

244 3987 366 4039 circuitu
399 3989 478 4041 intus
511 3995 573 4040 erat
603 3991 771 4040 inauratum
796 3989 914 4056 itemque
942 3995 1035 4040 cetera
1062 3987 1168 4044 ameria,
1195 4001 1268 4053 quae
1294 3983 1567 4038 intromittebantur,

243 4083 315 4120 auro
342 4077 446 4122 ornata
472 4077 562 4122 erant.
605 4067 716 4132 Qra'bus
744 4067 779 4120 ele
800 4068 898 4120 tausis
920 4067 969 4119 ille
990 4067 1054 4118 dies
1075 4083 1181 4118 aureus
1203 4065 1364 4116 nominatus
1386 4070 1438 4114 est.
1481 4061 1566 4114 Peri·

241 4155 411 4222 petasanta,
435 4165 507 4218 quae
529 4149 560 4200 in
580 4151 644 4200 aire
666 4155 783 4200 estense
803 4156 885 4199 erant
906 4147 945 4210 ad
960 4145 1154 4214 defendendos
1167 4144 1247 4196 Solis
1263 4143 1392 4200 ardores,
1412 4157 1567 4211 purpurea

238 4228 370 4295 suerunt,
393 4229 489 4280 stellis
510 4229 609 4282 aureis
630 4229 734 4280 circum
754 4229 881 4295 undique
901 4226 1101 4278 relucentibus.
1123 4225 1160 4278 In
1179 4225 1269 4276 medio
1289 4223 1387 4276 borum
1403 4219 1484 4274 Nero
1505 4237 1567 4275 eur·

241 4320 306 4359 rum
324 4309 440 4377 apitans
462 4325 515 4361 aen
533 4309 633 4378 pietus
654 4315 724 4359 erat.
750 4306 823 4360 Inde
843 4307 1020 4376 mapnisieum
1040 4306 1197 4358 conuiuium
1217 4310 1380 4358 autument.
1407 4301 1487 4354 Post
1503 4301 1568 4353 mse

242 4385 320 4440 Nero
349 4389 461 4440 eitbara
482 4387 598 4458 publice
623 4388 724 4438 cecinit
744 4403 912 4455 currusque,
936 4387 1064 4454 prasina
1084 4393 1160 4437 ueste
1181 4384 1303 4436 indutus
1324 4391 1350 4434 et
1371 4381 1473 4452 palera
1489 4381 1566 4432 auri·

240 4483 344 4536 parum
363 4476 495 4530 ornatus,
516 4467 647 4538 apitauit.
687 4465 745 4519 Hie
761 4465 911 4519 Tiridates
926 4463 1064 4518 Neronem
1077 4463 1230 4534 reprobare
1247 4470 1273 4514 et
1288 4461 1438 4522 detestari,
1462 4459 1564 4513 Corbu·

241 4545 331 4600 lonem
356 4549 496 4616 imprimis
524 4547 655 4604 laudare,
682 4547 731 4598 boo
752 4553 862 4598 tantum
882 4547 913 4597 in
934 4563 964 4597 eo
984 4545 1195 4614 reprehendere.
1223 4541 1299 4612 quod
1322 4542 1405 4594 talem
1427 4541 1566 4594 dominum

239 4628 393 4696 perferret.
436 4629 502 4692 Qua
523 4627 557 4678 de
577 4643 608 4678 re
629 4643 677 4678 nec
699 4628 794 4694 ipsum
810 4625 922 4693 quidem
932 4623 1070 4677 Neronem
1085 4625 1204 4680 celarits
1227 4641 1289 4674 nane
1305 4623 1332 4674 ei
1347 4625 1390 4674 ita
1406 4619 1565 4690 aliquando

242 4707 334 4760 uiuit.-
362 4707 481 4760 Dotnt'ne
504 4703 636 4776 (inquit)
658 4707 791 4774 optimum
812 4723 922 4758 servum
945 4703 1127 4756 Corbulonem
1148 4712 1248 4756 neritus
1271 4720 1307 4754 es.
1332 4693 1410 4755 'Sea
1437 4703 1470 4753 iel
1491 4699 1564 4752 Nero
