3390 5542
609 255 674 306 Usus
694 257 770 310 totius
789 255 846 305 libri
864 258 930 306 circa
950 256 1024 306 dolia.
1415 261 1476 321 637

157 437 263 516 potest
286 431 393 513 virgae
416 429 637 495 transversalis
661 429 790 496 cubicae
813 429 974 496 solitariae
989 447 1085 514 penes
1106 430 1252 496 nationes
1268 439 1391 498 ceteras
1410 440 1478 499 tam

156 521 241 586 latus
264 541 331 585 esse
353 540 430 584 usus
457 519 524 582 sine
547 519 661 584 erroris
685 519 764 584 alea.
791 517 793 522 ’

159 661 223 728 IV.
259 661 357 726 Ratio
376 660 529 726 metiendi
552 659 826 762 quodcisfiolinm
848 661 1052 815 {radolium
1080 661 1202 726 orbium
1224 664 1292 728 siae
1314 665 1406 746 sirpo
1428 665 1478 728 ‹li-

666 769 799 818 aasaoacs
822 769 860 815 ca
880 771 956 814 ecoe.

246 874 310 940 Sed
341 895 412 940 cum
445 874 626 958 generalem
651 873 713 940 hoc
732 873 817 940 ‘libro
844 874 1094 962 speculationem
1116 876 1344 960 proposuerim,
1369 879 1478 960 praxis

156 965 254 1030 etiarn
266 963 309 1029 ad
321 985 429 1029 omnes
442 965 522 1030 alias
538 963 693 1029 doliorum
703 963 824 1046 figuras
841 963 1038 1030 extendenda
1048 963 1182 1045 videtur,
1197 967 1274 1030 ‘oum
1287 973 1322 1029 ut
1337 965 1478 1032 fructum

157 1053 298 1137 aliquein
315 1083 318 1090 ·
335 1053 579 1118 Stereometriae
614 1052 706 1137 hujus
738 1053 918 1135 percipiant
951 1056 1046 1118 otiam
1075 1053 1221 1118 nationes
1245 1061 1385 1134 ceterae,
1408 1061 1478 1119 tum

157 1143 254 1207 etiam
268 1149 305 1207 ut
316 1142 473 1206 austriaci
489 1142 590 1206 nostri
601 1143 685 1204 circa
697 1141 782 1206 dolia
799 1143 967 1224 peregrina
979 1142 1075 1226 (quae
1091 1141 1262 1207 identidem
1273 1143 1323 1206 vel
1335 1143 1477 1210 secundo

157 1232 206 1295 vel
223 1231 355 1295 adverso
374 1229 521 1296 Danubio
537 1229 730 1294 invehuntur
746 1232 778 1294 in
797 1231 973 1310 Austriam,
998 1237 1055 1296 aut
1071 1231 1144 1296 vino
1162 1232 1283 1296 exotico
1299 1231 1404 1315 plena,
1420 1239 1478 1296 aut

157 1327 366 1402 exportatura
395 1320 503 1384 vinnm
525 1317 741 1399 Austriacum)
769 1324 861 1384 tanto
884 1320 987 1402 magis
1007 1323 1165 1404 juventur,
1188 1341 1267 1384 neve
1289 1341 1349 1385 usu
1370 1321 1478 1403 virgae

156 1429 233 1473 suae
266 1407 417 1473 damnum
451 1407 500 1472 vel
529 1408 668 1473 inierant
700 1408 772 1472 aliis
802 1407 852 1473 vel
884 1408 944 1492 ipsi
973 1409 1141 1492 accipiant.
1187 1407 1315 1474 Etenim
1333 1410 1477 1494 justitiae

157 1497 365 1562 simulacrum
396 1497 538 1580 pingitur
572 1517 643 1562 oum
673 1496 816 1575 bilance,
858 1518 1080 1562 mensurarum
1118 1497 1258 1562 omnium
1291 1505 1477 1562 exactorum

156 1585 310 1678 symbolo,
334 1586 537 1670 pertinetque
559 1605 637 1649 cura
659 1585 739 1650 haec
763 1586 849 1650 circa
871 1605 1094 1650 mensurarum
1115 1584 1211 1650 fidem
1231 1587 1273 1652 ad
1295 1584 1389 1671 hujus
1413 1587 1475 1650 uir·

157 1675 247 1753 tutis,
271 1695 364 1739 snum
391 1675 505 1756 cuique
527 1673 707 1753 tribuentis,
733 1674 867 1754 ordtum3
892 1679 938 1754 ut,
962 1694 1044 1758 quae
1062 1682 1095 1739 et
1115 1675 1221 1740 salvas
1244 1682 1388 1758 praestat
1409 1695 1475 1740 res·

159 1763 305 1848 publicas
329 1769 361 1826 et
384 1758 488 1842 ornat,
511 1763 583 1846 ipsa
605 1763 715 1845 quovis
738 1760 810 1828 Sole
830 1763 1004 1847 pulchrior,
1032 1761 1073 1828 ab
1097 1765 1164 1847 ejus
1187 1765 1290 1829 amico
1313 1767 1344 1828 et
1361 1785 1475 1833 sereno

155 1851 247 1917 vultu
276 1873 385 1916 omnes
414 1851 590 1918 nubeculae
623 1867 766 1916 errorum
793 1873 892 1936 quam
921 1851 1103 1948 longissime
1126 1853 1346 1918 dimoveantur
1372 1853 1474 1938 discn-

154 1941 355 2024 tianturque.
440 1955 443 1967 ¹
1074 1969 1091 1993 ··

245 2029 343 2112 Virga
367 2029 465 2112 igitur
488 2029 520 2093 in
543 2037 657 2112 parato
680 2029 731 2107 sit,
756 2028 855 2092 divisa
877 2028 911 2091 in
934 2034 1042 2111 partes
1064 2029 1215 2112 aequales
1238 2030 1475 2112 minutissimam

158 2137 234 2182 cum
257 2116 316 2182 illa
336 2118 369 2181 in
392 2117 548 2183 orificium
571 2117 648 2182 dolii
670 2118 811 2182 immissa
833 2116 946 2181 metire
965 2117 1068 2200 primo
1087 2118 1337 2201 profunditatem
1359 2121 1476 2185 ventris

155 2206 263 2287 medii,
281 2205 394 2272 deinde
410 2215 608 2272 transversas
629 2205 841 2286 longitudines
862 2204 903 2270 ab
927 2205 1070 2270 inlusorii
1091 2207 1196 2272 medio
1217 2207 1259 2272 ad
1275 2209 1354 2273 imos
1375 2209 1476 2274 calces

155 2297 324 2378 utriusque
356 2295 441 2359 orbis
472 2294 583 2378 lignei;
614 2295 709 2360 tertio
740 2295 861 2378 virgam
892 2300 1069 2359 extractam
1100 2295 1176 2362 siste
1205 2296 1281 2362 ioris
1309 2296 1351 2362 ad
1374 2297 1476 2362 calces

155 2383 283 2450 orbium
310 2385 504 2467 ligneorum,
536 2385 605 2448 acie
637 2384 733 2450 etiam
763 2385 796 2449 in
826 2402 938 2448 crenus
966 2382 1128 2465 impressa,
1154 2384 1179 2448 si
1203 2391 1317 2467 potest,
1341 2387 1476 2450 metiens

155 2473 324 2556 utriusque
346 2471 431 2537 orbis
456 2473 552 2556 lignei
575 2472 764 2536 diametrum
784 2472 817 2536 iu
839 2470 1039 2536 altitudinem
1060 2478 1242 2554 porrectam
1261 2473 1402 2555 seorsim,
1425 2475 1476 2540 cui
1606 2530 1612 2550 ,

155 2561 306 2646 aequales
329 2567 490 2646 ponuntur
511 2580 582 2625 esse
605 2581 711 2625 omncs
735 2561 818 2624 aliae
841 2560 987 2624 diametri
1010 2560 1102 2625 unius
1127 2560 1212 2626 orbis
1231 2561 1326 2644 lignei
1344 2569 1476 2647 propter

156 2655 340 2715 structurae
365 2650 506 2714 rationes
534 2654 566 2714 et
588 2650 665 2732 quia
690 2649 743 2713 hic
764 2671 828 2714 non
852 2648 891 2712 de
910 2646 1032 2732 lagenis
1054 2649 1187 2750 agimus.
1233 2652 1266 2715 Si
1288 2656 1396 2716 tamen
1419 2653 1474 2716 ali·

158 2759 225 2822 qua
253 2737 403 2804 notabilis
435 2739 602 2803 diversitas
640 2744 723 2802 esset
759 2737 793 2802 in
811 2736 992 2805 ‘diametris
1026 2757 1118 2802 umus
1153 2745 1187 2804 et
1220 2739 1361 2824 ejusdem
1389 2739 1475 2806 orbis

155 2827 270 2912 lignei,
304 2835 375 2894 orta
404 2821 456 2891 sel
478 2849 516 2892 ex
537 2825 739 2892 aberratione
760 2825 894 2892 artificis
916 2825 966 2890 vel
989 2845 1028 2890 ex
1049 2833 1164 2892 natura
1186 2827 1272 2910 ligni,
1297 2849 1379 2911 quae
1402 2849 1476 2894 oum

155 2937 310 2982 venarum
333 2917 562 3000 longitudinem
584 2919 726 3000 praestet
747 2913 977 2993 invariabilem,
999 2913 1202 2980 latitudinem
1216 2921 1324 2982 tamen
1346 2917 1473 2982 tabula·

158 3027 232 3070 rum
255 3005 353 3070 habet
374 3025 471 3070 aurae
493 3003 721 3070 mutationibus
744 3001 920 3082 obnoxiam,
953 3009 1030 3068 tunc
1052 3005 1147 3068 ctiam
1169 3011 1368 3073 mensversas
1392 3005 1475 3072 orbi-

158 3115 215 3158 um
237 3093 411 3176 ligneorum
433 3095 605 3159 diametros
626 3094 746 3158 metire.

247 3171 306 3248 Etx
320 3185 395 3266 quia
416 3182 454 3248 fit
475 3183 653 3260 interdum,
683 3189 721 3246 ut
741 3181 812 3264 ipsa
834 3182 932 3247 etiam
954 3181 1073 3248 ventris
1095 3181 1389 3266 mediiamplitudo
1411 3205 1476 3250 non

155 3271 327 3350 ordinetur
354 3272 387 3335 in
417 3271 598 3355 perfectum
628 3271 797 3336 circulum:
828 3277 931 3336 tentet
952 3271 1050 3353 igitur
1072 3275 1239 3336 accuratus
1261 3293 1388 3338 mensor
1410 3273 1477 3354 (cui

155 3361 199 3424 ad
229 3381 355 3425 omnem
394 3360 611 3424 curiositatem
640 3360 853 3424 instrumenta
882 3359 1057 3441 modosque
1085 3358 1249 3440 possibiles
1270 3361 1476 3444 suppeditare

155 3450 280 3514 animus
303 3447 365 3522 esti
389 3449 472 3512 viam
495 3447 592 3512 aliam
614 3446 784 3512 discendae
805 3468 910 3526 areae,
935 3467 1001 3530 qua
1029 3447 1146 3511 dolium
1168 3447 1202 3510 in
1225 3449 1329 3514 medio
1352 3455 1475 3515 sectum

107 3541 110 3549 “
156 3558 225 3602 esse
252 3537 450 3620 intelligitur.
497 3538 544 3602 Ea
574 3536 675 3619 possit
705 3555 774 3599 esse
795 3535 886 3600 talis:
922 3533 1019 3600 limbo
1048 3553 1086 3599 ex
1108 3555 1299 3617 pergameno
1330 3545 1389 3602 aut
1411 3535 1477 3604 alia

155 3627 289 3691 materia
314 3625 424 3705 flexili,
448 3647 512 3690 non
534 3629 644 3688 tamen
665 3628 702 3688 ut
723 3622 779 3688 fila
801 3623 922 3703 ductili,
950 3621 1147 3698 circumdato
1170 3624 1310 3690 medium
1330 3632 1475 3692 ventrem

156 3715 233 3781 dolii
260 3715 479 3796 metiarisquo,
512 3719 590 3796 quot
619 3718 729 3796 partes
759 3713 865 3794 virgae
896 3711 1059 3776 contineat
1088 3710 1202 3776 limbus
1232 3714 1317 3780 talis.
1367 3717 1475 3781 Posito

155 3804 268 3886 igitur,
301 3802 387 3887 quod
418 3802 536 3868 dolium
567 3802 600 3865 in
629 3801 732 3865 medio
764 3799 840 3864 foris
871 3805 981 3865 exacte
1011 3799 1054 3864 sit
1084 3800 1252 3883 circulare,
1284 3824 1322 3868 ex
1344 3825 1474 3868 numero

156 3893 294 3975 partium
325 3892 440 3956 harum
469 3889 562 3956 facile
591 3911 650 3973 per
679 3889 726 3953 th.
750 3889 774 3952 l.
805 3888 915 3969 disces,
943 3894 1067 3972 quanta
1089 3888 1244 3955 diameter
1266 3891 1382 3956 debeat
1404 3913 1474 3956 esse

156 3979 250 4065 hujus
275 3981 404 4045 circuli:
434 3986 471 4044 ut
492 3980 520 4044 si
541 3986 650 4063 partes
673 3978 707 4042 in
729 3976 848 4042 ambitu
870 3977 1040 4043 invenisses
1065 3977 1149 4044 6283
1173 3999 1244 4044 cum
1266 4001 1330 4044 una
1352 3981 1472 4062 quinta,

155 4069 313 4134 diameter
343 4067 472 4134 deberet
503 4067 622 4132 habere
653 4071 761 4150 partes
793 4070 889 4130 2000.
943 4065 1042 4148 ‘Atqui
1064 4069 1134 4151 jam
1156 4067 1353 4151 exploratam
1377 4065 1474 4133 babes

156 4157 349 4224 diametrum
378 4157 565 4224 interiorem
595 4175 653 4220 seu
683 4153 934 4239 profunditatem
955 4155 1091 4220 ventris:
1114 4155 1204 4221 auier
1225 4155 1322 4237 igitur
1344 4176 1364 4220 a
1387 4177 1471 4220 com·

155 4253 273 4332 putata
302 4247 482 4312 crassitiem
504 4243 599 4329 ligni,
632 4265 730 4328 quam
757 4249 848 4327 potes
870 4243 975 4308 metiri
996 4243 1028 4307 in
1048 4243 1210 4325 infusorio,
1234 4249 1267 4307 et
1287 4263 1347 4326 pro
1370 4243 1474 4310 altera

155 4334 265 4400 tabula
295 4335 328 4400 in
360 4336 434 4402 dolii
465 4335 529 4399 imo
559 4333 647 4398 auser
676 4331 882 4413 tantundem
914 4330 1028 4415 quodsi
1058 4331 1213 4398 diameter
1241 4331 1470 4415 profunditatis

155 4424 313 4490 invenitur
335 4423 481 4508 aequalis
503 4421 577 4488 huic
608 4427 812 4504 computatae
838 4441 878 4505 err
899 4420 1023 4490 ambitu
1046 4421 1201 4486 exteriore
1231 4425 1263 4484 et
1285 4419 1469 4502 diminutae,

156 4511 234 4577 dolii
260 4519 371 4578 venter
400 4521 511 4577 exacto
538 4509 702 4576 circularis
730 4509 957 4594 credipotest,
988 4509 1066 4592 quia
1087 4510 1114 4574 si
1135 4506 1274 4573 deflectit
1298 4529 1319 4574 a
1341 4509 1470 4590 circulo,

156 4621 256 4666 causa
278 4601 369 4666 nulls
392 4609 449 4680 est,
474 4621 532 4666 cur
554 4598 662 4684 potius
686 4597 833 4682 obliquae
854 4597 1001 4664 diametri
1029 4596 1129 4681 (quod
1152 4601 1261 4660 tamen
1284 4599 1380 4662 etiam
1402 4597 1471 4664 fieri

155 4691 276 4772 potest)
302 4710 400 4772 quam
422 4695 530 4755 erecta
554 4695 588 4754 et
605 4693 788 4753 mansversa
803 4688 866 4752 sint
880 4685 1075 4770 inaequales.
1110 4682 1172 4750 Sed
1194 4705 1319 4750 omnem
1341 4687 1471 4752 certitu·

155 4777 262 4844 dinem
283 4777 375 4864 hujus
390 4777 437 4846 rei
451 4777 492 4862 (si
505 4777 589 4846 forte
604 4777 646 4844 sit
664 4776 798 4844 materia
812 4775 972 4845 metienda
985 4773 1156 4859 pretiosior
1170 4794 1262 4856 auro,
1279 4775 1471 4859 quantitatis
