3412 5538
659 324 776 379 osso
788 323 973 394 memo
1254 317 1260 328 '
1401 307 1489 382 ἰιι

134 463 215 548 Nem
229 465 337 532 adhuc
353 468 416 536 sub
429 467 560 536 Sedeeia
572 469 693 553 legatos
714 469 810 536 habet
824 471 922 553 'lprus
936 454 1170 554 iherosolymis:
1194 480 1228 539 et
1243 493 1323 540 auno
1338 469 1390 542 27.
1406 477 1491 560 capti

137 555 307 622 Jeehouiae
322 557 472 624 Ezechiel
486 559 588 636 refert,
604 560 752 643 quomodo
766 567 839 643 post
853 560 1120 626 laboriosissimam
1139 563 1212 646 Τγῃ·
1234 567 1490 649 expuguationem

139 645 223 710 Dens
243 645 429 732 Aegyptum
451 649 651 713 destinaverit
670 650 839 733 Babylonio
860 650 891 713 in
914 652 1089 733 praemium.
1135 652 1233 735 Igitur
1256 655 1336 720 hunc
1360 656 1491 740 Josephi

139 735 239 800 locum
259 755 320 818 ego
343 738 389 801 sic
410 745 564 821 computo:
587 739 724 803 iu'uuam
744 758 890 804 summam
910 740 1036 821 conjicio
1057 741 1158 806 omnia
1176 748 1314 826 tempora
1333 763 1492 829 expresse,

141 825 296 908 prodeunt
312 827 385 891 anni
401 828 452 892 55.
482 829 524 891 Μ.
541 828 571 892 3.
602 826 679 893 Cum
693 829 786 912 igitur
799 829 952 912 Josephus
968 838 1106 895 numeret
1120 831 1171 895 ot
1185 832 1227 894 ld
1244 833 1274 909 3,
1295 836 1490 899 manifestum

143 923 200 990 est,
215 915 260 980 illi
276 935 391 980 aunum
404 917 558 983 Belatoris
574 917 742 982 coincidere
758 937 825 983 cum
839 919 945 982 ultimo
961 938 1017 982 sex
1032 939 1177 984 annorum
1190 922 1331 1005 Mytgoni
1347 931 1380 988 et
1389 921 1491 988 Gera-

143 1005 245 1081 etuati,
261 1006 344 1089 quod
360 1015 394 1070 et
407 1007 476 1089 ipsa
496 1007 588 1070 litera
607 1007 731 1070 iudicat
768 1007 827 1072 Hic
846 1015 880 1071 tu
900 1027 1040 1072 numeras
1059 1009 1149 1092 louge
1169 1010 1266 1075 miuus
1286 1013 1493 1095 probabiliter,

144 1094 183 1157 ab
197 1095 286 1158 initio
302 1096 438 1160 Ithobali
454 1096 493 1159 ad
511 1096 560 1159 14.
575 1096 679 1159 Iromi:
700 1097 760 1160 imo
777 1104 860 1161 certe
877 1097 1057 1181 aprincipio
1074 1099 1218 1164 obsessae
1233 1102 1306 1182 Tyri
1325 1096 1389 1166 al.
1403 1102 1492 1176 Itho-

142 1183 208 1248 bali
222 1203 280 1266 per
298 1185 338 1250 13
361 1186 500 1250 residuos
515 1193 655 1250 numerat
668 1185 822 1267 ,Iosephus
844 1186 994 1256 adfinem
1008 1187 1108 1251 Iromi.
1143 1187 1206 1253 Sed
1222 1191 1261 1252 ad
1276 1209 1374 1254 meum
1389 1191 1492 1256 calcu-

142 1272 221 1336 lum:
245 1274 350 1339 abhis
366 1274 409 1339 54
426 1275 514 1338 anuis
529 1276 614 1339 auier
627 1274 751 1344 ultimos
767 1270 787 1340 7
793 1294 803 1351 ;
826 1275 892 1339 Ima
909 1276 958 1339 14.
974 1276 1065 1341 lromi
1082 1277 1180 1359 Cyrus
1201 1279 1297 1362 cepit:
1320 1280 1434 1343 residui
1448 1275 1491 1345 47

143 1369 218 1426 sunt
232 1364 427 1429 interuallum
447 1366 528 1429 inter
545 1363 724 1446 principium
744 1364 888 1428 obsessae
903 1366 976 1448 Tyri
997 1373 1029 1429 et
1047 1367 1227 1449 principium
1242 1367 1315 1451 Cyri
1329 1368 1493 1434 Persicum.

142 1452 213 1534 Age
226 1454 301 1535 jam,
315 1455 388 1536 quia
401 1454 501 1537 Cyrus
517 1454 618 1535 coepit
633 1472 712 1518 anno
727 1454 937 1518 Nabonassari
955 1454 1027 1532 188,
1041 1464 1077 1519 ut
1091 1464 1125 1519 tu
1141 1465 1308 1538 computas,
1324 1459 1409 1524 aufer
1423 1459 1495 1524 iude

141 1536 201 1618 47,
224 1550 326 1606 restat
346 1562 402 1626 pro
422 1543 568 1626 principio
589 1543 733 1606 obsessae
749 1543 821 1625 Tyri
837 1563 933 1608 annus
956 1544 1028 1608 141.
1047 1546 1266 1610 Nahonassari.
1294 1548 1327 1612 Is
1349 1567 1422 1612 vero
1444 1556 1494 1613 est

133 1631 203 1708 ille,
218 1632 251 1696 in
266 1652 325 1715 quo
341 1653 421 1696 anuo
436 1633 542 1715 incipit
558 1631 691 1697 decimus
707 1639 833 1696 octavus
848 1631 1173 1711 Nabuchodonosoris,
1196 1643 1310 1700 etcum
1332 1657 1391 1721 quo
1407 1637 1494 1704 coin·

142 1721 221 1786 cidit
242 1723 292 1784 10.
307 1721 472 1798 Sedeciae3
501 1741 558 1805 quo
589 1741 667 1784 euno
697 1729 821 1787 constat
843 1722 1030 1805 Aegyptium
1054 1724 1188 1789 subsidio
1211 1726 1333 1790 venisse
1358 1727 1512 1792 obsessis,

140 1810 353 1894 ierosolymis,
369 1818 402 1875 et
417 1813 500 1892 cnjus
517 1810 586 1874 anni
601 1811 804 1892 praecedente
819 1831 900 1888 vere,
916 1820 1056 1877 currente
1067 1814 1107 1877 ad
1116 1815 1205 1878 linem
1214 1835 1293 1880 anuo
1304 1813 1334 1880 9.
1345 1814 1494 1881 sedeciae

143 1893 211 1980 (uhi
227 1920 323 1966 annos
339 1900 371 1964 iu
385 1901 507 1966 Pascha
528 1900 684 1964 terminari
699 1900 825 1965 Judoeis
846 1893 978 1984 accipio)
1003 1903 1105 1986 coepit
1125 1904 1259 1968 obsideri
1273 1905 1495 1988 Hierosolyma.

144 1988 313 2055 Gouticitur
328 1987 408 2068 hino,
422 1990 635 2073 Hierosolyma
651 1996 684 2052 et
697 1990 809 2073 'Pyrum
826 1991 914 2055 simul
930 1991 1062 2055 obsideri
1078 2000 1213 2076 coeptas,
1233 1992 1303 2059 hinc
1318 1995 1390 2059 illae
1404 1995 1493 2060 lach-

142 2098 263 2162 rymae,
286 2098 364 2163 qnae
379 2081 497 2164 Aprien
511 2079 649 2162 Aegypti
663 2078 780 2161 Regem
798 2080 1007 2162 prolicuerunt
1030 2083 1070 2146 ad
1092 2081 1249 2165 suppetias
1264 2077 1414 2148 ¹ferendos
1434 2084 1494 2149 Ju-

143 2169 237 2234 daeis
283 2171 383 2253 Tyrus
405 2171 484 2235 enim
506 2169 608 2234 aditus
630 2176 679 2233 est
699 2169 739 2233 ad
760 2170 937 2255 Aegyptum
958 2171 1165 2254 Babylonicae
1187 2173 1356 2255 potentiae.
1384 2174 1494 2258 Itaque
1550 2195 1559 2218 ι

142 2259 260 2343 aliquot
289 2260 377 2324 annis
400 2269 472 2324 ante
494 2259 622 2341 legimus
653 2265 819 2323 conventus
847 2267 937 2324 actos
957 2261 1158 2344 Jerosolymis
1187 2262 1242 2326 sub
1268 2261 1414 2340 Sedecia,
1443 2262 1496 2331 ubi

141 2349 316 2432 Aegyptius
331 2350 389 2414 hoc
405 2350 484 2432 egit,
505 2356 540 2412 ut
555 2349 670 2430 Tyrus,
689 2348 809 2412 ,Iudaeo
825 2355 858 2412 et
872 2348 1017 2414 finitimae
1033 2357 1142 2431 gentos
1159 2351 1265 2414 eodem
1285 2352 1407 2417 foedere
1418 2351 1493 2432 J'un·

142 2446 288 2519 gerentur
312 2446 421 2502 contra
444 2437 659 2522 Babylonium,
693 2437 829 2521 adeoque
855 2445 887 2500 et
909 2439 1039 2523 durante
1062 2438 1218 2502 obsidione
1247 2439 1359 2522 legitur
1381 2441 1496 2524 Apries

142 2528 297 2592 maritima
320 2528 404 2592 bella
428 2529 562 2611 gessisse
587 2543 654 2591 cum
679 2525 829 2604 Sidoniis,
852 2527 1007 2609 intellige,
1038 2528 1332 2593 Nabuchodonosori
1356 2529 1496 2606 subditis.

144 2617 217 2699 Tyri
232 2617 412 2682 liberandae
435 2638 535 2684 causa
571 2617 680 2699 Itaque
702 2616 787 2692 vide,
809 2635 848 2679 ue
862 2616 1016 2699 Josephus
1038 2617 1085 2680 ita
1107 2617 1253 2700 senserit,
1275 2618 1423 2702 siquidem
1445 2626 1497 2684 sat

144 2705 265 2771 Graece
285 2708 402 2789 potuit:
425 2704 549 2796 iddopqc
568 2728 623 2790 γαρ
644 2710 823 2793 sechamp
843 2704 901 2770 lvo
922 2728 974 2789 της
993 2708 1310 2791 Ναβονχοόοιοσορον
1332 2710 1500 2789 βασιλεως..

142 2797 223 2862 Nam
239 2803 344 2860 stante
360 2805 416 2862 tua
430 2798 537 2861 tabula
550 2797 678 2878 Regum,
693 2796 884 2861 verissimum
899 2802 962 2872 est,
984 2796 1219 2878 septemdecimo
1235 2818 1314 2864 anuo
1329 2797 1495 2862 Nabucho-

142 2885 304 2951 donosorls
321 2894 460 2969 coeptam
476 2886 609 2954 obsideri
624 2885 744 2968 Tyrum.
774 2884 839 2950 Sed
853 2892 890 2950 ut
903 2886 1026 2962 videas,
1048 2905 1173 2949 menon
1194 2894 1315 2952 tautum
1336 2886 1501 2954 conciliare.

143 2994 195 3052 ea,
215 2995 295 3058 quae
309 2976 464 3058 Josephus
486 2975 622 3059 scripsit:
647 2976 789 3057 suppleat
807 2974 951 3039 Ezechiel
971 2975 1032 3039 vim
1045 2976 1125 3055 justi
1144 2983 1177 3039 et
1196 2977 1298 3060 quenti
1318 2977 1501 3060 argumenti.

142 3065 236 3130 Anno
259 3060 312 3129 27.
327 3067 411 3148 capti
432 3064 599 3156 Jechpniae
621 3064 765 3129 Ezechiel
788 3065 866 3128 satis
889 3064 1002 3140 innuit,
1015 3084 1122 3148 nuper
1143 3073 1217 3129 ante
1241 3068 1262 3129 2
1283 3067 1334 3130 vel
1355 3067 1378 3130 3
1399 3085 1496 3130 annos

144 3163 270 3237 captam
291 3155 386 3220 fuisse
406 3157 533 3239 Tyrum:
566 3155 651 3219 aufer
678 3154 842 3218 obsidionis
867 3154 923 3229 13,
950 3154 1129 3238 relinquitur
1157 3154 1198 3218 14
1219 3156 1303 3238 capti
1320 3155 1498 3232 Jeohonias,

140 3245 201 3308 ie.
219 3265 319 3310 annus
334 3246 366 3309 3.
381 3253 491 3328 captae
506 3243 733 3327 Jerosolymae,
753 3250 790 3307 nt
811 3250 951 3308 numerat
973 3243 1045 3308 alibi
1066 3241 1118 3309 ille
1139 3244 1307 3326 Propheta
1342 3243 1423 3309 Nam
1446 3245 1498 3328 qui

141 3335 315 3418 praecessit
328 3335 448 3400 initium
464 3334 632 3410 Sedeciae,
648 3332 765 3397 fritilli
781 3353 877 3397 annus
894 3333 978 3415 capti
991 3331 1175 3410 secheniae,
1199 3341 1232 3400 et
1247 3335 1290 3398 sic
1303 3333 1419 3418 primus
1435 3333 1498 3399 Se-

142 3424 247 3488 deciae
264 3431 314 3488 est
327 3425 372 3488 illi
389 3424 540 3489 secundus
556 3423 638 3505 capti
653 3421 830 3486 Jeohouiae.
854 3423 964 3486 Tribus
980 3423 1069 3489 annis
1084 3422 1296 3488 descendimus
1311 3423 1498 3506 profundius,

142 3532 231 3595 quam
245 3513 339 3597 prius.
375 3514 550 3578 Verisimile
573 3519 637 3588 eet,
659 3511 778 3576 initium
793 3511 969 3576 obsidionis.
981 3511 1075 3576 inisse
1098 3513 1197 3595 captis
1209 3513 1275 3594 jam
1288 3511 1499 3596 ierosolymis,

118 3611 174 3666 -et
192 3602 497 3668 Nabuchodonosore
525 3603 556 3668 iu
582 3601 717 3666 Rebleta
740 3593 938 3684 (Antiochia)
969 3608 1189 3684 commorante:
1220 3602 1252 3666 id
1274 3601 1382 3684 procul
1406 3601 1498 3667 dubio

140 3692 232 3774 hujus
256 3692 424 3758 obsidionis
444 3712 545 3757 causa
590 3690 625 3756 si
647 3710 719 3773 ergo
743 3711 762 3754 a
784 3709 900 3755 summa
921 3685 966 3754 47
990 3710 1137 3755 annorum
1159 3691 1281 3756 auferas
1303 3698 1424 3774 tempus
1440 3692 1497 3756 ob-

142 3781 282 3860 sidionis,
303 3790 426 3847 restant
441 3782 484 3846 34
500 3783 538 3846 ab
554 3787 731 3864 expugnata
744 3782 826 3863 Tyro
847 3781 887 3844 ad
902 3780 1020 3844 initium
1036 3779 1111 3864 Gyri
1126 3786 1159 3845 et
1173 3800 1284 3845 annum
1302 3781 1374 3845 188.
1388 3780 1497 3846 Nabo-

139 3873 272 3936 nassari.
303 3871 368 3936 Sed
384 3873 421 3936 de
436 3891 496 3936 uno
513 3892 591 3938 anuo
607 3889 668 3934 non
684 3868 777 3934 debet
792 3889 860 3933 esse
877 3869 1040 3934 contentio.
1072 3866 1155 3943 Quid
1169 3871 1196 3934 si
1211 3864 1385 3954 naiuqueut
1400 3889 1497 3935 annus

137 3961 303 4038 Belatoris,
318 3961 363 4026 sic
377 3962 492 4045 primus
510 3980 627 4046 quoque
641 3959 789 4023 Merbalis
803 3960 955 4024 referatur
970 3960 1027 4047 sub
1044 3979 1100 4023 sex
1114 3979 1211 4024 annos
1226 3959 1386 4025 Judicum?

230 4049 397 4134 Superest,
418 4059 455 4115 ut
470 4051 672 4133 objectiones,
695 4069 770 4132 quas
785 4049 958 4131 praevideo,
974 4047 1144 4114 discutiam
1173 4049 1308 4114 Primum
1323 4049 1423 4127 dces,
1444 4055 1498 4114 ta·

138 4141 242 4208 bulum
263 4140 401 4224 Regum,
427 4139 553 4224 Georgii
577 4139 714 4223 Spucelli
736 4139 929 4214 testimonio,
951 4157 1014 4202 non
1036 4158 1104 4204 esse
1126 4139 1218 4222 plane
1244 4139 1310 4202 siue
1334 4140 1497 4204 variatam

137 4229 266 4296 Utinam
282 4231 408 4308 scirem,
431 4232 498 4313 quis
512 4230 563 4295 ille
580 4229 741 4313 Syncellus
758 4227 876 4311 etquid
892 4227 1058 4310 scripserit
1095 4229 1176 4294 Puto
1191 4229 1277 4294 illum
1292 4235 1347 4294 aut
1361 4227 1443 4312 loqui
1454 4228 1496 4292 de

137 4339 189 4397 eo,
208 4321 292 4404 quod
307 4320 511 4385 ecclesiastici
527 4316 674 4401 (mechis,
696 4338 772 4401 qnos
787 4318 885 4394 dicat,
910 4325 1069 4401 expertum
1084 4315 1195 4401 habet)
1214 4312 1255 4383 17
1279 4337 1376 4382 annos
1392 4317 1496 4398 eripu-

135 4420 223 4476 erunt
237 4410 458 4485 blabonnadio‚
478 4429 537 4493 qua
551 4410 584 4472 in
599 4427 632 4473 re
645 4406 796 4472 Berosurn
814 4407 846 4472 in
861 4407 883 4472 J
884 4408 998 4489 osepho
1013 4414 1089 4489 puto
1109 4415 1246 4472 secutos:
1272 4408 1397 4472 eosdem
1411 4423 1496 4482 sero,
1511 4466 1513 4477 ⁴

134 4507 167 4566 ut
189 4519 344 4565 annorum
371 4498 436 4563 424
460 4519 601 4564 uumerus
627 4497 752 4562 illaesus
785 4503 886 4574 esset,
916 4497 1120 4562 restituerunt
1142 4496 1382 4562 Nabonsssario.
1427 4493 1501 4564 Aut,
1527 4509 1529 4514 ’

129 4591 266 4676 loquitur
282 4589 323 4652 de
341 4607 388 4666 eo,
402 4589 483 4671 quod
496 4587 728 4652 Evilmerodach
743 4586 839 4652 habet
853 4587 889 4664 3,
910 4587 942 4650 iu
957 4585 1074 4667 Beroso
1091 4589 1126 4664 2,
1149 4595 1204 4652 ant
1218 4587 1298 4671 quod
1313 4585 1492 4650 Laboroeo-

125 4680 283 4750 ardachos
299 4678 409 4754 abest,
424 4685 457 4742 et
471 4677 721 4760 Nirigliesororos
735 4676 832 4742 habet
846 4675 866 4741 5
882 4677 915 4742 iu
928 4677 1063 4752 Beroen,
1077 4676 1128 4742 hic
1142 4677 1180 4752 4,
1201 4677 1253 4742 ille
1278 4693 1388 4740 annum
1402 4693 1495 4739 unum

122 4775 234 4840 miuus.
268 4769 403 4846 D0.0⁰‚
424 4767 505 4851 quod
525 4767 759 4834 Evihnerodach
780 4767 876 4833 hahet
896 4766 934 4842 3,
954 4773 1030 4849 puto
1053 4765 1098 4830 sic
1119 4785 1224 4830 verum
1246 4781 1330 4840 esse,
1351 4764 1379 4828 si
1400 4769 1492 4848 pater

118 4858 423 4934 Nabuchodonosor
434 4856 529 4925 habet
542 4856 595 4935 43,
611 4861 644 4922 ot
658 4856 782 4938 abdicet
797 4864 869 4923 aute
884 4855 974 4922 linem
988 4857 1081 4933 vitae,
1096 4855 1155 4920 nisi
1170 4855 1242 4938 quia
1256 4851 1491 4931 difficilediotu,
1589 4901 1592 4908 ¹
