3406 5542
579 356 728 422 causan.
753 353 971 418 camarensem.
1011 361 1015 374 ·
1273 312 1278 322 ⁸
1382 337 1446 405 337

105 513 123 556 a
146 491 317 581 ¹Saturnino
340 495 433 560 fuisse
448 505 613 578 peractum
658 497 805 580 Speciosa
830 499 953 574 solutio,
976 507 1009 561 st
1025 517 1119 582 aeque
1140 497 1331 562 insufficiens.
1375 501 1445 563 Non

103 591 221 646 tautum
243 586 323 648 enim
338 604 453 649 memm
472 595 523 649 est
543 588 581 651 de
603 589 661 652 hoc
677 595 843 652 commento
857 589 1017 651 'silentium
1039 587 1118 669 apud
1132 586 1285 650 Romanos
1307 597 1340 652 et
1353 588 1445 652 Jose-
1466 584 1472 596 '

100 673 205 754 phum‚
228 676 285 738 sed
306 675 385 757 quod
402 695 522 756 semper
534 679 619 740 velut
635 675 787 759 Gorgonis
803 685 895 759 caput
910 677 1030 758 objicio,
1051 696 1111 739 non
1128 683 1340 741 commemorat
1352 679 1445 741 Jose-

101 761 179 842 phus
193 763 275 827 inter
291 764 421 827 honores
432 761 569 842 Quirinii,
585 767 770 847 provinciam
777 766 897 848 Syriam
913 767 994 848 prins
1011 765 1363 846 etiamadministratam,
1379 785 1446 830 cum

102 859 187 920 esset
208 853 592 918 occasio'luculeutissima
613 855 774 938 mentionis
796 855 897 935 hujus,
919 856 1121 938 quippe'uuno
1135 855 1244 916 iterum
1259 855 1445 936 ingrediente

102 936 241 1010 Quirinio
255 941 288 1004 iu
305 941 426 1024 Syriam
440 943 627 1024 provinciam
643 963 736 1008 suam.
765 944 854 1008 Adde
871 945 949 1028 quod
965 963 1025 1008 non
1041 944 1198 1006 dicendum
1212 943 1329 1019 luisset,
1352 945 1446 1020 „haec

101 1029 266 1148 irrepsit>
289 1031 424 1112 primunr*
438 1033 522 1095 fecta
544 1031 796 1116 sub·‘uniriuio“,
820 1032 874 1096 sed
899 1033 993 1109 „haec
1007 1032 1134 1114 primum
1150 1033 1275 1096 decreta
1297 1033 1352 1096 sub
1369 1030 1445 1104 Qui-

101 1137 208 1182 umo.
356 1182 360 1192 ,

189 1207 327 1280 Tandem
348 1209 441 1290 igitur
463 1209 599 1287 exstitit,
621 1211 671 1294 qni
693 1210 802 1273 nodum
824 1210 1030 1274 difficillimum
1050 1211 1230 1273 dexterrime
1256 1207 1444 1283 dissolveret,

99 1295 220 1360 Nobilis
244 1304 277 1359 et
294 1298 509 1380 Amplissimos
531 1297 578 1362 vir
598 1299 636 1364 D.
657 1299 791 1363 Joanries
816 1298 928 1381 Georg.
942 1300 1103 1376 Hersvard,
1126 1299 1273 1363 Serenisa
1293 1298 1444 1360 stariae

100 1384 182 1448 Duci
206 1407 225 1449 a
247 1386 382 1450 consiliis
405 1389 619 1453 secretioribus
641 1397 674 1450 et
693 1389 866 1470 provinciae
890 1389 1103 1464 cancellarius,
1127 1407 1216 1470 opere
1233 1387 1444 1467 chronologico

101 1474 195 1551 edito,
212 1475 297 1538 afol.
310 1475 372 1538 188
387 1475 419 1541 in
435 1479 515 1552 202,
535 1478 588 1541 ubi
602 1486 705 1540 monet
719 1498 779 1542 uon
794 1485 878 1541 recte
892 1497 1026 1541 versum:
1049 1475 1139 1540 Haec
1155 1477 1324 1558 descriptio
1336 1477 1445 1557 primo

8 1593 9 1596 ¹
91 1565 190 1647 sacto
204 1571 252 1626 est
265 1585 290 1640 o,
298 1565 582 1650 praeside.Syr.ioe
599 1567 762 1644 Quirinim
790 1568 870 1649 quod
885 1567 1022 1650 equidem
1038 1566 1143 1630 statim
1159 1566 1239 1629 sedit
1255 1566 1352 1628 animo
1368 1583 1444 1628 meo.

97 1654 180 1716 Nam
194 1653 330 1716 adhunc
346 1673 467 1718 sensum
483 1648 707 1738 exprimendum
727 1675 801 1738 opus
817 1657 926 1720 fuisset
947 1655 1074 1720 totidem
1095 1656 1213 1720 omnino
1228 1655 1343 1728 verbis,
1362 1649 1444 1733 Αὕτη

98 1737 116 1821 ἡ
130 1738 295 1824 ἆπογραφη
315 1739 447 1826 q‘upormp
467 1741 500 1824 sir
520 1767 577 1808 aare
596 1741 656 1808 rino
676 1749 826 1824 Kopqnov
847 1740 1071 1825 riyeposeoonoc
1090 1767 1139 1824 cqc
1159 1747 1272 1824 Συριας
1287 1767 1444 1825 yeyorosora

96 1833 186 1894 Nunc
200 1839 274 1894 v'ero
290 1832 401 1896 desunt
414 1835 583 1916 particulae
597 1829 623 1914 ἡ,
638 1857 704 1910 eur,
725 1829 799 1909 tao,
815 1853 871 1900 uec
887 1835 976 1900 adest
990 1832 1024 1914 sia
1039 1843 1071 1898 et
1085 1857 1241 1915 reposeens,
1258 1833 1313 1896 sed
1326 1851 1380 1914 pro
1396 1831 1444 1894 his

96 1919 227 2002 tynae,
248 1940 305 1984 uec
320 1924 515 2004 postponitur
535 1924 602 1987 voci
617 1926 766 2003 Κυρηγιου
781 1943 841 1986 vox
862 1917 1096 2006 ἡγεμονενοπος.
1127 1923 1391 2006 Respice-rursum
1405 1920 1445 1983 ad

96 2017 226 2086 textum,
243 2011 293 2092 qui
307 2011 352 2074 sic
366 2012 474 2084 habet:
491 2007 564 2092 αὕτη
579 2009 597 2092 ἡ
612 2009 771 2095 ἀπογραφη
785 2034 887 2094 πρωτη
901 2011 1012 2093 ἐγενετο
1027 2007 1253 2094 q‘yeporsocrsoc
1268 2033 1317 2089 της
1332 2011 1444 2090 Σνριας

96 2101 266 2179 Kopqnoo:
296 2106 329 2161 et
350 2120 460 2182 quaere
481 2101 652 2165 versionem
674 2102 738 2182 ejus
755 2103 860 2178 aliem,
880 2102 939 2165 imo
961 2101 1106 2165 traditam
1129 2101 1168 2164 ab
1186 2100 1352 2163 Herwardo
1369 2117 1443 2164 oon-

96 2188 200 2251 sidera
209 2188 385 2271 justumque
408 2190 628 2272 deprehensam
651 2191 848 2273 amplectere:
879 2189 972 2254 Haec
993 2191 1161 2273 descriptio
1182 2190 1273 2270 prius
1288 2189 1383 2270 facto
1400 2194 1446 2250 est

95 2297 192 2360 psum
203 2279 401 2360 praesideret
415 2277 533 2362 Syriae
548 2281 724 2358 Quirinius.
749 2279 827 2343 Vult
842 2279 951 2355 dicere,
965 2279 1042 2344 haec
1057 2300 1117 2342 uon
1132 2279 1189 2341 fuit
1202 2279 1256 2341 illa
1272 2277 1444 2358 descriptio,

97 2367 134 2429 de
150 2385 211 2448 qua
233 2367 296 2429 iere
319 2367 387 2430 sola
406 2367 495 2431 hodie
512 2363 629 2452 (leucae
645 2363 794 2452 tempore)
818 2370 980 2450 loquuntur
1002 2375 1034 2430 et
1058 2368 1158 2431 sciunt
1179 2365 1305 2441 Judaei,
1325 2366 1444 2448 quaudo

8 2519 9 2526 ,
97 2453 262 2530 Quirinius,
276 2455 430 2520 Archelao
439 2459 526 2540 pulso
541 2459 572 2520 in
586 2458 715 2534 exilium,
728 2457 878 2521 Judaeum
888 2456 1014 2522 Caesari
1029 2456 1220 2520 tributariam
1235 2455 1316 2529 fecit,
1331 2455 1444 2526 indicto

97 2563 193 2607 censu
214 2545 246 2607 in
267 2545 409 2626 praedia,
432 2547 537 2610 domos
560 2554 592 2610 et
607 2549 723 2630 capita,
747 2548 783 2610 de
799 2565 966 2630 quo-censu
982 2553 1131 2628 quaeruut
1143 2545 1254 2609 Judaei
1269 2566 1289 2607 a
1305 2543 1443 2608 Christo:

95 2633 192 2697 Licet
204 2633 286 2696 dare
301 2655 425 2698 eeneom
441 2633 575 2701 eaesae
588 2657 645 2712 uec
659 2637 718 2700 ne?
741 2643 773 2699 et
788 2637 819 2698 iu
832 2635 923 2700 Actis
938 2635 1154 2719 Apostolorum
1165 2633 1178 2696 :'
1189 2633 1231 2698 In
1245 2633 1355 2698 diebos
1371 2643 1454 2696 cem*

95 2743 165 2786 mre:
191 2723 247 2785 sed
262 2724 346 2786 lacta
361 2731 410 2786 est
424 2726 477 2789 illa
487 2725 661 2808 descriptio,
677 2725 732 2788 sub
742 2745 802 2806 qua
812 2724 953 2790 Christus
968 2733 1068 2800 ustus,
1083 2725 1173 2804 louge
1190 2731 1291 2785 antea.
1314 2721 1462 2804 Reliqua·

67 2825 70 2830 '
96 2813 302 2876 discutiuntur
316 2831 355 2875 ex
370 2815 577 2894 grammatica
623 2813 751 2878 Graecis
767 2815 845 2877 enim
865 2835 984 2896 aporos
999 2814 1103 2877 crebro
1123 2819 1286 2894 usurpetur
1301 2830 1355 2892 pro
1371 2833 1443 2892 eqo·
1490 2827 1494 2835 ·

95 2923 192 2983 cepoe,
207 2908 244 2963 ut
257 2901 385 2965 loannis
400 2904 423 2965 L
437 2903 568 2968 versib
585 2912 617 2970 et
632 2905 692 2967 30:
717 2901 809 2968 ὀπισω
829 2927 888 2982 μου
909 2900 1026 2986 ἄρχεται
1041 2901 1130 2983 simp,
1151 2895 1183 2972 ric
1198 2899 1370 2982 ἔμπροσθεν
1385 2923 1444 2978 μου

95 3013 223 3071 paperes,
247 2985 292 3053 ries
313 2990 574 3073 superaspersis.
616 2993 862 3076 Veattpoataa
875 2993 941 3066 nir,
963 2991 1018 3074 que'
1032 2999 1104 3057 aare
1117 2991 1285 3074 arefactus
1299 2997 1352 3062 est,
1369 2989 1445 3071 qnia
1496 3023 1500 3034 ·

92 3081 187 3161 prs'or
206 3099 258 3141 arse
271 3088 349 3144 erut.
396 3085 539 3161 llpoaoc,
562 3089 700 3163 taorapoc
715 3090 748 3145 et
762 3081 895 3166 reliquae
917 3082 1042 3145 voculae
1059 3080 1172 3143 ordinis
1195 3078 1329 3142 construi
1345 3079 1446 3142 solent

96 3187 163 3230 curu
186 3169 329 3249 genitivis
351 3169 524 3234 immediate
548 3171 799 3248 adhaerentibus,
820 3172 870 3234 vel
893 3171 1108 3242 intercedente
1117 3169 1210 3232 verbo
1232 3167 1392 3249 temporis,
1417 3167 1443 3228 si

95 3257 218 3339 longior
234 3265 283 3320 est
296 3259 422 3338 genitivi
438 3260 675 3343 circumscriptio
690 3261 798 3324 utilio.
834 3260 930 3323 Plane
945 3279 1087 3340 maguam
1101 3259 1196 3320 habet
1211 3257 1367 3338 emphasin
1382 3273 1444 3317 vox

93 3345 217 3426 tyerno,
231 3349 412 3428 praesertim
427 3349 504 3412 baec
519 3350 640 3430 phrasis
655 3371 757 3430 repom
773 3348 893 3430 ἐγενετο,
914 3349 945 3411 id
962 3355 1018 3422 est,
1033 3345 1278 3410 manifestissime
1295 3367 1446 3426 spesspes
1535 3358 1542 3375 ‘

93 3434 223 3516 drasam
240 3443 273 3498 et
288 3436 361 3500 ordo
372 3439 615 3514 constructionis,
630 3431 736 3522 in'quo
751 3438 909 3520 praecedit
924 3455 983 3500 vox
999 3431 1231 3517 ἦγεμονευοπος.
1261 3435 1342 3497 Nam
1357 3436 1441 3496 lacta

95 3532 144 3586 est
158 3525 239 3588 haec
255 3525 419 3608 descriptio
435 3547 495 3592 uon
512 3527 651 3591 absolute
668 3535 739 3590 ante
752 3524 1041 3600 Quiriniumnatum,
1057 3543 1151 3587 senex
1165 3523 1192 3584 is
1208 3529 1283 3597 erat,
1299 3523 1441 3586 sedante

94 3611 323 3694 praesidentem
339 3613 448 3697 Syriae
464 3613 641 3687 Quirinium.
682 3614 768 3688 Quae
785 3616 861 3678 adeo
877 3633 971 3676 eausa
986 3621 1044 3688 est,
1059 3631 1112 3676 our
1126 3610 1226 3674 Lucas
1242 3631 1301 3675 non
1316 3618 1351 3674 ut
1365 3629 1441 3692 pss-

94 3703 151 3765 sim
165 3702 321 3785 Josephus
342 3698 481 3786 ἡγεμωος
502 3722 577 3769 voce
592 3713 714 3780 utatur,
737 3705 792 3767 sed
806 3703 982 3787 participati
996 3697 1227 3782 lpepmmcmoc.
1262 3701 1329 3763 Nec
1343 3701 1441 3763 minus

93 3791 253 3873 pulchrum
276 3793 444 3875 exemplum
466 3800 563 3856 estet
583 3793 711 3857 Joannis
722 3785 780 3868 ¹15,
795 3813 822 3855 v.
834 3791 889 3856 182
912 3791 964 3869 dua
986 3811 1104 3871 apator
1119 3783 1200 3868 ripam
1214 3809 1364 3868 μεμισηκεε
1387 3791 1440 3852 Me

92 3881 227 3962 priorem
240 3881 327 3944 vobis
344 3883 411 3946 odio
426 3881 542 3947 habuit.
571 3883 638 3945 Nec
653 3882 713 3946 alio
729 3901 820 3945 sensu
834 3890 908 3964 puto
925 3903 944 3943 a
960 3880 1056 3943 tribus
1071 3878 1278 3960 Evangelistis
1293 3878 1441 3942 nominari

94 3963 372 4050 aporrp'Alvpor,
394 3991 483 4053 quam
497 3971 634 4034 Joauues
655 3971 792 4034 nominat
812 3992 888 4052 apoc
902 3965 1007 4051 iopeqc
1028 3991 1082 4031 eoo
1104 3989 1213 4051 πασχα.
1256 3969 1337 4030 Nam
1353 3967 1440 4030 addit

93 4077 187 4134 unus,
209 4057 243 4122 tr
257 4053 275 4140 ᾗ
291 4057 351 4122 tta
365 4065 499 4124 θυεσθαι
520 4081 555 4122 uo
578 4079 693 4144 caepa:
717 4068 841 4123 constat
860 4078 933 4122 vcro
950 4077 988 4122 ex
1002 4056 1156 4133 Levitico,
1178 4064 1249 4139 post
1271 4075 1353 4120 esum
1369 4053 1440 4135 agui

93 4147 252 4228 paschalis
275 4149 436 4223 succedere
460 4157 578 4231 septem
601 4149 667 4212 dies
688 4167 868 4230 azymorum.
904 4148 1026 4221 Peseha
1041 4167 1069 4210 n.
1084 4146 1297 4210 immolabatur
1311 4151 1439 4227 quarta-

94 4235 228 4311 decima,
249 4255 379 4320 sequeus
402 4239 591 4320 quindeoima
607 4246 675 4301 erat
695 4239 795 4321 prima
810 4255 989 4320 azymomm.
1019 4237 1095 4300 'Ihes
1114 4235 1207 4317 igitur
1220 4233 1438 4315 Evangelistae

92 4325 341 4390 manifestissime
364 4347 424 4390 non
447 4327 680 4410 quindecimam,
710 4328 764 4390 sed
792 4327 1024 4407 praecedentem
1048 4324 1348 4408 quartamdecimam,
1378 4339 1438 4383 nou
1515 4365 1519 4384 .

94 4433 169 4496 quae
186 4415 325 4498 sequitur
340 4435 451 4498 agnum
460 4417 645 4498 paschalem,
661 4417 716 4480 scd
731 4416 813 4479 iham
828 4417 859 4480 in
875 4436 935 4497 qua
944 4409 1098 4497 (finiente)
1115 4413 1276 4496 oportebat
1290 4409 1437 4473 immolari

93 4506 222 4584 pascha,
246 4505 407 4568 nominant·
420 4527 537 4586 πρωτην
553 4501 678 4583 ἄζυμον.
718 4505 915 4568 'Incommode
930 4505 1023 4586 igitur
1037 4517 1156 4566 versum
1172 4509 1234 4566 est:
1251 4500 1347 4581 prims
1362 4517 1436 4578 azy-

94 4611 219 4669 morum,
241 4595 323 4657 verti
339 4595 447 4658 debet:
471 4595 536 4658 dies
550 4595 737 4677 praecedens
753 4613 868 4677 azyma,
889 4601 997 4676 utpote
1011 4592 1043 4655 in
1058 4591 1142 4672 cujus
1156 4592 1214 4654 fine
1230 4589 1293 4651 sive
1308 4605 1436 4667 vespera

93 4680 240 4766 incipiunt
254 4703 373 4766 asyma,
388 4683 507 4746 scilicet
521 4701 588 4747 cum
602 4685 698 4767 ipsius
712 4683 784 4779 agni
799 4702 861 4759 esu,
878 4684 904 4746 si
918 4684 944 4746 is
961 4680 1095 4764 legitima
1111 4681 1158 4744 die
1173 4677 1350 4751 immoletur,
1364 4682 1436 4738 tuno

93 4789 163 4836 vcro
176 4793 240 4838 uua
253 4791 387 4856 respera
403 4773 492 4836 citius
506 4781 632 4855 propter
640 4773 873 4837 translationem
881 4771 1047 4854 paschatis,
1062 4789 1138 4853 quae
1147 4769 1240 4832 debat
1249 4766 1312 4828 siue
1331 4771 1435 4828 trans-

93 4853 204 4927 latione
221 4879 413 4947 azymorum:
436 4881 514 4944 quae
529 4881 623 4926 osnes
638 4869 696 4939 eet,
711 4881 765 4926 our
778 4861 844 4927 dies
857 4861 912 4926 illa
923 4860 1028 4943 potius
1044 4859 1083 4924 ab
1099 4857 1212 4941 azymis
1221 4854 1436 4930 denominetur,
1551 4863 1553 4868 '

142 4967 367 5020 ιηιιιομιιν.
426 4987 428 4990 -
1191 4960 1224 5011 2²
