3390 5542
558 259 737 312 sersenatis
753 259 822 349 ttulit
840 261 975 310 luridati.
1360 255 1423 320 619

108 433 244 520 primus,
269 439 303 499 et
323 433 489 518 proportio
512 433 740 500 diametrorum
754 437 829 520 ejus,
853 453 936 518 quae
959 436 1009 498 ast
1022 429 1186 517 proportio
1207 428 1424 514 aequalitatis,

109 525 151 590 sit
167 531 354 590 truncorum
366 523 504 590 omnium
519 523 675 588 maximus
697 530 729 588 et
744 523 885 607 sibiipsa
900 521 1057 606 aequalia3
1080 521 1113 585 in
1135 539 1200 603 qua
1221 539 1296 584 vero
1319 521 1425 602 conju·

109 611 238 694 gatione
266 617 378 694 regnat
406 613 570 697 proportio
601 616 702 697 major
732 613 838 696 dupla,
873 611 980 677 trunci
1013 611 1132 688 omne's,
1163 609 1259 672 etiam
1288 605 1426 692 proximi

108 701 169 784 ipsi
200 699 357 784 cylindro,
389 700 578 765 sensibiliter
607 701 742 766 minores
776 701 857 766 fiunt
885 721 922 783 cy
935 698 1027 765 indro
1062 700 1252 782 conjugato;
1286 717 1328 760 an
1351 715 1426 778 ergo

111 790 259 868 vicissim,
281 789 400 873 inqua
422 791 585 874 proportio
607 794 722 872 regnat
743 791 845 856 minor
865 789 929 871 dup
943 809 971 867 a,
996 788 1105 852 trunci
1126 787 1262 870 primum
1285 782 1428 866 cylindro

110 878 251 942 evadant
281 881 418 963 majores
451 899 553 961 usque
582 879 625 944 ad
659 884 781 944 certam
810 884 942 958 metam,
963 876 1050 942 inde
1083 895 1226 940 rursum.
1244 873 1429 937 decrescant

111 968 254 1049 fiantque
276 966 407 1032 tandem
429 967 570 1050 cylindro
592 989 651 1034 suo
673 965 838 1050 aequales,
872 965 990 1030 deinde>
1006 965 1154 1042 minores,
1176 962 1277 1028 donec
1297 961 1429 1026 tandem

111 1056 220 1118 trunci
243 1055 367 1139 penitus
390 1063 590 1135 evanescant,
611 1053 760 1124 manente
782 1055 925 1138 cylindro
941 1053 1193 1137 coujugationis?
1216 1049 1332 1128 Tertio,
1357 1069 1429 1112 cum
1482 1094 1485 1103 ,

111 1144 254 1208 omnium
275 1146 533 1227 conjugationum
555 1148 734 1210 ceterarum
756 1144 891 1228 cylindri
914 1144 977 1208 sint
998 1143 1136 1207 minores
1158 1139 1301 1223 cylindro
1323 1141 1429 1222 conju·

111 1232 249 1313 gationis
283 1231 381 1314 dupla
402 1234 607 1316 proportione
637 1253 724 1312 usae,
756 1238 902 1297 crescant
923 1253 999 1296 vero
1023 1230 1129 1295 trunci
1151 1229 1332 1310 aliquarum
1355 1246 1427 1289 con-

107 1320 309 1404 jugationum
331 1341 431 1405 supra
452 1341 526 1386 suos
548 1320 709 1404 cylindros
731 1325 935 1405 conjugatos:
959 1321 1127 1403 quaeritur,
1150 1337 1227 1381 num
1248 1315 1300 1380 hic
1322 1333 1429 1404 esces·

113 1430 165 1473 sus
188 1414 299 1474 tantus
322 1411 370 1487 sit,
396 1415 432 1474 ut
453 1417 568 1493 aequet
589 1410 640 1474 nel
656 1417 780 1494 superet
796 1410 974 1494 cylindrum
989 1429 1045 1492 per
1057 1405 1297 1491 conjugationes
1321 1422 1430 1482 omnes

113 1498 293 1575 maximum,
318 1505 350 1563 et
372 1499 399 1563 si
421 1497 585 1582 hecquae
601 1499 665 1563 sint
681 1519 755 1582 ergo
771 1498 996 1563 diametrorum
1011 1497 1240 1580 proportiones,
1257 1493 1290 1557 in
1312 1489 1431 1575 quibus
1465 1484 1482 1522 '²

115 1591 249 1651 truncus
270 1585 328 1650 fiat
350 1587 491 1669 cylindro
513 1588 649 1651 maximo
664 1585 831 1670 aequalis?
854 1585 943 1650 Haec
965 1587 1061 1670 igitur
1080 1581 1284 1668 sequentibus
1307 1579 1432 1663 aliquot

114 1673 320 1740 theorematis
349 1675 440 1740 nobis
470 1683 545 1740 sunt
576 1675 780 1758 expedienda,
813 1681 969 1758 quantum
999 1672 1127 1757 quidem
1158 1675 1226 1757 ejus
1249 1690 1308 1753 per
1329 1688 1433 1733 meam

115 1764 279 1828 scientiam
301 1761 371 1828 fieri
396 1765 525 1847 poterit:
554 1771 628 1829 sunt
656 1765 739 1829 enim
760 1764 804 1830 ad
825 1763 1082 1830 aestimationem
1109 1767 1142 1826 et
1165 1758 1434 1843 comparationem

115 1851 274 1918 doborum
296 1852 476 1936 cumprimis
498 1852 688 1918 necessaria.

657 1993 834 2060 Theorema
855 1992 894 2058 X.

113 2097 156 2164 In
177 2101 262 2164 omni
286 2099 502 2182 ochycticne
532 2101 637 2165 trunci
658 2118 716 2182 per
746 2106 948 2183 aucmentum
970 2089 1184 2181 proportionis
1208 2095 1435 2160 diametrorum

259 2189 384 2253 tandem
403 2191 485 2270 fiunt
505 2191 649 2268 minues,
674 2209 853 2272 quacunque
875 2189 953 2254 dota
976 2189 1152 2271 poenalitate
1174 2185 1287 2251 satida.
1349 2257 1355 2274 ι
1404 2209 1408 2216 ·

203 2311 252 2378 Sit
280 2312 459 2398 conjugatio
490 2295 732 2398 quaecunque,
750 2315 842 2398 cujus
870 2313 1035 2396 proportio
1059 2309 1113 2377 OG
1135 2309 1178 2374 ad
1193 2307 1250 2375 Ga
1273 2305 1339 2392 (fig.
1358 2305 1433 2388 ati:

113 2400 197 2480 dico,
220 2400 291 2466 dari
313 2407 478 2480 truncum,
509 2407 545 2466 ut
569 2401 656 2482 CTA,
680 2402 820 2485 ejusdem
843 2401 1079 2486 conjugationis,
1103 2401 1223 2464 scilicet
1244 2399 1278 2462 in
1300 2417 1364 2480 quo
1386 2394 1429 2460 sit

115 2489 166 2556 CT
196 2489 238 2553 ad
265 2489 328 2569 ΤΑ,
358 2496 395 2556 ut
427 2487 479 2555 CG
511 2489 553 2554 ad
575 2491 641 2571 GA,
670 2491 823 2555 minorem
845 2510 1036 2573 quacunque
1058 2489 1224 2572 proposita
1246 2486 1430 2568 quantitate

115 2578 229 2644 solida.
274 2578 344 2644 Hoc
372 2599 445 2643 vero
476 2578 695 2643 demonstratu
724 2585 773 2642 ast
794 2577 896 2643 facile.
942 2579 1025 2642 Nam
1047 2578 1148 2642 minui
1170 2580 1305 2659 possunt
1326 2573 1432 2638 latera

102 2667 237 2750 -figuree
260 2666 321 2749 ct,
352 2667 414 2747 TA,
439 2688 563 2751 semper
593 2673 743 2731 manente
773 2667 855 2732 inter
878 2687 916 2731 aa
938 2667 1152 2750 proportione,
1175 2684 1260 2746 quae
1282 2669 1330 2726 est
1351 2663 1437 2725 inter

117 2757 172 2821 CG
204 2756 248 2821 ad
281 2757 345 2837 Gt,
370 2778 406 2822 eo
434 2776 542 2839 usque,
565 2755 642 2820 dum
672 2757 733 2836 CT,
764 2755 817 2820 TA
849 2760 989 2837 aequent
1014 2758 1146 2839 junctae
1177 2752 1347 2835 diagonion
1371 2749 1435 2827 CA,

119 2844 249 2929 quando
270 2846 333 2909 tria
355 2846 457 2910 latera
478 2845 540 2923 tc,
565 2843 626 2926 CT,
650 2843 704 2910 TA
722 2847 836 2928 juncta
857 2850 999 2926 aequant
1021 2849 1171 2925 quartum
1193 2840 1256 2910 VA,
1277 2859 1364 2922 quae
1388 2842 1437 2902 est

118 2934 285 3017 proportio
308 2934 534 2998 diametrorum
556 2933 608 2998 CT
631 2933 673 2998 ad
695 2933 760 3014 VA,
784 2938 907 3015 quanta
928 2935 1033 3016 potest
1056 2951 1125 2996 esse
1146 2931 1179 2994 in
1202 2928 1266 2994 hac
1289 2930 1436 3011 conjuga·

118 3025 213 3098 tione,
237 3023 392 3086 maxima:
416 3043 478 3105 quo
502 3041 577 3086 casu
598 3027 732 3087 truncus
762 3022 863 3092 omnis
885 3023 924 3085 in¹
940 3019 1031 3084 basin
1054 3039 1110 3084 seu
1132 3019 1165 3083 in
1186 3017 1351 3102 planitiem
1374 3015 1434 3079 cir·

119 3112 182 3174 culi
204 3110 259 3175 VA
280 3110 426 3176 subsidit.
472 3107 660 3194 Superfioies
682 3131 756 3175 vero
773 3116 1019 3195 quantacunque
1041 3109 1144 3174 minor
1167 3114 1215 3172 est
1229 3106 1314 3170 omni
1336 3123 1438 3186 quan·

119 3199 215 3265 titate
238 3199 350 3266 solida.

650 3305 826 3372 Theorema
847 3303 902 3371 XI.

124 3409 277 3496 Gytindcr
303 3411 447 3494 aequatis
473 3415 580 3476 trienno
603 3413 763 3494 coqucutto
793 3413 884 3477 bosio
905 3409 996 3476 babet
1019 3408 1220 3492 conopositom
1244 3427 1282 3473 cn
1304 3405 1441 3472 detortum

191 3501 313 3566 bostium
336 3502 438 3565 trunci
460 3506 489 3564 ct
511 3521 619 3564 curura
641 3501 738 3564 medii
761 3489 1010 3581 proportionalis
1032 3497 1200 3564 trientibus
1225 3497 1374 3580 siugulis.

208 3624 292 3690 Nam
312 3625 533 3707 rectiangulum
555 3622 615 3688 sub
638 3623 803 3690 diametris
825 3625 932 3688 trunci
952 3628 1001 3688 est
1031 3621 1169 3705 aequale
1191 3622 1353 3704 quadrato
1371 3641 1439 3684 me·

118 3713 195 3780 diae
224 3713 469 3799 proportionalis
498 3714 582 3777 inter
613 3712 795 3791 diametros,
828 3735 887 3798 per
910 3713 968 3791 vt,
998 3717 1035 3776 17
1041 3761 1047 3776 .
1093 3709 1196 3790 Eucl,
1221 3716 1254 3774 et
1276 3710 1340 3776 duo
1363 3709 1443 3774 talia

118 3802 308 3887 rectangula
338 3823 405 3868 una
433 3821 504 3866 cum
537 3802 695 3884 quadrato
726 3801 924 3868 differentiae
954 3800 1155 3866 constituunt
1185 3800 1247 3865 duo
1281 3797 1444 3882 quadrata

423 3956 429 3970 ,
464 3916 470 3924 ·
503 3887 508 3898 “
537 3890 674 3956 duarum
697 3893 930 3967 diametrorum,
947 3889 1008 3954 sub
1031 3887 1350 3972 quibusrectangula
1365 3907 1442 3951 con·

119 3955 147 4079 ὲ
186 3958 201 4079 ἓ
299 3953 498 4080 vidistis}
538 3980 680 4045 tinentur
709 4003 766 4065 per
787 3981 829 4060 11,
862 3983 890 4043 7.
913 3978 1004 4043 Eucl.
1050 3977 1125 4042 Tria
1155 3997 1229 4060 ergo
1253 3973 1443 4056 rectangula

120 4099 274 4170 5-25-34
367 4095 499 4164 '‘a-4
536 4089 601 4133 una
623 4089 693 4134 cum
716 4071 875 4153 quadrato
898 4066 1095 4132 differentiae
1117 4073 1193 4131 sunt
1215 4065 1364 4146 aequedm
1386 4061 1441 4126 tri·

140 4153 147 4178 ’
275 4153 281 4166 '
535 4155 594 4221 bus
610 4159 787 4239 quadratis,
812 4164 844 4221 et
866 4157 1000 4222 duarum
1022 4157 1251 4221 diametrorum
1265 4154 1299 4217 in
1314 4149 1444 4218 basibus

123 4257 156 4314 et
178 4247 301 4314 mediae
324 4244 578 4330 proportionalis.
624 4247 856 4331 Rectangulum
885 4246 983 4329 igitur
1006 4266 1106 4310 unum
1129 4265 1203 4311 cum
1225 4243 1339 4306 triente
1362 4259 1442 4323 qua-

123 4337 208 4402 drati
231 4335 426 4402 differentiae
449 4341 566 4418 aequat
587 4335 717 4400 tertiam
739 4343 864 4418 partem
887 4355 1030 4400 summae
1053 4334 1285 4418 quadratorum
1308 4348 1442 4412 propor-

122 4426 288 4492 tionalium
312 4429 345 4489 et
367 4426 412 4490 sic
431 4427 561 4508 junctos
583 4423 723 4507 singulos
747 4424 944 4507 singulorum
965 4424 1107 4488 trientes.
1152 4419 1196 4484 Ut
1217 4439 1292 4484 vero
1315 4423 1442 4482 rectan-

123 4514 234 4598 gulum
257 4533 330 4578 cum
352 4513 469 4578 triente
491 4511 577 4579 dioto
599 4514 641 4579 ad
665 4513 827 4596 quadrata
848 4512 973 4578 basium
994 4512 1110 4592 trunci,
1133 4510 1178 4576 sic
1200 4528 1318 4590 corpus
1340 4505 1446 4568 trunci

123 4603 167 4668 ad
189 4623 327 4687 corpora
352 4601 569 4685 cylindrorum
591 4602 845 4686 nequealtorum,
869 4623 963 4686 super
989 4601 1097 4666 trunci
1108 4596 1246 4676 basibus,
1269 4616 1327 4680 per
1346 4591 1445 4657 xvn.

124 4693 227 4774 partis
255 4691 387 4775 primae.
432 4688 538 4778 Quare
564 4693 660 4758 etiam
683 4696 720 4756 ut
734 4697 799 4756 tres
822 4691 900 4756 dicti
920 4692 1052 4756 trientes
1067 4690 1109 4754 ad
1131 4686 1292 4770 quadrata
1313 4681 1444 4759 basium,

125 4781 171 4846 sic
200 4801 318 4864 corpus
349 4777 456 4848 trunci
490 4778 538 4860 (et
566 4782 612 4848 sic
641 4781 737 4847 etiam
766 4780 901 4866 cylindri
930 4786 1044 4847 buco
1067 4773 1288 4864 aequatque
1309 4790 1446 4856 corpora
