<?xml version="1.0" encoding="UTF-8"?>
<!DOCTYPE html PUBLIC "-//W3C//DTD XHTML 1.0 Transitional//EN"
    "http://www.w3.org/TR/xhtml1/DTD/xhtml1-transitional.dtd">
<html xmlns="http://www.w3.org/1999/xhtml" xml:lang="en" lang="en">
 <head>
  <title>
</title>
<meta http-equiv="Content-Type" content="text/html;charset=utf-8" />
  <meta name='ocr-system' content='tesseract 3.04.00' />
  <meta name='ocr-capabilities' content='ocr_page ocr_carea ocr_par ocr_line ocrx_word'/>
</head>
<body>
  <div class='ocr_page' id='page_1' title='image "./joanniskepleria00unkngoog_0376.png"; bbox 0 0 3406 5542; ppageno 0'>
   <div class='ocr_carea' id='block_1_1' title="bbox 483 269 1498 385">
    <p class='ocr_par' dir='ltr' id='par_1_1' title="bbox 483 269 1498 385">
     <span class='ocr_line' id='line_1_1' title="bbox 483 269 1498 385; baseline 0.007 -14"><span class='ocrx_word' id='word_1_1' title='bbox 483 311 486 319; x_wconf 81' lang='grc'><strong>“</strong></span> <span class='ocrx_word' id='word_1_2' title='bbox 578 319 724 385; x_wconf 72' lang='lat' dir='ltr'><strong>Capntliv.</strong></span> <span class='ocrx_word' id='word_1_3' title='bbox 752 319 818 374; x_wconf 82' lang='lat' dir='ltr'><strong>Dlss</strong></span> <span class='ocrx_word' id='word_1_4' title='bbox 829 321 1001 377; x_wconf 59' lang='lat' dir='ltr'><strong>manerent.</strong></span> <span class='ocrx_word' id='word_1_5' title='bbox 1395 307 1462 378; x_wconf 68' lang='lat'><strong>352</strong></span> <span class='ocrx_word' id='word_1_6' title='bbox 1494 269 1498 284; x_wconf 37' lang='lat'>⁸</span> 
     </span>
    </p>
   </div>
   <div class='ocr_carea' id='block_1_2' title="bbox 114 449 1589 708">
    <p class='ocr_par' dir='ltr' id='par_1_2' title="bbox 114 449 1589 708">
     <span class='ocr_line' id='line_1_2' title="bbox 115 449 1589 560; baseline 0.009 -35"><span class='ocrx_word' id='word_1_7' title='bbox 115 461 254 544; x_wconf 77' lang='lat' dir='ltr'><strong>praesim</strong></span> <span class='ocrx_word' id='word_1_8' title='bbox 263 463 368 528; x_wconf 81' lang='lat' dir='ltr'><strong>Lucae</strong></span> <span class='ocrx_word' id='word_1_9' title='bbox 384 481 506 531; x_wconf 78' lang='lat' dir='ltr'><strong>numero</strong></span> <span class='ocrx_word' id='word_1_10' title='bbox 515 461 653 530; x_wconf 73' lang='lat' dir='ltr'><strong>inanum</strong></span> <span class='ocrx_word' id='word_1_11' title='bbox 663 483 807 530; x_wconf 89' lang='lat' dir='ltr'><strong>annorum</strong></span> <span class='ocrx_word' id='word_1_12' title='bbox 817 463 934 532; x_wconf 76' lang='lat' dir='ltr'>Christi</span> <span class='ocrx_word' id='word_1_13' title='bbox 949 476 1042 551; x_wconf 84' lang='lat' dir='ltr'><strong>caput</strong></span> <span class='ocrx_word' id='word_1_14' title='bbox 1057 467 1290 536; x_wconf 83' lang='lat' dir='ltr'><strong>constituerunt.</strong></span> <span class='ocrx_word' id='word_1_15' title='bbox 1312 473 1472 560; x_wconf 62' lang='lat' dir='ltr'><strong>Idothodo¹</strong></span> <span class='ocrx_word' id='word_1_16' title='bbox 1585 449 1589 454; x_wconf 35' lang='lat'><strong>¹</strong></span> 
     </span>
     <span class='ocr_line' id='line_1_3' title="bbox 115 552 1459 646; baseline 0.009 -32"><span class='ocrx_word' id='word_1_17' title='bbox 115 552 169 614; x_wconf 86' lang='lat' dir='ltr'><strong>tali</strong></span> <span class='ocrx_word' id='word_1_18' title='bbox 185 559 259 616; x_wconf 89' lang='lat' dir='ltr'><strong>suut</strong></span> <span class='ocrx_word' id='word_1_19' title='bbox 274 552 336 627; x_wconf 89' lang='lat' dir='ltr'><strong>usi,</strong></span> <span class='ocrx_word' id='word_1_20' title='bbox 359 572 419 635; x_wconf 91' lang='lat' dir='ltr'><strong>qna</strong></span> <span class='ocrx_word' id='word_1_21' title='bbox 434 573 453 615; x_wconf 87' lang='lat' dir='ltr'><strong>a</strong></span> <span class='ocrx_word' id='word_1_22' title='bbox 468 553 516 615; x_wconf 91' lang='lat' dir='ltr'><strong>die</strong></span> <span class='ocrx_word' id='word_1_23' title='bbox 531 553 673 616; x_wconf 89' lang='lat' dir='ltr'><strong>natalitio</strong></span> <span class='ocrx_word' id='word_1_24' title='bbox 689 555 729 618; x_wconf 85' lang='lat' dir='ltr'><strong>ad</strong></span> <span class='ocrx_word' id='word_1_25' title='bbox 744 563 860 620; x_wconf 90' lang='lat' dir='ltr'><strong>certum</strong></span> <span class='ocrx_word' id='word_1_26' title='bbox 880 577 991 623; x_wconf 85' lang='lat' dir='ltr'><strong>annum</strong></span> <span class='ocrx_word' id='word_1_27' title='bbox 1013 559 1200 624; x_wconf 73' lang='lat' dir='ltr'>ducerentur.</span> <span class='ocrx_word' id='word_1_28' title='bbox 1246 561 1341 626; x_wconf 85' lang='lat' dir='ltr'><strong>Adia</strong></span> <span class='ocrx_word' id='word_1_29' title='bbox 1356 562 1459 646; x_wconf 90' lang='lat' dir='ltr'><strong>itaque</strong></span> 
     </span>
     <span class='ocr_line' id='line_1_4' title="bbox 114 640 821 708; baseline 0.007 -4"><span class='ocrx_word' id='word_1_30' title='bbox 114 640 210 704; x_wconf 81' lang='lat' dir='ltr'><strong>natali</strong></span> <span class='ocrx_word' id='word_1_31' title='bbox 226 651 260 706; x_wconf 91' lang='lat' dir='ltr'><strong>et</strong></span> <span class='ocrx_word' id='word_1_32' title='bbox 274 641 364 706; x_wconf 90' lang='lat' dir='ltr'><strong>nobis</strong></span> <span class='ocrx_word' id='word_1_33' title='bbox 379 642 594 708; x_wconf 80' lang='lat' dir='ltr'><strong>exordiendum</strong></span> <span class='ocrx_word' id='word_1_34' title='bbox 609 649 665 708; x_wconf 88' lang='lat' dir='ltr'><strong>est</strong></span> <span class='ocrx_word' id='word_1_35' title='bbox 819 649 821 652; x_wconf 78' lang='grc'>’</span> 
     </span>
    </p>
   </div>
   <div class='ocr_carea' id='block_1_3' title="bbox 593 801 979 858">
    <p class='ocr_par' dir='ltr' id='par_1_3' title="bbox 593 801 979 858">
     <span class='ocr_line' id='line_1_5' title="bbox 593 801 979 858; baseline 0.01 -5"><span class='ocrx_word' id='word_1_36' title='bbox 593 803 635 854; x_wconf 84' lang='lat' dir='ltr'><strong>De</strong></span> <span class='ocrx_word' id='word_1_37' title='bbox 646 817 706 854; x_wconf 81' lang='lat' dir='ltr'><strong>cero</strong></span> <span class='ocrx_word' id='word_1_38' title='bbox 718 801 761 854; x_wconf 82' lang='lat' dir='ltr'><strong>die</strong></span> <span class='ocrx_word' id='word_1_39' title='bbox 771 803 862 856; x_wconf 77' lang='lat' dir='ltr'><strong>natali</strong></span> <span class='ocrx_word' id='word_1_40' title='bbox 875 804 979 858; x_wconf 75' lang='lat' dir='ltr'><strong>Christi.</strong></span> 
     </span>
    </p>
   </div>
   <div class='ocr_carea' id='block_1_4' title="bbox 67 907 1524 4924">
    <p class='ocr_par' dir='ltr' id='par_1_4' title="bbox 67 907 1524 4212">
     <span class='ocr_line' id='line_1_6' title="bbox 202 907 1460 988; baseline 0.006 -18"><span class='ocrx_word' id='word_1_41' title='bbox 202 907 364 971; x_wconf 87' lang='lat' dir='ltr'><strong>Traditum</strong></span> <span class='ocrx_word' id='word_1_42' title='bbox 386 915 435 971; x_wconf 89' lang='lat' dir='ltr'><strong>est</strong></span> <span class='ocrx_word' id='word_1_43' title='bbox 455 911 655 973; x_wconf 76' lang='lat' dir='ltr'>monumentis</span> <span class='ocrx_word' id='word_1_44' title='bbox 678 911 912 988; x_wconf 87' lang='lat' dir='ltr'><strong>ecclesiasticis,</strong></span> <span class='ocrx_word' id='word_1_45' title='bbox 935 911 1089 978; x_wconf 77' lang='lat' dir='ltr'><strong>Christum</strong></span> <span class='ocrx_word' id='word_1_46' title='bbox 1104 921 1209 978; x_wconf 89' lang='lat' dir='ltr'><strong>natum</strong></span> <span class='ocrx_word' id='word_1_47' title='bbox 1227 934 1295 978; x_wconf 90' lang='lat' dir='ltr'><strong>esse</strong></span> <span class='ocrx_word' id='word_1_48' title='bbox 1312 916 1360 979; x_wconf 88' lang='lat' dir='ltr'><strong>vel</strong></span> <span class='ocrx_word' id='word_1_49' title='bbox 1375 917 1460 980; x_wconf 91' lang='lat' dir='ltr'><strong>VIII.</strong></span> 
     </span>
     <span class='ocr_line' id='line_1_7' title="bbox 116 997 1461 1086; baseline 0.004 -23"><span class='ocrx_word' id='word_1_50' title='bbox 116 997 180 1063; x_wconf 88' lang='lat' dir='ltr'><strong>Cal.</strong></span> <span class='ocrx_word' id='word_1_51' title='bbox 196 997 269 1062; x_wconf 88' lang='lat' dir='ltr'><strong>Jan.</strong></span> <span class='ocrx_word' id='word_1_52' title='bbox 290 997 339 1060; x_wconf 86' lang='lat' dir='ltr'><strong>vel</strong></span> <span class='ocrx_word' id='word_1_53' title='bbox 361 997 446 1062; x_wconf 85' lang='lat' dir='ltr'><strong>VIII.</strong></span> <span class='ocrx_word' id='word_1_54' title='bbox 467 999 513 1061; x_wconf 91' lang='lat' dir='ltr'><strong>Id.</strong></span> <span class='ocrx_word' id='word_1_55' title='bbox 533 999 603 1062; x_wconf 89' lang='lat' dir='ltr'><strong>Jan.</strong></span> <span class='ocrx_word' id='word_1_56' title='bbox 625 1019 737 1082; x_wconf 83' lang='lat' dir='ltr'><strong>magna</strong></span> <span class='ocrx_word' id='word_1_57' title='bbox 756 1003 927 1082; x_wconf 77' lang='lat' dir='ltr'><strong>suspicione</strong></span> <span class='ocrx_word' id='word_1_58' title='bbox 949 1003 1053 1084; x_wconf 87' lang='lat' dir='ltr'><strong>lapsus</strong></span> <span class='ocrx_word' id='word_1_59' title='bbox 1076 1003 1226 1085; x_wconf 87' lang='lat' dir='ltr'><strong>scriptorii</strong></span> <span class='ocrx_word' id='word_1_60' title='bbox 1251 1004 1461 1086; x_wconf 77' lang='lat' dir='ltr'><strong>antiquissimi,</strong></span> 
     </span>
     <span class='ocr_line' id='line_1_8' title="bbox 115 1086 1459 1176; baseline 0.004 -24"><span class='ocrx_word' id='word_1_61' title='bbox 115 1107 171 1170; x_wconf 90' lang='lat' dir='ltr'><strong>quo</strong></span> <span class='ocrx_word' id='word_1_62' title='bbox 186 1086 239 1150; x_wconf 91' lang='lat' dir='ltr'><strong>vel</strong></span> <span class='ocrx_word' id='word_1_63' title='bbox 255 1086 411 1151; x_wconf 87' lang='lat' dir='ltr'><strong>Calendae</strong></span> <span class='ocrx_word' id='word_1_64' title='bbox 425 1089 457 1152; x_wconf 94' lang='lat' dir='ltr'><strong>in</strong></span> <span class='ocrx_word' id='word_1_65' title='bbox 473 1089 560 1165; x_wconf 89' lang='lat' dir='ltr'><strong>Idus,</strong></span> <span class='ocrx_word' id='word_1_66' title='bbox 582 1090 631 1153; x_wconf 89' lang='lat' dir='ltr'><strong>vel</strong></span> <span class='ocrx_word' id='word_1_67' title='bbox 645 1090 704 1153; x_wconf 87' lang='lat' dir='ltr'><strong>hae</strong></span> <span class='ocrx_word' id='word_1_68' title='bbox 719 1091 750 1157; x_wconf 89' lang='lat' dir='ltr'><strong>iu</strong></span> <span class='ocrx_word' id='word_1_69' title='bbox 767 1089 921 1155; x_wconf 87' lang='lat' dir='ltr'><strong>Calendas</strong></span> <span class='ocrx_word' id='word_1_70' title='bbox 937 1099 1009 1157; x_wconf 89' lang='lat' dir='ltr'><strong>sunt</strong></span> <span class='ocrx_word' id='word_1_71' title='bbox 1027 1099 1172 1156; x_wconf 87' lang='lat' dir='ltr'><strong>mutatae.</strong></span> <span class='ocrx_word' id='word_1_72' title='bbox 1216 1095 1347 1176; x_wconf 87' lang='lat' dir='ltr'><strong>Tempus</strong></span> <span class='ocrx_word' id='word_1_73' title='bbox 1362 1094 1459 1158; x_wconf 88' lang='lat' dir='ltr'><strong>inter-</strong></span> 
     </span>
     <span class='ocr_line' id='line_1_9' title="bbox 110 1173 1460 1264; baseline 0.005 -25"><span class='ocrx_word' id='word_1_74' title='bbox 110 1177 227 1258; x_wconf 88' lang='lat' dir='ltr'><strong>jectum</strong></span> <span class='ocrx_word' id='word_1_75' title='bbox 242 1177 358 1240; x_wconf 87' lang='lat' dir='ltr'><strong>dlerurn</strong></span> <span class='ocrx_word' id='word_1_76' title='bbox 371 1177 410 1240; x_wconf 88' lang='lat'><strong>12</strong></span> <span class='ocrx_word' id='word_1_77' title='bbox 427 1178 467 1240; x_wconf 91' lang='lat' dir='ltr'><strong>ad</strong></span> <span class='ocrx_word' id='word_1_78' title='bbox 481 1179 560 1241; x_wconf 88' lang='lat' dir='ltr'><strong>banc</strong></span> <span class='ocrx_word' id='word_1_79' title='bbox 575 1198 668 1260; x_wconf 90' lang='lat' dir='ltr'><strong>usqne</strong></span> <span class='ocrx_word' id='word_1_80' title='bbox 684 1179 764 1244; x_wconf 91' lang='lat' dir='ltr'><strong>diem</strong></span> <span class='ocrx_word' id='word_1_81' title='bbox 778 1177 838 1242; x_wconf 70' lang='lat' dir='ltr'><strong>aad</strong></span> <span class='ocrx_word' id='word_1_82' title='bbox 849 1178 952 1262; x_wconf 70' lang='grc' dir='ltr'><em>ἐξοχην</em></span> <span class='ocrx_word' id='word_1_83' title='bbox 966 1173 1009 1244; x_wconf 82' lang='lat' dir='ltr'><strong>bit</strong></span> <span class='ocrx_word' id='word_1_84' title='bbox 1024 1175 1118 1260; x_wconf 65' lang='lat' dir='ltr'><strong>attilii</strong></span> <span class='ocrx_word' id='word_1_85' title='bbox 1127 1178 1231 1260; x_wconf 66' lang='lat' dir='ltr'><strong>atne</strong></span> <span class='ocrx_word' id='word_1_86' title='bbox 1241 1190 1317 1264; x_wconf 90' lang='lat' dir='ltr'><strong>puta</strong></span> <span class='ocrx_word' id='word_1_87' title='bbox 1327 1176 1460 1264; x_wconf 66' lang='lat' dir='ltr'><strong>Idothea</strong></span> 
     </span>
     <span class='ocr_line' id='line_1_10' title="bbox 112 1263 1458 1354; baseline 0.004 -24"><span class='ocrx_word' id='word_1_88' title='bbox 112 1263 224 1338; x_wconf 81' lang='lat' dir='ltr'><strong>ndrbte,</strong></span> <span class='ocrx_word' id='word_1_89' title='bbox 248 1265 406 1330; x_wconf 80' lang='lat' dir='ltr'><strong>duodecim</strong></span> <span class='ocrx_word' id='word_1_90' title='bbox 421 1287 526 1332; x_wconf 87' lang='lat' dir='ltr'><strong>sacrae</strong></span> <span class='ocrx_word' id='word_1_91' title='bbox 543 1276 650 1331; x_wconf 89' lang='lat' dir='ltr'><strong>noctes</strong></span> <span class='ocrx_word' id='word_1_92' title='bbox 666 1267 814 1344; x_wconf 89' lang='lat' dir='ltr'><strong>dicuntur,</strong></span> <span class='ocrx_word' id='word_1_93' title='bbox 830 1269 916 1351; x_wconf 89' lang='lat' dir='ltr'><strong>quasi</strong></span> <span class='ocrx_word' id='word_1_94' title='bbox 932 1277 1030 1333; x_wconf 91' lang='lat' dir='ltr'><strong>totum</strong></span> <span class='ocrx_word' id='word_1_95' title='bbox 1046 1271 1190 1352; x_wconf 85' lang='lat' dir='ltr'><strong>spatium,</strong></span> <span class='ocrx_word' id='word_1_96' title='bbox 1213 1289 1376 1354; x_wconf 91' lang='lat' dir='ltr'><strong>superque</strong></span> <span class='ocrx_word' id='word_1_97' title='bbox 1392 1291 1458 1336; x_wconf 89' lang='lat' dir='ltr'><strong>am-</strong></span> 
     </span>
     <span class='ocr_line' id='line_1_11' title="bbox 67 1355 1459 1436; baseline 0.005 -17"><span class='ocrx_word' id='word_1_98' title='bbox 67 1368 70 1374; x_wconf 86' lang='grc'><strong><em>·</em></strong></span> <span class='ocrx_word' id='word_1_99' title='bbox 111 1357 219 1436; x_wconf 85' lang='lat' dir='ltr'><strong>bigunt</strong></span> <span class='ocrx_word' id='word_1_100' title='bbox 227 1356 349 1430; x_wconf 89' lang='lat' dir='ltr'><strong>Patres,</strong></span> <span class='ocrx_word' id='word_1_101' title='bbox 364 1355 520 1419; x_wconf 77' lang='lat' dir='ltr'><strong>nativitati</strong></span> <span class='ocrx_word' id='word_1_102' title='bbox 532 1355 648 1420; x_wconf 85' lang='lat' dir='ltr'><strong>Christi</strong></span> <span class='ocrx_word' id='word_1_103' title='bbox 663 1359 770 1421; x_wconf 85' lang='lat' dir='ltr'><strong>merito</strong></span> <span class='ocrx_word' id='word_1_104' title='bbox 781 1359 1159 1423; x_wconf 88' lang='lat' dir='ltr'><strong>consecratumhabeatur.</strong></span> <span class='ocrx_word' id='word_1_105' title='bbox 1184 1359 1248 1424; x_wconf 85' lang='lat' dir='ltr'><strong>Sed</strong></span> <span class='ocrx_word' id='word_1_106' title='bbox 1263 1361 1459 1430; x_wconf 80' lang='lat' dir='ltr'><strong>traditionem</strong></span> 
     </span>
     <span class='ocr_line' id='line_1_12' title="bbox 112 1443 1460 1530; baseline 0.004 -21"><span class='ocrx_word' id='word_1_107' title='bbox 112 1447 148 1510; x_wconf 89' lang='lat' dir='ltr'><strong>de</strong></span> <span class='ocrx_word' id='word_1_108' title='bbox 171 1445 259 1508; x_wconf 86' lang='lat' dir='ltr'><strong>VIII.</strong></span> <span class='ocrx_word' id='word_1_109' title='bbox 280 1443 347 1508; x_wconf 86' lang='lat' dir='ltr'><strong>Cal.</strong></span> <span class='ocrx_word' id='word_1_110' title='bbox 368 1446 437 1509; x_wconf 89' lang='lat' dir='ltr'><strong>Jan.</strong></span> <span class='ocrx_word' id='word_1_111' title='bbox 460 1445 701 1528; x_wconf 88' lang='lat' dir='ltr'><strong>antiquissimam</strong></span> <span class='ocrx_word' id='word_1_112' title='bbox 720 1447 831 1528; x_wconf 89' lang='lat' dir='ltr'><strong>probat</strong></span> <span class='ocrx_word' id='word_1_113' title='bbox 853 1447 986 1530; x_wconf 80' lang='lat' dir='ltr'><strong>Suslyga</strong></span> <span class='ocrx_word' id='word_1_114' title='bbox 1016 1469 1054 1512; x_wconf 86' lang='lat' dir='ltr'><strong>ex</strong></span> <span class='ocrx_word' id='word_1_115' title='bbox 1080 1448 1132 1512; x_wconf 93' lang='lat' dir='ltr'><strong>lib.</strong></span> <span class='ocrx_word' id='word_1_116' title='bbox 1148 1450 1187 1513; x_wconf 91' lang='lat' dir='ltr'><strong>V.</strong></span> <span class='ocrx_word' id='word_1_117' title='bbox 1210 1445 1460 1515; x_wconf 80' lang='lat' dir='ltr'><strong>constitutionum</strong></span> 
     </span>
     <span class='ocr_line' id='line_1_13' title="bbox 111 1533 1459 1621; baseline 0.001 -19"><span class='ocrx_word' id='word_1_118' title='bbox 111 1537 169 1615; x_wconf 80' lang='lat' dir='ltr'><strong>Ap.</strong></span> <span class='ocrx_word' id='word_1_119' title='bbox 187 1533 356 1598; x_wconf 86' lang='lat' dir='ltr'><strong>Clementis</strong></span> <span class='ocrx_word' id='word_1_120' title='bbox 371 1534 515 1610; x_wconf 88' lang='lat' dir='ltr'><strong>Romani,</strong></span> <span class='ocrx_word' id='word_1_121' title='bbox 538 1535 587 1618; x_wconf 95' lang='lat' dir='ltr'><strong>qui</strong></span> <span class='ocrx_word' id='word_1_122' title='bbox 602 1536 788 1618; x_wconf 86' lang='lat' dir='ltr'><strong>temporibus</strong></span> <span class='ocrx_word' id='word_1_123' title='bbox 803 1537 1021 1618; x_wconf 85' lang='lat' dir='ltr'><strong>Apostolorum</strong></span> <span class='ocrx_word' id='word_1_124' title='bbox 1035 1538 1121 1614; x_wconf 87' lang='lat' dir='ltr'><strong>vixit,</strong></span> <span class='ocrx_word' id='word_1_125' title='bbox 1135 1538 1215 1602; x_wconf 91' lang='lat' dir='ltr'><strong>inter</strong></span> <span class='ocrx_word' id='word_1_126' title='bbox 1229 1541 1342 1621; x_wconf 87' lang='lat' dir='ltr'><strong>primos</strong></span> <span class='ocrx_word' id='word_1_127' title='bbox 1358 1542 1459 1604; x_wconf 89' lang='lat' dir='ltr'><strong>ecole-</strong></span> 
     </span>
     <span class='ocr_line' id='line_1_14' title="bbox 112 1621 1458 1708; baseline 0.004 -20"><span class='ocrx_word' id='word_1_128' title='bbox 112 1625 174 1688; x_wconf 86' lang='lat' dir='ltr'><strong>siae</strong></span> <span class='ocrx_word' id='word_1_129' title='bbox 196 1621 357 1688; x_wconf 87' lang='lat' dir='ltr'><strong>Romanae</strong></span> <span class='ocrx_word' id='word_1_130' title='bbox 379 1624 546 1706; x_wconf 84' lang='lat' dir='ltr'><strong>episcopos.</strong></span> <span class='ocrx_word' id='word_1_131' title='bbox 581 1625 682 1690; x_wconf 88' lang='lat' dir='ltr'><strong>Addit</strong></span> <span class='ocrx_word' id='word_1_132' title='bbox 700 1625 920 1708; x_wconf 86' lang='lat' dir='ltr'><strong>Nicephorum,</strong></span> <span class='ocrx_word' id='word_1_133' title='bbox 941 1628 991 1708; x_wconf 92' lang='lat' dir='ltr'><strong>qni</strong></span> <span class='ocrx_word' id='word_1_134' title='bbox 1014 1628 1095 1692; x_wconf 87' lang='lat' dir='ltr'><strong>circa</strong></span> <span class='ocrx_word' id='word_1_135' title='bbox 1117 1647 1228 1692; x_wconf 88' lang='lat' dir='ltr'><strong>annum</strong></span> <span class='ocrx_word' id='word_1_136' title='bbox 1251 1627 1367 1694; x_wconf 78' lang='lat' dir='ltr'><strong>Christi</strong></span> <span class='ocrx_word' id='word_1_137' title='bbox 1394 1629 1458 1694; x_wconf 87' lang='grc'><strong>900</strong></span> 
     </span>
     <span class='ocr_line' id='line_1_15' title="bbox 110 1711 1456 1801; baseline 0.003 -23"><span class='ocrx_word' id='word_1_138' title='bbox 110 1713 200 1778; x_wconf 83' lang='lat' dir='ltr'><strong>vixit:</strong></span> <span class='ocrx_word' id='word_1_139' title='bbox 225 1711 275 1794; x_wconf 91' lang='lat' dir='ltr'><strong>qui</strong></span> <span class='ocrx_word' id='word_1_140' title='bbox 291 1713 486 1778; x_wconf 76' lang='lat' dir='ltr'><strong>traditionem</strong></span> <span class='ocrx_word' id='word_1_141' title='bbox 507 1715 588 1778; x_wconf 88' lang='lat' dir='ltr'><strong>hanc</strong></span> <span class='ocrx_word' id='word_1_142' title='bbox 610 1715 775 1798; x_wconf 79' lang='lat' dir='ltr'><strong>aquodam</strong></span> <span class='ocrx_word' id='word_1_143' title='bbox 788 1715 905 1778; x_wconf 83' lang='lat' dir='ltr'><strong>Evodio</strong></span> <span class='ocrx_word' id='word_1_144' title='bbox 920 1716 1033 1780; x_wconf 69' lang='lat' dir='ltr'><strong>neeric</strong></span> <span class='ocrx_word' id='word_1_145' title='bbox 1048 1717 1134 1780; x_wconf 89' lang='lat' dir='ltr'><strong>Petri</strong></span> <span class='ocrx_word' id='word_1_146' title='bbox 1156 1718 1187 1780; x_wconf 92' lang='lat' dir='ltr'><strong>in</strong></span> <span class='ocrx_word' id='word_1_147' title='bbox 1203 1719 1368 1801; x_wconf 88' lang='lat' dir='ltr'><strong>episcopali</strong></span> <span class='ocrx_word' id='word_1_148' title='bbox 1384 1719 1456 1782; x_wconf 86' lang='lat' dir='ltr'><strong>sede</strong></span> 
     </span>
     <span class='ocr_line' id='line_1_16' title="bbox 109 1802 1457 1888; baseline 0.002 -20"><span class='ocrx_word' id='word_1_149' title='bbox 109 1802 322 1868; x_wconf 86' lang='lat' dir='ltr'><strong>Alexandrina</strong></span> <span class='ocrx_word' id='word_1_150' title='bbox 337 1804 473 1866; x_wconf 83' lang='lat' dir='ltr'><strong>arcessit</strong></span> <span class='ocrx_word' id='word_1_151' title='bbox 502 1802 602 1869; x_wconf 88' lang='lat' dir='ltr'><strong>Addit</strong></span> <span class='ocrx_word' id='word_1_152' title='bbox 617 1811 650 1868; x_wconf 90' lang='lat' dir='ltr'><strong>st</strong></span> <span class='ocrx_word' id='word_1_153' title='bbox 665 1804 931 1888; x_wconf 84' lang='lat' dir='ltr'><strong>Chrysostomum,</strong></span> <span class='ocrx_word' id='word_1_154' title='bbox 953 1806 1004 1887; x_wconf 92' lang='lat' dir='ltr'><strong>qui</strong></span> <span class='ocrx_word' id='word_1_155' title='bbox 1019 1805 1100 1870; x_wconf 91' lang='lat' dir='ltr'><strong>circa</strong></span> <span class='ocrx_word' id='word_1_156' title='bbox 1120 1825 1231 1870; x_wconf 88' lang='lat' dir='ltr'><strong>annum</strong></span> <span class='ocrx_word' id='word_1_157' title='bbox 1247 1805 1364 1872; x_wconf 90' lang='lat' dir='ltr'><strong>Christi</strong></span> <span class='ocrx_word' id='word_1_158' title='bbox 1383 1809 1457 1872; x_wconf 83' lang='lat'><strong>400.</strong></span> 
     </span>
     <span class='ocr_line' id='line_1_17' title="bbox 111 1891 1456 1980; baseline 0.003 -24"><span class='ocrx_word' id='word_1_159' title='bbox 111 1893 256 1973; x_wconf 88' lang='lat' dir='ltr'><strong>scriptum</strong></span> <span class='ocrx_word' id='word_1_160' title='bbox 271 1891 401 1974; x_wconf 79' lang='lat' dir='ltr'><strong>reliquit,</strong></span> <span class='ocrx_word' id='word_1_161' title='bbox 416 1893 462 1955; x_wconf 89' lang='lat' dir='ltr'><strong>ite</strong></span> <span class='ocrx_word' id='word_1_162' title='bbox 476 1894 612 1958; x_wconf 87' lang='lat' dir='ltr'><strong>tenuisse</strong></span> <span class='ocrx_word' id='word_1_163' title='bbox 627 1893 766 1976; x_wconf 86' lang='lat' dir='ltr'><strong>majores.</strong></span> <span class='ocrx_word' id='word_1_164' title='bbox 794 1894 894 1958; x_wconf 90' lang='lat' dir='ltr'><strong>Addit</strong></span> <span class='ocrx_word' id='word_1_165' title='bbox 909 1895 1036 1977; x_wconf 90' lang='lat' dir='ltr'><strong>denique</strong></span> <span class='ocrx_word' id='word_1_166' title='bbox 1051 1903 1084 1958; x_wconf 92' lang='lat' dir='ltr'><strong>et</strong></span> <span class='ocrx_word' id='word_1_167' title='bbox 1099 1902 1171 1960; x_wconf 84' lang='lat' dir='ltr'><strong>acta</strong></span> <span class='ocrx_word' id='word_1_168' title='bbox 1185 1904 1360 1980; x_wconf 82' lang='lat' dir='ltr'><strong>martyrum,</strong></span> <span class='ocrx_word' id='word_1_169' title='bbox 1375 1917 1456 1960; x_wconf 83' lang='lat' dir='ltr'><strong>anno</strong></span> 
     </span>
     <span class='ocr_line' id='line_1_18' title="bbox 111 1979 1456 2064; baseline 0.001 -16"><span class='ocrx_word' id='word_1_170' title='bbox 111 1981 226 2048; x_wconf 86' lang='lat' dir='ltr'><strong>Christi</strong></span> <span class='ocrx_word' id='word_1_171' title='bbox 241 1981 322 2056; x_wconf 74' lang='lat' dir='ltr'><strong>eol,</strong></span> <span class='ocrx_word' id='word_1_172' title='bbox 345 2001 421 2063; x_wconf 88' lang='lat' dir='ltr'><strong>quaa</strong></span> <span class='ocrx_word' id='word_1_173' title='bbox 441 1979 611 2057; x_wconf 85' lang='lat' dir='ltr'><strong>testantur,</strong></span> <span class='ocrx_word' id='word_1_174' title='bbox 628 1983 694 2064; x_wconf 86' lang='lat' dir='ltr'><strong>jam</strong></span> <span class='ocrx_word' id='word_1_175' title='bbox 709 1990 782 2046; x_wconf 88' lang='lat' dir='ltr'><strong>tnnc</strong></span> <span class='ocrx_word' id='word_1_176' title='bbox 798 1982 992 2048; x_wconf 89' lang='lat' dir='ltr'><strong>Christianos</strong></span> <span class='ocrx_word' id='word_1_177' title='bbox 1013 1984 1184 2049; x_wconf 87' lang='lat' dir='ltr'><strong>celebrasse</strong></span> <span class='ocrx_word' id='word_1_178' title='bbox 1207 1988 1318 2051; x_wconf 81' lang='lat' dir='ltr'><strong>festum</strong></span> <span class='ocrx_word' id='word_1_179' title='bbox 1339 1986 1456 2050; x_wconf 74' lang='lat' dir='ltr'><strong>numli-</strong></span> 
     </span>
     <span class='ocr_line' id='line_1_19' title="bbox 109 2068 1524 2158; baseline 0.004 -24"><span class='ocrx_word' id='word_1_180' title='bbox 109 2073 219 2134; x_wconf 89' lang='lat' dir='ltr'><strong>tiorum</strong></span> <span class='ocrx_word' id='word_1_181' title='bbox 236 2068 353 2134; x_wconf 91' lang='lat' dir='ltr'><strong>Christi</strong></span> <span class='ocrx_word' id='word_1_182' title='bbox 369 2079 401 2134; x_wconf 92' lang='lat' dir='ltr'><strong>et</strong></span> <span class='ocrx_word' id='word_1_183' title='bbox 416 2091 473 2153; x_wconf 92' lang='lat' dir='ltr'><strong>quo</strong></span> <span class='ocrx_word' id='word_1_184' title='bbox 488 2073 548 2135; x_wconf 87' lang='lat' dir='ltr'><strong>alio</strong></span> <span class='ocrx_word' id='word_1_185' title='bbox 565 2071 622 2148; x_wconf 94' lang='lat' dir='ltr'><strong>die,</strong></span> <span class='ocrx_word' id='word_1_186' title='bbox 638 2091 728 2155; x_wconf 88' lang='lat' dir='ltr'><strong>quam</strong></span> <span class='ocrx_word' id='word_1_187' title='bbox 741 2073 827 2136; x_wconf 89' lang='lat' dir='ltr'><strong>VIII.</strong></span> <span class='ocrx_word' id='word_1_188' title='bbox 838 2072 991 2149; x_wconf 70' lang='lat' dir='ltr'><strong>Cat-lan,</strong></span> <span class='ocrx_word' id='word_1_189' title='bbox 1007 2073 1115 2157; x_wconf 90' lang='lat' dir='ltr'><strong>quippe</strong></span> <span class='ocrx_word' id='word_1_190' title='bbox 1132 2075 1246 2152; x_wconf 88' lang='lat' dir='ltr'><strong>eodem,</strong></span> <span class='ocrx_word' id='word_1_191' title='bbox 1263 2096 1320 2157; x_wconf 93' lang='lat' dir='ltr'><strong>quo</strong></span> <span class='ocrx_word' id='word_1_192' title='bbox 1338 2082 1458 2157; x_wconf 90' lang='lat' dir='ltr'><strong>etpost</strong></span> <span class='ocrx_word' id='word_1_193' title='bbox 1521 2151 1524 2158; x_wconf 25' lang='grc' dir='ltr'>Ι</span> 
     </span>
     <span class='ocr_line' id='line_1_20' title="bbox 109 2160 1456 2246; baseline 0.003 -22"><span class='ocrx_word' id='word_1_194' title='bbox 109 2180 205 2224; x_wconf 87' lang='lat' dir='ltr'><strong>annos</strong></span> <span class='ocrx_word' id='word_1_195' title='bbox 220 2160 375 2241; x_wconf 83' lang='lat' dir='ltr'><strong>proximos</strong></span> <span class='ocrx_word' id='word_1_196' title='bbox 398 2168 517 2224; x_wconf 88' lang='lat' dir='ltr'><strong>centum</strong></span> <span class='ocrx_word' id='word_1_197' title='bbox 532 2169 667 2244; x_wconf 90' lang='lat' dir='ltr'><strong>tempore</strong></span> <span class='ocrx_word' id='word_1_198' title='bbox 684 2161 903 2244; x_wconf 81' lang='lat' dir='ltr'><strong>Chrysostomi.</strong></span> <span class='ocrx_word' id='word_1_199' title='bbox 941 2161 1148 2228; x_wconf 89' lang='lat' dir='ltr'><strong>Clementinas</strong></span> <span class='ocrx_word' id='word_1_200' title='bbox 1172 2165 1292 2246; x_wconf 88' lang='lat' dir='ltr'><strong>quidem</strong></span> <span class='ocrx_word' id='word_1_201' title='bbox 1314 2184 1456 2228; x_wconf 87' lang='lat' dir='ltr'><strong>successu</strong></span> 
     </span>
     <span class='ocr_line' id='line_1_21' title="bbox 109 2249 1455 2334; baseline 0.004 -22"><span class='ocrx_word' id='word_1_202' title='bbox 109 2249 255 2332; x_wconf 87' lang='lat' dir='ltr'><strong>temporis</strong></span> <span class='ocrx_word' id='word_1_203' title='bbox 277 2256 401 2313; x_wconf 82' lang='lat' dir='ltr'><strong>constat</strong></span> <span class='ocrx_word' id='word_1_204' title='bbox 423 2258 545 2326; x_wconf 88' lang='lat' dir='ltr'><strong>auctas,</strong></span> <span class='ocrx_word' id='word_1_205' title='bbox 567 2252 689 2334; x_wconf 88' lang='lat' dir='ltr'><strong>fierique</strong></span> <span class='ocrx_word' id='word_1_206' title='bbox 704 2257 825 2334; x_wconf 90' lang='lat' dir='ltr'><strong>potest,</strong></span> <span class='ocrx_word' id='word_1_207' title='bbox 846 2259 1001 2316; x_wconf 87' lang='lat' dir='ltr'><strong>attextus</strong></span> <span class='ocrx_word' id='word_1_208' title='bbox 1017 2251 1169 2334; x_wconf 81' lang='lat' dir='ltr'><strong>allegatus</strong></span> <span class='ocrx_word' id='word_1_209' title='bbox 1185 2254 1227 2316; x_wconf 89' lang='lat' dir='ltr'><strong>sit</strong></span> <span class='ocrx_word' id='word_1_210' title='bbox 1249 2272 1287 2316; x_wconf 85' lang='lat' dir='ltr'><strong>ex</strong></span> <span class='ocrx_word' id='word_1_211' title='bbox 1301 2255 1455 2318; x_wconf 85' lang='lat' dir='ltr'><strong>recentio-</strong></span> 
     </span>
     <span class='ocr_line' id='line_1_22' title="bbox 108 2339 1455 2417; baseline 0.003 -13"><span class='ocrx_word' id='word_1_212' title='bbox 108 2339 206 2404; x_wconf 87' lang='lat' dir='ltr'><strong>ribus:</strong></span> <span class='ocrx_word' id='word_1_213' title='bbox 224 2345 361 2402; x_wconf 86' lang='lat' dir='ltr'><strong>aetatem</strong></span> <span class='ocrx_word' id='word_1_214' title='bbox 377 2348 479 2404; x_wconf 91' lang='lat' dir='ltr'><strong>tamen</strong></span> <span class='ocrx_word' id='word_1_215' title='bbox 495 2348 615 2406; x_wconf 85' lang='lat' dir='ltr'><strong>tantam</strong></span> <span class='ocrx_word' id='word_1_216' title='bbox 629 2341 745 2404; x_wconf 86' lang='lat' dir='ltr'><strong>babent</strong></span> <span class='ocrx_word' id='word_1_217' title='bbox 760 2340 800 2404; x_wconf 89' lang='lat' dir='ltr'><strong>ad</strong></span> <span class='ocrx_word' id='word_1_218' title='bbox 814 2341 975 2417; x_wconf 88' lang='lat' dir='ltr'><strong>minimum,</strong></span> <span class='ocrx_word' id='word_1_219' title='bbox 990 2349 1025 2404; x_wconf 92' lang='lat' dir='ltr'><strong>ut</strong></span> <span class='ocrx_word' id='word_1_220' title='bbox 1040 2341 1121 2406; x_wconf 69' lang='lat' dir='ltr'><strong>chen</strong></span> <span class='ocrx_word' id='word_1_221' title='bbox 1137 2362 1248 2406; x_wconf 89' lang='lat' dir='ltr'><strong>annum</strong></span> <span class='ocrx_word' id='word_1_222' title='bbox 1258 2342 1374 2408; x_wconf 89' lang='lat' dir='ltr'><strong>Christi</strong></span> <span class='ocrx_word' id='word_1_223' title='bbox 1390 2343 1455 2408; x_wconf 84' lang='lat'><strong>300</strong></span> 
     </span>
     <span class='ocr_line' id='line_1_23' title="bbox 109 2428 1455 2514; baseline 0.002 -22"><span class='ocrx_word' id='word_1_224' title='bbox 109 2429 220 2492; x_wconf 74' lang='lat' dir='ltr'><strong>eetoo</strong></span> <span class='ocrx_word' id='word_1_225' title='bbox 243 2429 387 2492; x_wconf 84' lang='lat' dir='ltr'><strong>natalitia</strong></span> <span class='ocrx_word' id='word_1_226' title='bbox 405 2430 438 2492; x_wconf 93' lang='lat' dir='ltr'><strong>in</strong></span> <span class='ocrx_word' id='word_1_227' title='bbox 459 2429 545 2492; x_wconf 89' lang='lat' dir='ltr'><strong>VIII.</strong></span> <span class='ocrx_word' id='word_1_228' title='bbox 561 2428 627 2494; x_wconf 85' lang='lat' dir='ltr'><strong>Cal.</strong></span> <span class='ocrx_word' id='word_1_229' title='bbox 649 2429 718 2494; x_wconf 88' lang='lat' dir='ltr'><strong>Jan.</strong></span> <span class='ocrx_word' id='word_1_230' title='bbox 741 2429 897 2494; x_wconf 88' lang='lat' dir='ltr'><strong>celebrata</strong></span> <span class='ocrx_word' id='word_1_231' title='bbox 919 2436 1048 2494; x_wconf 90' lang='lat' dir='ltr'><strong>constet</strong></span> <span class='ocrx_word' id='word_1_232' title='bbox 1091 2431 1162 2496; x_wconf 84' lang='lat' dir='ltr'><strong>Etsi</strong></span> <span class='ocrx_word' id='word_1_233' title='bbox 1183 2432 1242 2494; x_wconf 92' lang='lat' dir='ltr'><strong>boc</strong></span> <span class='ocrx_word' id='word_1_234' title='bbox 1263 2452 1324 2496; x_wconf 94' lang='lat' dir='ltr'><strong>nou</strong></span> <span class='ocrx_word' id='word_1_235' title='bbox 1346 2432 1455 2514; x_wconf 86' lang='lat' dir='ltr'><strong>uquue</strong></span> 
     </span>
     <span class='ocr_line' id='line_1_24' title="bbox 108 2517 1455 2602; baseline 0.004 -22"><span class='ocrx_word' id='word_1_236' title='bbox 108 2518 311 2582; x_wconf 84' lang='lat' dir='ltr'><strong>observatum.</strong></span> <span class='ocrx_word' id='word_1_237' title='bbox 341 2519 422 2582; x_wconf 86' lang='lat' dir='ltr'><strong>Nam</strong></span> <span class='ocrx_word' id='word_1_238' title='bbox 437 2526 469 2581; x_wconf 94' lang='lat' dir='ltr'><strong>et</strong></span> <span class='ocrx_word' id='word_1_239' title='bbox 484 2517 720 2602; x_wconf 84' lang='lat' dir='ltr'><strong>Chrysostomus</strong></span> <span class='ocrx_word' id='word_1_240' title='bbox 736 2538 881 2601; x_wconf 87' lang='lat' dir='ltr'><strong>nuperum</strong></span> <span class='ocrx_word' id='word_1_241' title='bbox 897 2517 1164 2602; x_wconf 83' lang='lat' dir='ltr'><strong>Constantinopoli</strong></span> <span class='ocrx_word' id='word_1_242' title='bbox 1179 2521 1320 2602; x_wconf 80' lang='lat' dir='ltr'><strong>agnoscit</strong></span> <span class='ocrx_word' id='word_1_243' title='bbox 1334 2522 1455 2598; x_wconf 85' lang='lat' dir='ltr'><strong>festum,</strong></span> 
     </span>
     <span class='ocr_line' id='line_1_25' title="bbox 107 2608 1455 2691; baseline 0.001 -19"><span class='ocrx_word' id='word_1_244' title='bbox 107 2609 332 2672; x_wconf 83' lang='lat' dir='ltr'><strong>lassus-tamen</strong></span> <span class='ocrx_word' id='word_1_245' title='bbox 349 2608 504 2689; x_wconf 89' lang='lat' dir='ltr'><strong>antiquum</strong></span> <span class='ocrx_word' id='word_1_246' title='bbox 524 2609 555 2670; x_wconf 90' lang='lat' dir='ltr'><strong>in</strong></span> <span class='ocrx_word' id='word_1_247' title='bbox 578 2609 749 2682; x_wconf 87' lang='lat' dir='ltr'><strong>occidente,</strong></span> <span class='ocrx_word' id='word_1_248' title='bbox 770 2608 849 2670; x_wconf 88' lang='lat' dir='ltr'><strong>unde</strong></span> <span class='ocrx_word' id='word_1_249' title='bbox 872 2608 998 2672; x_wconf 87' lang='lat' dir='ltr'><strong>allatum</strong></span> <span class='ocrx_word' id='word_1_250' title='bbox 1022 2617 1097 2684; x_wconf 87' lang='lat' dir='ltr'><strong>erat,</strong></span> <span class='ocrx_word' id='word_1_251' title='bbox 1118 2609 1323 2691; x_wconf 84' lang='lat' dir='ltr'><strong>Epiphanius,</strong></span> <span class='ocrx_word' id='word_1_252' title='bbox 1345 2617 1380 2674; x_wconf 90' lang='lat' dir='ltr'><strong>ut</strong></span> <span class='ocrx_word' id='word_1_253' title='bbox 1396 2609 1455 2674; x_wconf 91' lang='lat' dir='ltr'><strong>dici</strong></span> 
     </span>
     <span class='ocr_line' id='line_1_26' title="bbox 106 2697 1453 2779; baseline 0.001 -19"><span class='ocrx_word' id='word_1_254' title='bbox 106 2705 256 2779; x_wconf 88' lang='lat' dir='ltr'><strong>coeptum,</strong></span> <span class='ocrx_word' id='word_1_255' title='bbox 272 2697 377 2760; x_wconf 90' lang='lat' dir='ltr'><strong>eadem</strong></span> <span class='ocrx_word' id='word_1_256' title='bbox 393 2704 578 2779; x_wconf 90' lang='lat' dir='ltr'><strong>tempestate</strong></span> <span class='ocrx_word' id='word_1_257' title='bbox 594 2697 756 2768; x_wconf 71' lang='lat' dir='ltr'><strong>circadbd.</strong></span> <span class='ocrx_word' id='word_1_258' title='bbox 768 2697 883 2762; x_wconf 84' lang='lat' dir='ltr'><strong>Christi</strong></span> <span class='ocrx_word' id='word_1_259' title='bbox 893 2697 1035 2762; x_wconf 82' lang='lat' dir='ltr'><strong>natalitia</strong></span> <span class='ocrx_word' id='word_1_260' title='bbox 1045 2697 1453 2774; x_wconf 85' lang='lat' dir='ltr'><strong>collocatinVIII.Id.Jan.,</strong></span> 
     </span>
     <span class='ocr_line' id='line_1_27' title="bbox 105 2786 1452 2869; baseline 0.002 -19"><span class='ocrx_word' id='word_1_261' title='bbox 105 2787 161 2850; x_wconf 88' lang='lat' dir='ltr'><strong>nisi</strong></span> <span class='ocrx_word' id='word_1_262' title='bbox 177 2789 260 2850; x_wconf 80' lang='lat' dir='ltr'><strong>torta</strong></span> <span class='ocrx_word' id='word_1_263' title='bbox 278 2787 435 2869; x_wconf 89' lang='lat' dir='ltr'><strong>scriptoris</strong></span> <span class='ocrx_word' id='word_1_264' title='bbox 451 2807 535 2850; x_wconf 89' lang='lat' dir='ltr'><strong>error</strong></span> <span class='ocrx_word' id='word_1_265' title='bbox 550 2786 600 2863; x_wconf 88' lang='lat' dir='ltr'><strong>sit,</strong></span> <span class='ocrx_word' id='word_1_266' title='bbox 615 2794 650 2850; x_wconf 88' lang='lat' dir='ltr'><strong>ut</strong></span> <span class='ocrx_word' id='word_1_267' title='bbox 665 2787 735 2852; x_wconf 81' lang='lat' dir='ltr'><strong>dixi.</strong></span> <span class='ocrx_word' id='word_1_268' title='bbox 778 2787 863 2851; x_wconf 89' lang='lat' dir='ltr'><strong>Idem</strong></span> <span class='ocrx_word' id='word_1_269' title='bbox 877 2787 1067 2869; x_wconf 77' lang='lat' dir='ltr'><strong>Epiphanius</strong></span> <span class='ocrx_word' id='word_1_270' title='bbox 1083 2807 1122 2851; x_wconf 83' lang='lat' dir='ltr'><strong>er</strong></span> <span class='ocrx_word' id='word_1_271' title='bbox 1138 2787 1296 2852; x_wconf 87' lang='lat' dir='ltr'><strong>Clemente</strong></span> <span class='ocrx_word' id='word_1_272' title='bbox 1310 2789 1452 2854; x_wconf 83' lang='lat' dir='ltr'><strong>Alexan·</strong></span> 
     </span>
     <span class='ocr_line' id='line_1_28' title="bbox 105 2875 1452 2959; baseline 0 -19"><span class='ocrx_word' id='word_1_273' title='bbox 105 2877 190 2940; x_wconf 73' lang='lat' dir='ltr'><strong>mino</strong></span> <span class='ocrx_word' id='word_1_274' title='bbox 207 2884 241 2938; x_wconf 87' lang='lat' dir='ltr'><strong>et</strong></span> <span class='ocrx_word' id='word_1_275' title='bbox 256 2876 348 2940; x_wconf 83' lang='lat' dir='ltr'><strong>aliam</strong></span> <span class='ocrx_word' id='word_1_276' title='bbox 370 2875 467 2939; x_wconf 87' lang='lat' dir='ltr'><strong>tradit</strong></span> <span class='ocrx_word' id='word_1_277' title='bbox 481 2877 651 2959; x_wconf 90' lang='lat' dir='ltr'><strong>opinionem</strong></span> <span class='ocrx_word' id='word_1_278' title='bbox 665 2877 887 2959; x_wconf 81' lang='lat' dir='ltr'><strong>Aegyptiorum</strong></span> <span class='ocrx_word' id='word_1_279' title='bbox 902 2876 1116 2951; x_wconf 88' lang='lat' dir='ltr'><strong>asserentium,</strong></span> <span class='ocrx_word' id='word_1_280' title='bbox 1140 2875 1295 2941; x_wconf 88' lang='lat' dir='ltr'><strong>Christum</strong></span> <span class='ocrx_word' id='word_1_281' title='bbox 1311 2897 1378 2942; x_wconf 86' lang='lat' dir='ltr'><strong>esse</strong></span> <span class='ocrx_word' id='word_1_282' title='bbox 1394 2899 1452 2942; x_wconf 86' lang='lat' dir='ltr'><strong>na-</strong></span> 
     </span>
     <span class='ocr_line' id='line_1_29' title="bbox 105 2961 1452 3048; baseline 0.001 -20"><span class='ocrx_word' id='word_1_283' title='bbox 105 2974 176 3041; x_wconf 86' lang='lat' dir='ltr'><strong>tum,</strong></span> <span class='ocrx_word' id='word_1_284' title='bbox 192 2973 228 3029; x_wconf 93' lang='lat' dir='ltr'><strong>ut</strong></span> <span class='ocrx_word' id='word_1_285' title='bbox 242 2965 379 3047; x_wconf 91' lang='lat' dir='ltr'><strong>quidam,</strong></span> <span class='ocrx_word' id='word_1_286' title='bbox 400 2985 504 3030; x_wconf 90' lang='lat' dir='ltr'><strong>mense</strong></span> <span class='ocrx_word' id='word_1_287' title='bbox 519 2967 670 3041; x_wconf 81' lang='lat' dir='ltr'><strong>Paschae,</strong></span> <span class='ocrx_word' id='word_1_288' title='bbox 685 2973 720 3029; x_wconf 90' lang='lat' dir='ltr'><strong>ut</strong></span> <span class='ocrx_word' id='word_1_289' title='bbox 735 2966 802 3041; x_wconf 90' lang='lat' dir='ltr'><strong>alii,</strong></span> <span class='ocrx_word' id='word_1_290' title='bbox 823 2985 927 3032; x_wconf 87' lang='lat' dir='ltr'><strong>mense</strong></span> <span class='ocrx_word' id='word_1_291' title='bbox 942 2965 1056 3048; x_wconf 87' lang='lat' dir='ltr'><strong>Payni,</strong></span> <span class='ocrx_word' id='word_1_292' title='bbox 1078 2966 1127 3048; x_wconf 91' lang='lat' dir='ltr'><strong>qui</strong></span> <span class='ocrx_word' id='word_1_293' title='bbox 1142 2974 1215 3029; x_wconf 92' lang='lat' dir='ltr'><strong>tunc</strong></span> <span class='ocrx_word' id='word_1_294' title='bbox 1231 2961 1406 3031; x_wconf 81' lang='lat' dir='ltr'><strong>incidebant</strong></span> <span class='ocrx_word' id='word_1_295' title='bbox 1420 2967 1452 3030; x_wconf 92' lang='lat' dir='ltr'><strong>in</strong></span> 
     </span>
     <span class='ocr_line' id='line_1_30' title="bbox 104 3051 1452 3138; baseline -0.001 -17"><span class='ocrx_word' id='word_1_296' title='bbox 104 3055 243 3138; x_wconf 89' lang='lat' dir='ltr'><strong>Aprilem</strong></span> <span class='ocrx_word' id='word_1_297' title='bbox 259 3062 292 3118; x_wconf 85' lang='lat' dir='ltr'><strong>et</strong></span> <span class='ocrx_word' id='word_1_298' title='bbox 305 3051 420 3135; x_wconf 83' lang='lat' dir='ltr'><strong>Maj&#39;um</strong></span> <span class='ocrx_word' id='word_1_299' title='bbox 435 3055 596 3119; x_wconf 78' lang='lat' dir='ltr'><strong>Iulianum.</strong></span> <span class='ocrx_word' id='word_1_300' title='bbox 629 3057 676 3120; x_wconf 90' lang='lat' dir='ltr'><strong>At</strong></span> <span class='ocrx_word' id='word_1_301' title='bbox 691 3055 932 3119; x_wconf 88' lang='lat' dir='ltr'><strong>sollertissimam</strong></span> <span class='ocrx_word' id='word_1_302' title='bbox 945 3055 1104 3119; x_wconf 81' lang='lat' dir='ltr'><strong>Herwardi</strong></span> <span class='ocrx_word' id='word_1_303' title='bbox 1126 3055 1331 3135; x_wconf 85' lang='lat' dir='ltr'><strong>conjecturam</strong></span> <span class='ocrx_word' id='word_1_304' title='bbox 1345 3056 1452 3130; x_wconf 83' lang='lat' dir='ltr'><strong>lubens</strong></span> 
     </span>
     <span class='ocr_line' id='line_1_31' title="bbox 106 3143 1451 3227; baseline -0.001 -19"><span class='ocrx_word' id='word_1_305' title='bbox 106 3144 283 3227; x_wconf 89' lang='lat' dir='ltr'><strong>amplector,</strong></span> <span class='ocrx_word' id='word_1_306' title='bbox 298 3145 456 3226; x_wconf 89' lang='lat' dir='ltr'><strong>quiputat,</strong></span> <span class='ocrx_word' id='word_1_307' title='bbox 474 3145 721 3209; x_wconf 87' lang='lat' dir='ltr'><strong>eod&#39;emreoidere</strong></span> <span class='ocrx_word' id='word_1_308' title='bbox 737 3145 815 3208; x_wconf 91' lang='lat' dir='ltr'><strong>hanc</strong></span> <span class='ocrx_word' id='word_1_309' title='bbox 824 3145 1047 3227; x_wconf 81' lang='lat' dir='ltr'><strong>Aegyptiorum</strong></span> <span class='ocrx_word' id='word_1_310' title='bbox 1056 3144 1253 3208; x_wconf 85' lang='lat' dir='ltr'><strong>traditionem</strong></span> <span class='ocrx_word' id='word_1_311' title='bbox 1268 3163 1336 3208; x_wconf 91' lang='lat' dir='ltr'><strong>cum</strong></span> <span class='ocrx_word' id='word_1_312' title='bbox 1349 3143 1451 3227; x_wconf 90' lang='lat' dir='ltr'><strong>priori,</strong></span> 
     </span>
     <span class='ocr_line' id='line_1_32' title="bbox 105 3233 1451 3315; baseline 0.001 -19"><span class='ocrx_word' id='word_1_313' title='bbox 105 3241 136 3297; x_wconf 90' lang='lat' dir='ltr'><strong>et</strong></span> <span class='ocrx_word' id='word_1_314' title='bbox 156 3233 395 3300; x_wconf 87' lang='lat' dir='ltr'><strong>hallucinatione</strong></span> <span class='ocrx_word' id='word_1_315' title='bbox 418 3234 547 3315; x_wconf 86' lang='lat' dir='ltr'><strong>quadarn</strong></span> <span class='ocrx_word' id='word_1_316' title='bbox 569 3236 697 3310; x_wconf 87' lang='lat' dir='ltr'><strong>Iactum,</strong></span> <span class='ocrx_word' id='word_1_317' title='bbox 719 3242 755 3296; x_wconf 93' lang='lat' dir='ltr'><strong>ut</strong></span> <span class='ocrx_word' id='word_1_318' title='bbox 777 3253 843 3297; x_wconf 91' lang='lat' dir='ltr'><strong>curn</strong></span> <span class='ocrx_word' id='word_1_319' title='bbox 863 3234 1034 3298; x_wconf 88' lang='lat' dir='ltr'><strong>December</strong></span> <span class='ocrx_word' id='word_1_320' title='bbox 1058 3253 1155 3298; x_wconf 89' lang='lat' dir='ltr'><strong>nonus</strong></span> <span class='ocrx_word' id='word_1_321' title='bbox 1177 3243 1262 3296; x_wconf 90' lang='lat' dir='ltr'><strong>esset</strong></span> <span class='ocrx_word' id='word_1_322' title='bbox 1284 3235 1396 3297; x_wconf 87' lang='lat' dir='ltr'><strong>mensis</strong></span> <span class='ocrx_word' id='word_1_323' title='bbox 1411 3233 1451 3297; x_wconf 92' lang='lat' dir='ltr'><strong>ab</strong></span> 
     </span>
     <span class='ocr_line' id='line_1_33' title="bbox 103 3316 1449 3406; baseline -0.003 -17"><span class='ocrx_word' id='word_1_324' title='bbox 103 3324 214 3406; x_wconf 88' lang='lat' dir='ltr'><strong>Aprili,</strong></span> <span class='ocrx_word' id='word_1_325' title='bbox 235 3316 333 3404; x_wconf 89' lang='lat' dir='ltr'><strong>primo</strong></span> <span class='ocrx_word' id='word_1_326' title='bbox 354 3342 457 3386; x_wconf 90' lang='lat' dir='ltr'><strong>meuse</strong></span> <span class='ocrx_word' id='word_1_327' title='bbox 478 3323 685 3388; x_wconf 90' lang='lat' dir='ltr'><strong>ecclesiastico</strong></span> <span class='ocrx_word' id='word_1_328' title='bbox 708 3323 748 3387; x_wconf 86' lang='lat' dir='ltr'><strong>ad</strong></span> <span class='ocrx_word' id='word_1_329' title='bbox 762 3323 962 3387; x_wconf 81' lang='lat' dir='ltr'><strong>imitationem</strong></span> <span class='ocrx_word' id='word_1_330' title='bbox 975 3323 1177 3398; x_wconf 81' lang='lat' dir='ltr'><strong>ludaeorum,</strong></span> <span class='ocrx_word' id='word_1_331' title='bbox 1198 3323 1361 3386; x_wconf 81' lang='lat' dir='ltr'><strong>lanuarius</strong></span> <span class='ocrx_word' id='word_1_332' title='bbox 1376 3340 1449 3385; x_wconf 86' lang='lat' dir='ltr'><strong>vero</strong></span> 
     </span>
     <span class='ocr_line' id='line_1_34' title="bbox 104 3409 1450 3494; baseline -0.003 -16"><span class='ocrx_word' id='word_1_333' title='bbox 104 3414 254 3488; x_wconf 89' lang='lat' dir='ltr'><strong>decimus,</strong></span> <span class='ocrx_word' id='word_1_334' title='bbox 278 3411 492 3494; x_wconf 90' lang='lat' dir='ltr'><strong>audissentque</strong></span> <span class='ocrx_word' id='word_1_335' title='bbox 506 3411 668 3494; x_wconf 78' lang='lat' dir='ltr'><strong>Aegyptii,</strong></span> <span class='ocrx_word' id='word_1_336' title='bbox 692 3409 847 3476; x_wconf 90' lang='lat' dir='ltr'><strong>Christum</strong></span> <span class='ocrx_word' id='word_1_337' title='bbox 868 3431 937 3474; x_wconf 89' lang='lat' dir='ltr'><strong>esse</strong></span> <span class='ocrx_word' id='word_1_338' title='bbox 959 3419 1065 3474; x_wconf 90' lang='lat' dir='ltr'><strong>natum</strong></span> <span class='ocrx_word' id='word_1_339' title='bbox 1088 3430 1190 3474; x_wconf 89' lang='lat' dir='ltr'><strong>mense</strong></span> <span class='ocrx_word' id='word_1_340' title='bbox 1205 3431 1294 3487; x_wconf 91' lang='lat' dir='ltr'><strong>nono,</strong></span> <span class='ocrx_word' id='word_1_341' title='bbox 1310 3411 1354 3474; x_wconf 91' lang='lat' dir='ltr'><strong>sic</strong></span> <span class='ocrx_word' id='word_1_342' title='bbox 1369 3410 1450 3474; x_wconf 90' lang='lat' dir='ltr'><strong>enim</strong></span> 
     </span>
     <span class='ocr_line' id='line_1_35' title="bbox 106 3500 1449 3582; baseline -0.003 -14"><span class='ocrx_word' id='word_1_343' title='bbox 106 3502 299 3568; x_wconf 81' lang='lat' dir='ltr'><strong>Clementiae</strong></span> <span class='ocrx_word' id='word_1_344' title='bbox 313 3501 416 3577; x_wconf 81' lang='lat' dir='ltr'><strong>habet,</strong></span> <span class='ocrx_word' id='word_1_345' title='bbox 431 3502 479 3564; x_wconf 86' lang='lat' dir='ltr'><strong>vel</strong></span> <span class='ocrx_word' id='word_1_346' title='bbox 490 3501 613 3576; x_wconf 89' lang='lat' dir='ltr'><strong>decimo,</strong></span> <span class='ocrx_word' id='word_1_347' title='bbox 627 3500 687 3582; x_wconf 87' lang='lat' dir='ltr'><strong>ipsi</strong></span> <span class='ocrx_word' id='word_1_348' title='bbox 701 3519 811 3564; x_wconf 88' lang='lat' dir='ltr'><strong>nonum</strong></span> <span class='ocrx_word' id='word_1_349' title='bbox 821 3509 853 3562; x_wconf 90' lang='lat' dir='ltr'><strong>et</strong></span> <span class='ocrx_word' id='word_1_350' title='bbox 862 3500 1010 3564; x_wconf 90' lang='lat' dir='ltr'><strong>decimum</strong></span> <span class='ocrx_word' id='word_1_351' title='bbox 1024 3501 1063 3563; x_wconf 88' lang='lat' dir='ltr'><strong>ab</strong></span> <span class='ocrx_word' id='word_1_352' title='bbox 1074 3500 1159 3564; x_wconf 91' lang='lat' dir='ltr'><strong>initio</strong></span> <span class='ocrx_word' id='word_1_353' title='bbox 1175 3520 1238 3575; x_wconf 91' lang='lat' dir='ltr'><strong>suo,</strong></span> <span class='ocrx_word' id='word_1_354' title='bbox 1254 3520 1295 3562; x_wconf 92' lang='lat' dir='ltr'><strong>so.</strong></span> <span class='ocrx_word' id='word_1_355' title='bbox 1311 3521 1330 3562; x_wconf 86' lang='lat' dir='ltr'><strong>a</strong></span> <span class='ocrx_word' id='word_1_356' title='bbox 1344 3517 1449 3564; x_wconf 89' lang='lat' dir='ltr'><strong>mense</strong></span> 
     </span>
     <span class='ocr_line' id='line_1_36' title="bbox 105 3589 1450 3672; baseline -0.003 -16"><span class='ocrx_word' id='word_1_357' title='bbox 105 3593 219 3666; x_wconf 88' lang='lat' dir='ltr'><strong>Thoth,</strong></span> <span class='ocrx_word' id='word_1_358' title='bbox 242 3591 292 3672; x_wconf 90' lang='lat' dir='ltr'><strong>qui</strong></span> <span class='ocrx_word' id='word_1_359' title='bbox 314 3591 346 3654; x_wconf 93' lang='lat' dir='ltr'><strong>in</strong></span> <span class='ocrx_word' id='word_1_360' title='bbox 362 3591 572 3670; x_wconf 87' lang='lat' dir='ltr'><strong>Septembrem</strong></span> <span class='ocrx_word' id='word_1_361' title='bbox 587 3590 781 3671; x_wconf 87' lang='lat' dir='ltr'><strong>competebat</strong></span> <span class='ocrx_word' id='word_1_362' title='bbox 802 3589 1012 3654; x_wconf 87' lang='lat' dir='ltr'><strong>subsumentes</strong></span> <span class='ocrx_word' id='word_1_363' title='bbox 1027 3609 1082 3672; x_wconf 90' lang='lat' dir='ltr'><strong>pro</strong></span> <span class='ocrx_word' id='word_1_364' title='bbox 1098 3589 1299 3653; x_wconf 89' lang='lat' dir='ltr'><strong>numeralibus</strong></span> <span class='ocrx_word' id='word_1_365' title='bbox 1321 3608 1400 3653; x_wconf 94' lang='lat' dir='ltr'><strong>nono</strong></span> <span class='ocrx_word' id='word_1_366' title='bbox 1417 3596 1450 3652; x_wconf 90' lang='lat' dir='ltr'><strong>et</strong></span> 
     </span>
     <span class='ocr_line' id='line_1_37' title="bbox 105 3677 1449 3762; baseline -0.003 -16"><span class='ocrx_word' id='word_1_367' title='bbox 105 3683 222 3746; x_wconf 88' lang='lat' dir='ltr'><strong>decimo</strong></span> <span class='ocrx_word' id='word_1_368' title='bbox 232 3679 487 3744; x_wconf 89' lang='lat' dir='ltr'><strong>nominaPacbon</strong></span> <span class='ocrx_word' id='word_1_369' title='bbox 497 3679 635 3762; x_wconf 81' lang='lat' dir='ltr'><strong>etPayni</strong></span> <span class='ocrx_word' id='word_1_370' title='bbox 645 3679 828 3761; x_wconf 86' lang='lat' dir='ltr'><strong>scripserint</strong></span> <span class='ocrx_word' id='word_1_371' title='bbox 858 3677 1027 3742; x_wconf 90' lang='lat' dir='ltr'><strong>Confirmat</strong></span> <span class='ocrx_word' id='word_1_372' title='bbox 1041 3678 1247 3760; x_wconf 89' lang='lat' dir='ltr'><strong>conjecturam</strong></span> <span class='ocrx_word' id='word_1_373' title='bbox 1261 3685 1293 3740; x_wconf 90' lang='lat' dir='ltr'><strong>et</strong></span> <span class='ocrx_word' id='word_1_374' title='bbox 1307 3697 1449 3742; x_wconf 90' lang='lat' dir='ltr'><strong>numerus</strong></span> 
     </span>
     <span class='ocr_line' id='line_1_38' title="bbox 105 3767 1450 3850; baseline -0.004 -14"><span class='ocrx_word' id='word_1_375' title='bbox 105 3773 220 3836; x_wconf 89' lang='lat' dir='ltr'><strong>dierum</strong></span> <span class='ocrx_word' id='word_1_376' title='bbox 243 3769 382 3850; x_wconf 90' lang='lat' dir='ltr'><strong>adjectus</strong></span> <span class='ocrx_word' id='word_1_377' title='bbox 404 3769 484 3850; x_wconf 87' lang='lat' dir='ltr'><strong>apud</strong></span> <span class='ocrx_word' id='word_1_378' title='bbox 503 3767 695 3832; x_wconf 89' lang='lat' dir='ltr'><strong>&#39;Clementem</strong></span> <span class='ocrx_word' id='word_1_379' title='bbox 708 3767 963 3844; x_wconf 87' lang='lat' dir='ltr'><strong>Alexandrinum,</strong></span> <span class='ocrx_word' id='word_1_380' title='bbox 985 3767 1033 3832; x_wconf 93' lang='lat' dir='ltr'><strong>die</strong></span> <span class='ocrx_word' id='word_1_381' title='bbox 1050 3767 1100 3831; x_wconf 98' lang='grc'><strong>25.</strong></span> <span class='ocrx_word' id='word_1_382' title='bbox 1110 3767 1244 3842; x_wconf 89' lang='lat' dir='ltr'><strong>Pachon,</strong></span> <span class='ocrx_word' id='word_1_383' title='bbox 1261 3767 1340 3830; x_wconf 90' lang='lat' dir='ltr'><strong>sient</strong></span> <span class='ocrx_word' id='word_1_384' title='bbox 1354 3767 1450 3832; x_wconf 86' lang='lat' dir='ltr'><strong>habat</strong></span> 
     </span>
     <span class='ocr_line' id='line_1_39' title="bbox 104 3856 1449 3940; baseline -0.004 -14"><span class='ocrx_word' id='word_1_385' title='bbox 104 3859 309 3934; x_wconf 77' lang='lat' dir='ltr'><strong>clementina,</strong></span> <span class='ocrx_word' id='word_1_386' title='bbox 324 3858 372 3920; x_wconf 89' lang='lat' dir='ltr'><strong>die</strong></span> <span class='ocrx_word' id='word_1_387' title='bbox 388 3859 439 3922; x_wconf 89' lang='grc'><strong>25.</strong></span> <span class='ocrx_word' id='word_1_388' title='bbox 453 3857 566 3920; x_wconf 88' lang='lat' dir='ltr'><strong>mensis</strong></span> <span class='ocrx_word' id='word_1_389' title='bbox 581 3857 661 3932; x_wconf 91' lang='lat' dir='ltr'><strong>noni,</strong></span> <span class='ocrx_word' id='word_1_390' title='bbox 676 3865 710 3920; x_wconf 90' lang='lat' dir='ltr'><strong>et</strong></span> <span class='ocrx_word' id='word_1_391' title='bbox 725 3856 856 3928; x_wconf 87' lang='lat' dir='ltr'><strong>ccclesia</strong></span> <span class='ocrx_word' id='word_1_392' title='bbox 870 3857 917 3920; x_wconf 92' lang='lat' dir='ltr'><strong>die</strong></span> <span class='ocrx_word' id='word_1_393' title='bbox 938 3858 988 3921; x_wconf 87' lang='grc'><strong>25.</strong></span> <span class='ocrx_word' id='word_1_394' title='bbox 1004 3856 1190 3922; x_wconf 90' lang='lat' dir='ltr'><strong>Decembris.</strong></span> <span class='ocrx_word' id='word_1_395' title='bbox 1234 3857 1343 3940; x_wconf 90' lang='lat' dir='ltr'><strong>ltaque</strong></span> <span class='ocrx_word' id='word_1_396' title='bbox 1357 3857 1449 3920; x_wconf 89' lang='lat' dir='ltr'><strong>turba</strong></span> 
     </span>
     <span class='ocr_line' id='line_1_40' title="bbox 102 3945 1475 4030; baseline -0.004 -15"><span class='ocrx_word' id='word_1_397' title='bbox 102 3953 230 4016; x_wconf 82' lang='lat' dir='ltr'><strong>Petrum</strong></span> <span class='ocrx_word' id='word_1_398' title='bbox 245 3955 319 4030; x_wconf 90' lang='lat' dir='ltr'><strong>post</strong></span> <span class='ocrx_word' id='word_1_399' title='bbox 334 3946 585 4030; x_wconf 76' lang='lat' dir='ltr'><strong>chrysostomum</strong></span> <span class='ocrx_word' id='word_1_400' title='bbox 599 3945 658 4010; x_wconf 92' lang='lat' dir='ltr'><strong>diei</strong></span> <span class='ocrx_word' id='word_1_401' title='bbox 677 3946 730 4009; x_wconf 86' lang='grc'><strong>25.</strong></span> <span class='ocrx_word' id='word_1_402' title='bbox 745 3946 923 4009; x_wconf 87' lang='lat' dir='ltr'><strong>Decembris</strong></span> <span class='ocrx_word' id='word_1_403' title='bbox 945 3947 1149 4010; x_wconf 88' lang='lat' dir='ltr'><strong>testimonium</strong></span> <span class='ocrx_word' id='word_1_404' title='bbox 1163 3945 1324 4027; x_wconf 91' lang='lat' dir='ltr'><strong>perhibent</strong></span> <span class='ocrx_word' id='word_1_405' title='bbox 1337 3946 1447 4010; x_wconf 89' lang='lat' dir='ltr'><strong>unani·</strong></span> <span class='ocrx_word' id='word_1_406' title='bbox 1470 4017 1475 4028; x_wconf 54' lang='grc'>,</span> 
     </span>
     <span class='ocr_line' id='line_1_41' title="bbox 103 4033 1448 4118; baseline -0.004 -14"><span class='ocrx_word' id='word_1_407' title='bbox 103 4042 208 4114; x_wconf 87' lang='lat' dir='ltr'><strong>miter,</strong></span> <span class='ocrx_word' id='word_1_408' title='bbox 236 4037 445 4118; x_wconf 81' lang='lat' dir='ltr'><strong>Augustinus,</strong></span> <span class='ocrx_word' id='word_1_409' title='bbox 474 4035 679 4112; x_wconf 88' lang='lat' dir='ltr'><strong>Athanasius,</strong></span> <span class='ocrx_word' id='word_1_410' title='bbox 706 4035 820 4100; x_wconf 86' lang='lat' dir='ltr'><strong>Paulus</strong></span> <span class='ocrx_word' id='word_1_411' title='bbox 850 4034 990 4110; x_wconf 87' lang='lat' dir='ltr'><strong>Orosius,</strong></span> <span class='ocrx_word' id='word_1_412' title='bbox 1021 4035 1153 4100; x_wconf 87' lang='lat' dir='ltr'><strong>Severus</strong></span> <span class='ocrx_word' id='word_1_413' title='bbox 1178 4033 1340 4117; x_wconf 88' lang='lat' dir='ltr'><strong>Sulpitiue,</strong></span> <span class='ocrx_word' id='word_1_414' title='bbox 1374 4035 1448 4110; x_wconf 89' lang='lat' dir='ltr'><strong>Leo,</strong></span> 
     </span>
     <span class='ocr_line' id='line_1_42' title="bbox 102 4124 937 4212; baseline -0.008 -19"><span class='ocrx_word' id='word_1_415' title='bbox 102 4128 298 4212; x_wconf 78' lang='lat' dir='ltr'><strong>Fulgentius,</strong></span> <span class='ocrx_word' id='word_1_416' title='bbox 319 4124 722 4206; x_wconf 84' lang='lat' dir='ltr'><strong>Cassiodoms„Gregorius</strong></span> <span class='ocrx_word' id='word_1_417' title='bbox 737 4125 868 4206; x_wconf 79' lang='lat' dir='ltr'><strong>Magnus</strong></span> <span class='ocrx_word' id='word_1_418' title='bbox 885 4124 937 4186; x_wconf 79' lang='lat' dir='ltr'><strong>ito.</strong></span> 
     </span>
    </p>

    <p class='ocr_par' dir='ltr' id='par_1_5' title="bbox 106 4210 1448 4838">
     <span class='ocr_line' id='line_1_43' title="bbox 191 4210 1446 4298; baseline -0.009 -14"><span class='ocrx_word' id='word_1_419' title='bbox 191 4216 283 4290; x_wconf 85' lang='lat' dir='ltr'><strong>Quod</strong></span> <span class='ocrx_word' id='word_1_420' title='bbox 305 4235 378 4280; x_wconf 89' lang='lat' dir='ltr'><strong>vero</strong></span> <span class='ocrx_word' id='word_1_421' title='bbox 400 4234 514 4298; x_wconf 87' lang='lat' dir='ltr'><strong>pascus</strong></span> <span class='ocrx_word' id='word_1_422' title='bbox 535 4215 621 4290; x_wconf 88' lang='lat' dir='ltr'><strong>nobis</strong></span> <span class='ocrx_word' id='word_1_423' title='bbox 644 4221 677 4278; x_wconf 94' lang='lat' dir='ltr'><strong>et</strong></span> <span class='ocrx_word' id='word_1_424' title='bbox 699 4213 852 4278; x_wconf 87' lang='lat' dir='ltr'><strong>subdiales</strong></span> <span class='ocrx_word' id='word_1_425' title='bbox 872 4214 1118 4295; x_wconf 88' lang='lat' dir='ltr'><strong>pernoctationes</strong></span> <span class='ocrx_word' id='word_1_426' title='bbox 1140 4231 1178 4275; x_wconf 82' lang='lat' dir='ltr'><strong>ex</strong></span> <span class='ocrx_word' id='word_1_427' title='bbox 1192 4210 1351 4294; x_wconf 82' lang='lat' dir='ltr'><strong>Evangelii</strong></span> <span class='ocrx_word' id='word_1_428' title='bbox 1367 4211 1446 4292; x_wconf 88' lang='lat' dir='ltr'><strong>obji-</strong></span> 
     </span>
     <span class='ocr_line' id='line_1_44' title="bbox 106 4299 1448 4390; baseline -0.007 -18"><span class='ocrx_word' id='word_1_429' title='bbox 106 4309 194 4384; x_wconf 88' lang='lat' dir='ltr'><strong>ciunt,</strong></span> <span class='ocrx_word' id='word_1_430' title='bbox 211 4307 299 4390; x_wconf 88' lang='lat' dir='ltr'><strong>quasi</strong></span> <span class='ocrx_word' id='word_1_431' title='bbox 322 4307 399 4368; x_wconf 89' lang='lat' dir='ltr'><strong>haec</strong></span> <span class='ocrx_word' id='word_1_432' title='bbox 413 4305 541 4368; x_wconf 91' lang='lat' dir='ltr'><strong>hiemem</strong></span> <span class='ocrx_word' id='word_1_433' title='bbox 556 4324 616 4368; x_wconf 93' lang='lat' dir='ltr'><strong>non</strong></span> <span class='ocrx_word' id='word_1_434' title='bbox 639 4303 818 4380; x_wconf 87' lang='lat' dir='ltr'><strong>admittant,</strong></span> <span class='ocrx_word' id='word_1_435' title='bbox 839 4303 995 4367; x_wconf 91' lang='lat' dir='ltr'><strong>ridiculum</strong></span> <span class='ocrx_word' id='word_1_436' title='bbox 1010 4309 1071 4366; x_wconf 88' lang='lat' dir='ltr'><strong>est:</strong></span> <span class='ocrx_word' id='word_1_437' title='bbox 1096 4321 1162 4365; x_wconf 89' lang='lat' dir='ltr'><strong>cum</strong></span> <span class='ocrx_word' id='word_1_438' title='bbox 1183 4321 1220 4366; x_wconf 91' lang='lat' dir='ltr'><strong>ue</strong></span> <span class='ocrx_word' id='word_1_439' title='bbox 1235 4301 1267 4364; x_wconf 92' lang='lat' dir='ltr'><strong>in</strong></span> <span class='ocrx_word' id='word_1_440' title='bbox 1283 4299 1448 4364; x_wconf 85' lang='lat' dir='ltr'><strong>Germania</strong></span> 
     </span>
     <span class='ocr_line' id='line_1_45' title="bbox 106 4389 1445 4480; baseline -0.007 -18"><span class='ocrx_word' id='word_1_441' title='bbox 106 4399 222 4480; x_wconf 90' lang='lat' dir='ltr'><strong>quidem</strong></span> <span class='ocrx_word' id='word_1_442' title='bbox 239 4396 344 4459; x_wconf 87' lang='lat' dir='ltr'><strong>desint</strong></span> <span class='ocrx_word' id='word_1_443' title='bbox 358 4395 508 4459; x_wconf 90' lang='lat' dir='ltr'><strong>interdum</strong></span> <span class='ocrx_word' id='word_1_444' title='bbox 523 4392 620 4458; x_wconf 88' lang='lat' dir='ltr'><strong>floridi</strong></span> <span class='ocrx_word' id='word_1_445' title='bbox 635 4392 828 4468; x_wconf 85' lang='lat' dir='ltr'><strong>Decembres,</strong></span> <span class='ocrx_word' id='word_1_446' title='bbox 842 4400 878 4455; x_wconf 91' lang='lat' dir='ltr'><strong>ut</strong></span> <span class='ocrx_word' id='word_1_447' title='bbox 891 4392 1021 4468; x_wconf 86' lang='lat' dir='ltr'><strong>Italiam,</strong></span> <span class='ocrx_word' id='word_1_448' title='bbox 1042 4399 1077 4454; x_wconf 90' lang='lat' dir='ltr'><strong>ut</strong></span> <span class='ocrx_word' id='word_1_449' title='bbox 1092 4390 1174 4455; x_wconf 89' lang='lat' dir='ltr'><strong>Solis</strong></span> <span class='ocrx_word' id='word_1_450' title='bbox 1190 4391 1314 4454; x_wconf 89' lang='lat' dir='ltr'><strong>ardores</strong></span> <span class='ocrx_word' id='word_1_451' title='bbox 1328 4389 1445 4452; x_wconf 86' lang='lat' dir='ltr'><strong>Romae</strong></span> 
     </span>
     <span class='ocr_line' id='line_1_46' title="bbox 106 4478 1444 4566; baseline -0.007 -15"><span class='ocrx_word' id='word_1_452' title='bbox 106 4507 205 4551; x_wconf 89' lang='lat' dir='ltr'><strong>mense</strong></span> <span class='ocrx_word' id='word_1_453' title='bbox 226 4485 377 4549; x_wconf 81' lang='lat' dir='ltr'><strong>Ianuario</strong></span> <span class='ocrx_word' id='word_1_454' title='bbox 398 4492 596 4566; x_wconf 85' lang='lat' dir='ltr'><strong>praeteream</strong></span> <span class='ocrx_word' id='word_1_455' title='bbox 640 4482 789 4564; x_wconf 90' lang='lat' dir='ltr'><strong>Imprimis</strong></span> <span class='ocrx_word' id='word_1_456' title='bbox 810 4501 882 4546; x_wconf 86' lang='lat' dir='ltr'><strong>vero</strong></span> <span class='ocrx_word' id='word_1_457' title='bbox 904 4483 935 4546; x_wconf 91' lang='lat' dir='ltr'><strong>in</strong></span> <span class='ocrx_word' id='word_1_458' title='bbox 955 4481 1134 4546; x_wconf 84' lang='lat' dir='ltr'><strong>Palaestina</strong></span> <span class='ocrx_word' id='word_1_459' title='bbox 1154 4480 1251 4560; x_wconf 80' lang='lat' dir='ltr'><strong>major</strong></span> <span class='ocrx_word' id='word_1_460' title='bbox 1272 4478 1444 4559; x_wconf 89' lang='lat' dir='ltr'><strong>plemmque</strong></span> 
     </span>
     <span class='ocr_line' id='line_1_47' title="bbox 109 4567 1445 4655; baseline -0.007 -15"><span class='ocrx_word' id='word_1_461' title='bbox 109 4578 254 4642; x_wconf 86' lang='lat' dir='ltr'><strong>serenitas</strong></span> <span class='ocrx_word' id='word_1_462' title='bbox 277 4581 329 4638; x_wconf 87' lang='lat' dir='ltr'><strong>est</strong></span> <span class='ocrx_word' id='word_1_463' title='bbox 342 4574 520 4648; x_wconf 89' lang='lat' dir='ltr'><strong>Decembri,</strong></span> <span class='ocrx_word' id='word_1_464' title='bbox 541 4593 629 4655; x_wconf 88' lang='lat' dir='ltr'><strong>qnam</strong></span> <span class='ocrx_word' id='word_1_465' title='bbox 650 4579 760 4654; x_wconf 90' lang='lat' dir='ltr'><strong>postea</strong></span> <span class='ocrx_word' id='word_1_466' title='bbox 780 4572 944 4635; x_wconf 86' lang='lat' dir='ltr'><strong>Februario</strong></span> <span class='ocrx_word' id='word_1_467' title='bbox 967 4579 999 4634; x_wconf 90' lang='lat' dir='ltr'><strong>et</strong></span> <span class='ocrx_word' id='word_1_468' title='bbox 1012 4570 1135 4635; x_wconf 84' lang='lat' dir='ltr'><strong>Martio.</strong></span> <span class='ocrx_word' id='word_1_469' title='bbox 1179 4567 1299 4632; x_wconf 89' lang='lat' dir='ltr'><strong>Pudeat</strong></span> <span class='ocrx_word' id='word_1_470' title='bbox 1317 4585 1389 4630; x_wconf 84' lang='lat' dir='ltr'><strong>vero</strong></span> <span class='ocrx_word' id='word_1_471' title='bbox 1412 4575 1445 4632; x_wconf 88' lang='lat' dir='ltr'><strong>et</strong></span> 
     </span>
     <span class='ocr_line' id='line_1_48' title="bbox 110 4651 1444 4748; baseline -0.006 -20"><span class='ocrx_word' id='word_1_472' title='bbox 110 4665 327 4748; x_wconf 87' lang='lat' dir='ltr'><strong>descriptiones</strong></span> <span class='ocrx_word' id='word_1_473' title='bbox 342 4662 430 4726; x_wconf 90' lang='lat' dir='ltr'><strong>uobis</strong></span> <span class='ocrx_word' id='word_1_474' title='bbox 438 4651 589 4743; x_wconf 83' lang='lat' dir='ltr'><strong>objicere,</strong></span> <span class='ocrx_word' id='word_1_475' title='bbox 611 4681 688 4744; x_wconf 84' lang='lat' dir='ltr'><strong>qnae</strong></span> <span class='ocrx_word' id='word_1_476' title='bbox 703 4681 763 4725; x_wconf 93' lang='lat' dir='ltr'><strong>non</strong></span> <span class='ocrx_word' id='word_1_477' title='bbox 785 4660 846 4724; x_wconf 87' lang='lat' dir='ltr'><strong>elia</strong></span> <span class='ocrx_word' id='word_1_478' title='bbox 861 4667 1045 4744; x_wconf 88' lang='lat' dir='ltr'><strong>tempestate</strong></span> <span class='ocrx_word' id='word_1_479' title='bbox 1068 4660 1139 4724; x_wconf 91' lang='lat' dir='ltr'><strong>anni</strong></span> <span class='ocrx_word' id='word_1_480' title='bbox 1161 4655 1344 4724; x_wconf 91' lang='lat' dir='ltr'><strong>commodius</strong></span> <span class='ocrx_word' id='word_1_481' title='bbox 1358 4657 1444 4734; x_wconf 86' lang='lat' dir='ltr'><strong>fiunt,</strong></span> 
     </span>
     <span class='ocr_line' id='line_1_49' title="bbox 110 4750 785 4838; baseline -0.007 -17"><span class='ocrx_word' id='word_1_482' title='bbox 110 4775 190 4838; x_wconf 86' lang='lat' dir='ltr'><strong>quam</strong></span> <span class='ocrx_word' id='word_1_483' title='bbox 203 4757 317 4829; x_wconf 89' lang='lat' dir='ltr'><strong>hieme,</strong></span> <span class='ocrx_word' id='word_1_484' title='bbox 333 4752 524 4816; x_wconf 88' lang='lat' dir='ltr'><strong>cessantibus</strong></span> <span class='ocrx_word' id='word_1_485' title='bbox 540 4751 639 4833; x_wconf 90' lang='lat' dir='ltr'><strong>operis</strong></span> <span class='ocrx_word' id='word_1_486' title='bbox 654 4750 785 4817; x_wconf 87' lang='lat' dir='ltr'><strong>rusticis.</strong></span> 
     </span>
    </p>

    <p class='ocr_par' dir='ltr' id='par_1_6' title="bbox 186 4833 1442 4924">
     <span class='ocr_line' id='line_1_50' title="bbox 186 4833 1442 4924; baseline -0.01 -12"><span class='ocrx_word' id='word_1_487' title='bbox 186 4845 253 4912; x_wconf 87' lang='lat' dir='ltr'><strong>Sed</strong></span> <span class='ocrx_word' id='word_1_488' title='bbox 268 4849 437 4924; x_wconf 82' lang='lat' dir='ltr'><strong>antequam</strong></span> <span class='ocrx_word' id='word_1_489' title='bbox 457 4841 697 4923; x_wconf 77' lang='lat' dir='ltr'><strong>progrediamur,</strong></span> <span class='ocrx_word' id='word_1_490' title='bbox 718 4839 803 4904; x_wconf 90' lang='lat' dir='ltr'><strong>lubet</strong></span> <span class='ocrx_word' id='word_1_491' title='bbox 817 4839 909 4924; x_wconf 86' lang='lat' dir='ltr'><strong>etiam</strong></span> <span class='ocrx_word' id='word_1_492' title='bbox 923 4837 1163 4921; x_wconf 78' lang='lat' dir='ltr'><strong>Scaligerisuaru</strong></span> <span class='ocrx_word' id='word_1_493' title='bbox 1183 4833 1332 4900; x_wconf 90' lang='lat' dir='ltr'><strong>rationem</strong></span> <span class='ocrx_word' id='word_1_494' title='bbox 1351 4833 1442 4900; x_wconf 88' lang='lat' dir='ltr'><strong>inda·</strong></span> 
     </span>
    </p>
   </div>
   <div class='ocr_carea' id='block_1_5' title="bbox 0 0 1708 5542">
    <p class='ocr_par' dir='ltr' id='par_1_7' title="bbox 0 0 1708 5542">
     <span class='ocr_line' id='line_1_51' title="bbox 0 0 1708 5542; baseline 0 4"><span class='ocrx_word' id='word_1_495' title='bbox 0 0 1708 5542; x_wconf 95' lang='lat' dir='ltr'><strong> </strong></span> 
     </span>
    </p>
   </div>
  </div>
 </body>
</html>
