3396 5540
636 206 744 272 Eclogae
770 205 915 257 Chronieae.
1371 211 1430 270 tul

118 375 257 442 Vindicis
280 376 446 446 audiverat
469 383 502 444 et
519 377 594 464 jam'
608 381 703 446 etiam
726 379 870 446 urbanae
893 401 942 444 res
969 377 1166 444 laberentur.
1213 379 1309 450 Vides
1329 381 1437 462 igitur,

118 465 1437 551 noutenuissesesquianuuruistsmfossionem,pugnatquemeumai·gumentum.*)

121 572 385 739 1609ξ1ριειοιιι
405 575 476 640 XII.
500 575 637 639 Sethus
662 573 852 642 Caluisius
874 575 954 641 doh.
978 556 1144 658 K'eplero
1168 576 1199 641 S.
1225 577 1270 658 (2,
1293 575 1439 642 Januarfi

196 772 308 826 Literas
328 771 397 827 'tuas
418 775 511 845 accepi
533 775 622 829 adhue
642 775 669 828 in
689 775 841 837 Decembri,
864 777 911 828 sed
933 777 1001 828 adeo
1023 775 1161 829 districtus
1183 775 1300 846 negotiis
1321 791 1388 838 sum,
1408 781 1440 827 ιιι
1506 811 1512 826 ,

119 852 165 904 vix
193 869 242 906 eas
263 859 342 930 recte
362 853 493 924 relegere
508 855 651 924 potuerim,
672 871 733 909 eum
753 871 873 909 mearum
894 855 958 908 mihi
979 857 1082 910 nullum
1102 856 1256 925 reliquerim
1277 857 1438 924 exemplum.

118 930 208 1001 Igitur
236 933 271 985 de
298 933 414 1004 singulis
434 931 496 1002 jam
521 952 575 988 non
600 936 779 1006 respondebo,
805 936 946 1005 quaedarn,
972 953 1007 988 ne
1027 951 1071 988 res
1092 935 1217 1004 deposita
1236 935 1370 995 rideatur,
1391 949 1440 1003 pro

120 1028 181 1065 mea
208 1013 348 1066 sententis
373 1015 480 1067 addam.
521 1013 632 1068 Tacitus
658 1015 726 1068 libro
748 1016 779 1068 V.
805 1013 980 1068 historiarum
1006 1031 1025 1068 a
1042 1031 1087 1068 me
1107 1022 1203 1083 aperte
1225 1021 1274 1076 est,
1301 1015 1346 1084 qui
1367 1013 1440 1076 dioit,

119 1091 226 1144 duabus
252 1092 406 1146 aestatibus
426 1094 626 1163 Vespasianum
645 1095 779 1148 Judaeum
805 1112 911 1150 omnem
935 1095 1078 1166 subegisse
1103 1101 1224 1163 excepta
1235 1083 1440 1163 ¹Hierosolyma

119 1171 248 1250 Prexiuro
271 1187 343 1243 anno
364 1169 508 1242 quievisse,
529 1181 559 1228 et
579 1181 677 1246 quarto
698 1173 787 1228 Titum
806 1174 1024 1244 Hierosolymam
1045 1191 1231 1244 expugnasse.
1262 1173 1375 1228 Videbis
1389 1173 1442 1236 hio,

119 1265 155 1303 an
173 1250 263 1320 possis
284 1251 356 1305 inter
376 1253 445 1307 duas
465 1259 587 1308 aestates
608 1253 750 1308 continuas
771 1270 871 1334 ιιιιιιιιιιι
892 1255 990 1325 quietis
1011 1253 1149 1309 infindere.

208 1351 389 1434 Epistola
410 1353 499 1419 XIII.
526 1337 608 1443 doh.
632 1353 819 1440 Keplerus
842 1355 959 1420 Setho
983 1354 1154 1421 Calvisio
1178 1354 1209 1421 S.

209 1457 314 1523 Taciti
342 1458 448 1524 locum
474 1463 542 1545 jam
571 1460 695 1546 pridem
724 1477 841 1544 magna
870 1481 945 1526 cum
978 1460 1177 1526 solicitudine
1212 1457 1443 1544 expenderem:

120 1544 248 1611 omnino
270 1547 355 1620 euim
376 1548 545 1626 videbatur
573 1550 649 1615 mihi
676 1549 848 1616 masmari.
887 1551 1002 1632 Itaque
1030 1549 1216 1628 deliberavi,
1239 1569 1317 1612 num
1339 1553 1446 1612 cetera

120 1633 228 1698 omnia
251 1643 449 1718 argumenta,
472 1659 556 1723 quae
577 1645 748 1719 testantur,
771 1639 897 1704 initium
918 1638 992 1703 belli
1012 1637 1137 1703 Iudaici
1160 1638 1276 1704 eadere
1294 1638 1327 1701 in
1342 1636 1443 1702 Julia-

121 1743 199 1786 num
228 1729 307 1804 110,
331 1725 458 1791 dissolui
479 1735 626 1810 possent,
649 1729 939 1812 ut'Vespasianum
961 1727 1074 1792 Tacito
1094 1726 1299 1792 concederem
1320 1724 1446 1790 duobus

120 1811 195 1878 solis
217 1817 296 1877 ante
316 1835 437 1878 annum
459 1815 534 1881 belli
556 1817 653 1882 civilis
668 1818 700 1882 in
715 1815 839 1883 Judaea
859 1817 966 1882 fuisse.
1000 1818 1048 1882 Aa
1069 1835 1142 1881 cum
1165 1837 1228 1880 non
1251 1813 1450 1892 succederet,

121 1899 201 1966 redii
222 1900 267 1966 ad
290 1901 435 1968 Tacitum
450 1905 690 1988 apparuitque,
713 1906 741 1969 si
762 1911 850 1970 recte
871 1905 1123 1990 perpendamus,
1146 1903 1236 1996 illum
1258 1903 1299 1967 de
1321 1903 1444 1986 Vespa·

120 1991 213 2056 siano
235 1989 309 2056 falsi
330 1991 408 2056 nihil
431 1992 547 2066 dixisse
569 2014 674 2076 neque
697 2015 718 2058 a
739 2015 772 2058 se
794 1995 862 2077 ipso
890 1993 1068 2059 dissentire.
1114 1993 1198 2057 Nam
1219 1991 1347 2058 Juliano
1374 1996 1446 2054 110.

120 2079 220 2144 refert
243 2080 432 2162 Vespasiani
454 2083 646 2164 periculum,
667 2082 756 2165 quod
777 2083 824 2146 ait
845 2082 937 2147 illum
958 2103 1032 2147 mox
1060 2083 1174 2168 majori
1199 2081 1266 2146 sato
1289 2079 1446 2162 adtigisse,

120 2167 244 2232 seilicet
265 2187 351 2234 anno
373 2174 445 2250 111,
468 2171 597 2256 quaudo
619 2171 725 2236 Cestio
748 2171 818 2252 (qui
839 2171 947 2236 taedio
969 2191 1012 2235 an
1034 2171 1101 2236 fato
1124 2169 1298 2250 occiderat)
1323 2169 1443 2249 Vespa-

120 2257 232 2321 sianus
254 2258 454 2338 successerit,
476 2279 541 2322 non
564 2259 676 2344 Syriae
697 2265 826 2324 tantum
848 2256 1058 2346 praeseslnec
1075 2259 1202 2324 Iudaici
1222 2265 1351 2323 tantum
1373 2255 1448 2320 belli

121 2345 200 2424 dus,
223 2344 280 2410 sed
295 2346 396 2411 totius
413 2347 545 2412 orientis
569 2348 717 2413 commoti
738 2349 924 2413 moderator
944 2347 1081 2414 iuturus.
1117 2350 1164 2414 Ex
1180 2367 1216 2412 eo
1232 2345 1448 2430 Vespasianus

120 2455 183 2516 per
205 2455 328 2498 anuum
355 2439 426 2505 111.
449 2442 481 2501 et
507 2442 578 2503 113.
602 2443 719 2502 cuncta
741 2433 929 2522 camporum
951 2453 1123 2519 omnesque
1145 2441 1274 2519 praeter
1295 2435 1445 2499 Hieroso·

119 2522 212 2606 tyna
231 2521 329 2592 urbes
351 2521 500 2604 obtinuit,
523 2544 607 2591 anno
628 2531 801 2592 vero-112.
827 2525 962 2608 quierit:
990 2525 1062 2590 hnic
1084 2546 1148 2589 non
1169 2529 1337 2607 repugnat,
1360 2521 1448 2606 quod

118 2612 208 2676 idem
231 2611 364 2676 Tacitus
385 2613 441 2692 ait,
464 2614 543 2678 haec
565 2613 607 2679 ab
623 2613 686 2678 ¹illo
707 2635 775 2679 esse
796 2619 888 2698 gesta
909 2615 995 2679 intra
1018 2613 1099 2678 [liras
1121 2619 1274 2692 aestates,
1301 2611 1449 2693 intelligit

120 2702 209 2764 enim
233 2705 375 2765 aestates
402 2706 474 2767 111.
490 2707 524 2766 et
545 2707 618 2768 113.
657 2703 739 2768 Nam
762 2702 894 2782 sciebat,
917 2701 1008 2768 illum
1029 2707 1153 2768 aestate
1174 2703 1250 2768 anni
1274 2705 1345 2766 112.
1369 2700 1448 2764 nihil

120 2791 236 2870 egisse.
283 2788 316 2853 Si
338 2789 398 2856 hoo
420 2790 482 2856 tibi
508 2791 626 2856 durum
653 2791 789 2873 videtur,
817 2811 875 2874 age
896 2791 1066 2856 dissolvam
1088 2791 1312 2856 auctoritatem
1334 2789 1446 2866 Taciti,

119 2883 158 2941 ut
191 2876 360 2960 quondam
389 2877 571 2944 Alexander
607 2879 727 2946 nodum
758 2881 913 2946 Gordium
946 2879 1062 2960 gladio.
1119 2880 1248 2944 Tacitus
1278 2880 1362 2943 euim
1392 2899 1448 2959 per

116 2973 265 3032 aetatem
284 2965 474 3052 Vespasiani
495 2969 585 3034 initia
606 2989 794 3050 cognoscere
817 2991 881 3034 non
901 2969 1008 3052 potuit
1028 2987 1192 3051 praesens,
1213 2973 1252 3031 ut
1267 2968 1318 3030 cni
1333 2965 1449 3044 Galba,

118 3055 219 3135 Otho,
243 3054 390 3122 Vitellius
413 3077 493 3140 pene
515 3057 676 3140 incogniti.
710 3057 857 3140 Dignitas
872 3078 893 3121 a
907 3057 1106 3141 Vespasiano
1127 3055 1266 3140 primum
1286 3055 1449 3134 inchoata,

116 3151 204 3226 puta
227 3143 348 3208 ultiniis
370 3145 559 3229 Vespasiani
581 3147 684 3224 annis,
706 3167 727 3212 a
749 3147 820 3212 Tito
843 3145 971 3210 demum
998 3151 1107 3210 ancta.
1153 3143 1330 3210 Historiam
1350 3145 1449 3228 igitur

114 3232 315 3318 conscripsit
336 3239 396 3298 aut
411 3253 449 3298 ex
464 3233 587 3300 diurnis
608 3234 721 3318 populi
735 3236 872 3300 Romani
888 3239 946 3299 aut
960 3255 999 3298 ex
1021 3231 1229 3299 relationibus
1252 3233 1449 3315 praesidum.

113 3321 316 3392 Absentiam
335 3341 408 3386 vero
430 3323 613 3404 praesidum
628 3343 679 3388 res
694 3329 803 3405 gestae
817 3345 881 3388 non
896 3324 943 3387 ita
957 3322 1128 3388 veniebant
1142 3324 1174 3386 in
1189 3322 1307 3387 diurna
1322 3321 1450 3405 populi;

113 3410 307 3476 referebant
333 3411 417 3494 enim
444 3410 467 3474 ii
493 3411 535 3476 ad
563 3413 737 3495 principem
765 3417 797 3476 et
824 3411 1042 3496 Vespasianus
1068 3416 1145 3476 tunc
1172 3409 1214 3474 ad
1236 3411 1394 3476 Neronem
1414 3411 1450 3492 in

113 3501 247 3565 Amaia
273 3505 464 3564 versantem.
509 3501 537 3565 Α
558 3501 758 3583 Vespasiano
786 3521 861 3566 vero
884 3500 1015 3565 Tacitus
1043 3498 1138 3582 plura
1164 3519 1261 3582 super
1282 3500 1343 3565 hoc
1365 3499 1450 3565 bello

111 3595 209 3670 gesto
234 3608 302 3653 non
324 3587 447 3669 didicit,
476 3609 575 3672 quam
602 3593 758 3671 quantum
777 3587 933 3653 »Nicolaus
955 3589 1174 3654 Damascenus
1203 3593 1262 3652 aut
1290 3596 1449 3672 quantum

111 3677 286 3760 Iosephus
308 3676 446 3758 scripsit,
469 3681 560 3762 cujus
582 3675 735 3742 historiae
756 3676 972 3760 Vespasianus
994 3675 1158 3768 publicam
1179 3675 1277 3741 fidem
1298 3677 1447 3742 concilia·

110 3772 222 3832 verat.
258 3764 409 3830 Tacitum
431 3786 505 3830 vero
527 3765 644 3847 legisse
665 3763 765 3830 libros
781 3764 910 3850 Josephi
925 3765 965 3830 de
980 3764 1071 3830 Bello
1085 3761 1220 3831 Iudaico¹
1242 3771 1274 3830 et
1288 3766 1449 3832 imitatum

111 3875 198 3936 esse,
224 3859 321 3940 petet
342 3853 426 3933 inde,
449 3853 537 3938 quod
559 3853 634 3918 libri
652 3853 710 3919 111.
734 3854 838 3937 capite
853 3859 911 3926 18.
934 3875 973 3919 ex
994 3853 1133 3938 Josepho
1155 3854 1195 3918 ds
1213 3855 1395 3938 Asphaltite
1417 3861 1451 3918 et

110 3941 323 4011 Sodomitica
337 3947 426 4008 terra
440 3963 522 4026 pene
537 3941 728 4007 adverbum
741 3942 776 4006 in
790 3941 925 4008 eundem
938 3943 1091 4008 historiae
1102 3942 1205 4008 locum
1216 3944 1449 4028 transscripsit,

109 4055 180 4099 non
214 4037 358 4114 urgente
386 4029 541 4096 historiae
575 4029 777 4098 necessitate.
828 4032 909 4097 Gum
939 4038 1048 4096 aretem
1077 4031 1128 4098 hic
1157 4032 1287 4122 Josephi
1315 4031 1451 4098 historia

108 4121 222 4207 paulo
249 4119 414 4186 couhrsius
435 4121 479 4185 sit
499 4120 636 4203 scripta,
664 4120 710 4184 sio
732 4125 769 4184 nt
791 4119 868 4184 anni
894 4125 970 4200 112,
998 4141 1063 4204 quo
1085 4121 1300 4204 Vespasianus
1323 4120 1451 4203 quievit,

108 4212 236 4276 tenuia
256 4207 434 4274 &modum
453 4214 581 4274 exstem
599 4207 740 4292 vestigia,
764 4207 843 4291 quid
858 4208 984 4289 mhum,
1008 4208 1036 4272 si
1051 4209 1189 4288 Tacitus,
1212 4209 1309 4274 rebus
1331 4207 1451 4272 urbicis
1532 4239 1538 4245 ·

79 4323 87 4334 ·
108 4301 273 4366 intentus
298 4297 507 4380 potissimum,
531 4297 565 4361 in
586 4297 647 4361 hoc
667 4295 753 4361 bello
775 4297 962 4381 provinciali
984 4299 1147 4362 cursorius
1174 4298 1300 4363 lectioni
1321 4295 1451 4377 Josephi

107 4390 251 4456 irinirrus
264 4385 349 4450 duas
366 4391 506 4450 aestates
523 4386 706 4469 conceperit
722 4385 806 4463 belli,
824 4405 909 4468 quae
921 4391 989 4450 tres
1005 4391 1107 4461 erant,
1124 4387 1231 4450 media
1242 4407 1299 4468 per
1311 4385 1451 4467 quietem

108 4477 266 4546 Romani
278 4475 438 4542 exercitus
449 4493 572 4558 perque
582 4474 754 4540 intestinas
764 4475 1084 4560 Hierosolymitarum
1092 4476 1264 4540 seditiones
1276 4479 1450 4537 transacta.

196 4657 227 4722 ⁴)
261 4657 322 4720 Ais,
343 4659 377 4710 de
398 4643 666 4712 effodiendo'isthmo
688 4673 730 4711 me
751 4655 817 4712 nibil
839 4675 939 4729 agere;
962 4659 997 4712 nil
1019 4658 1126 4711 miratur
1155 4657 1190 4709 nil
1213 4657 1269 4725 egit
1292 4655 1349 4723 ipse
1369 4655 1451 4714 Nero,
1506 4699 1509 4704 .

109 4752 138 4798 ut
164 4744 231 4812 ipse
256 4736 432 4806 subjunxisti.

196 4835 290 4888 septen
306 4837 371 4884 ttpers
386 4833 419 4874 lV.
1051 4865 1055 4876 ,
1208 4829 1242 4880 26
1262 4893 1265 4902 Ι
