3310 5538
485 245 489 252 Ι
571 285 688 338 derebus
700 285 885 356 chronologicis.
947 305 950 314 ·
1308 363 1313 378 ι
1356 265 1398 334 69

67 431 143 490 antu
152 423 330 492 Salomonis
346 427 501 502 felicitate,
517 427 667 508 sapientia
682 434 715 490 et
729 429 886 512 diligentia
907 419 1004 496 facilis
1024 430 1161 493 collecta.
1185 429 1293 510 Itaque
1308 429 1397 494 valde

68 515 231 592 favorabile,
247 525 286 580 ut
301 536 461 599 sequamur
476 517 627 598 integram
643 536 796 594 summanr,
816 520 985 584 conciliatis
997 519 1148 600 judicibus
1157 524 1308 600 quantum
1322 537 1396 598 pos·

67 606 142 692 sibile
157 611 215 668 555
243 607 400 688 Jephtbas
417 615 519 670 551555
533 625 581 670 me
596 608 722 673 multum
738 610 903 673 confirmat.
939 609 982 672 Et
996 610 1109 672 mansit
1124 608 1275 671 successio
1292 626 1397 670 sacer·

66 696 157 760 dotum
179 701 213 758 et
234 697 378 777 aliqualis
401 695 560 777 disciplina
574 697 680 759 harum
695 717 801 764 rerum.
838 699 937 762 Erant
951 699 1091 778 longaevi
1108 698 1295 770 sacerdotes,
1318 696 1399 777 qnod

65 784 205 866 peculiare
227 786 330 850 tribue
349 785 430 850 illius
451 785 628 850 beneficium
649 787 733 850 Deus
748 789 797 852 Eli
819 789 950 854 familiae
972 788 1093 862 adimit,
1113 805 1229 868 poenae
1249 785 1397 848 maximae

65 875 130 936 loco.
159 872 301 953 Objicias
318 881 420 938 antem
435 876 651 955 computationi
666 877 736 940 huic
749 878 876 944 Paulum
891 879 962 942 Act
981 878 1035 952 13,
1053 878 1105 959 qui
1120 895 1175 957 pro
1191 877 1233 938 20
1250 894 1339 940 arcae
1355 874 1398 938 48

67 963 135 1026 lacit.
168 964 252 1027 Nem
269 964 328 1027 hoc
343 965 537 1028 fundamento
558 984 661 1028 omnes
677 967 853 1031 innituntur.
872 966 1085 1047 'Respondem
1109 967 1223 1028 Lucam
1243 965 1304 1028 ista
1320 964 1397 1027 scri-

66 1053 133 1126 bere,
149 1059 181 1114 et
194 1060 232 1116 ut
248 1054 356 1118 demus
372 1073 410 1116 ex
426 1073 477 1118 ore
492 1054 589 1129 Pauli,
604 1061 706 1118 tamen
723 1057 858 1120 sitverba
874 1075 1033 1138 sequamur
1049 1057 1165 1129 stricte,
1184 1061 1290 1117 contra
1304 1053 1398 1116 libros

65 1141 169 1222 Regum
184 1142 355 1212 iaciemus„
372 1144 498 1207 Diserte
514 1144 593 1206 enim
609 1144 665 1208 soli
681 1144 767 1210 Sauli
782 1147 825 1209 40
841 1166 937 1210 55555
954 1147 1015 1209 555.
1048 1143 1179 1225 Opinon,
1202 1145 1314 1206 factam
1330 1162 1398 1205 esse

66 1233 334 1312 transpositionem
371 1233 511 1298 Meminit
531 1231 634 1296 Saulis
657 1242 690 1297 et
710 1236 846 1298 Davidis
884 1234 959 1298 Saul
984 1235 1066 1298 nulla
1088 1233 1181 1296 habet
1203 1241 1342 1312 tempora
1367 1232 1398 1294 in

66 1321 137 1384 libris
145 1319 277 1402 Regum,
294 1322 438 1386 atDavid
452 1323 547 1386 habet
561 1321 604 1386 40
620 1341 724 1386 55555.
750 1322 810 1396 Qui
824 1331 931 1406 posset
945 1324 1051 1387 malins
1066 1342 1157 1385 nosse
1172 1322 1294 1396 Paulus,
1309 1339 1399 1401 quam

67 1419 105 1472 eet
118 1419 300 1474 5555555515
316 1411 503 1493 antiquitus?
522 1411 607 1480 Idem
621 1414 770 1496 utrimque
780 1414 904 1496 spiritus
914 1415 979 1490 init,
996 1415 1021 1477 51
1036 1414 1146 1476 1515555
1161 1411 1305 1474 articulus
1321 1409 1400 1484 fidei,

66 1508 93 1562 ut
104 1500 177 1562 baec
192 1519 314 1564 summa
329 1501 470 1576 sciretur,
493 1521 546 1567 cur
559 1503 610 1565 ille
627 1523 686 1567 non
706 1504 777 1567 olim
793 1505 940 1567 dictavit?
969 1503 1061 1568 Alter
1079 1520 1151 1564 vero
1172 1519 1313 1563 numerus
1334 1499 1399 1562 350

67 1585 116 1669 (515
130 1597 305 1665 correctus,
327 1591 373 1654 uti
395 1591 514 1654 omniuo
537 1611 575 1656 ex
591 1593 811 1674 exemplaribus
834 1594 1029 1675 corrigendus
1046 1586 1110 1672 est)
1133 1590 1332 1672 pulcherrime
1351 1607 1416 1680 me·

66 1679 221 1742 55515555
254 1681 337 1744 Natu
353 1701 372 1742 a
387 1680 513 1760 depulsa
533 1682 680 1744 servitute
697 1682 878 1759 chaldaica,
899 1703 955 1765 quo
977 1682 1108 1746 facinore
1125 1680 1238 1761 primus
1255 1677 1399 1742 Othoniel

63 1767 160 1850 judicis
174 1769 362 1850 dignitatem
378 1771 508 1852 adeptus
523 1779 580 1845 est,
596 1771 635 1834 ad
651 1791 752 1835 arcam
768 1780 899 1854 captam,
914 1791 1037 1836 numero
1048 1771 1112 1835 358
1123 1790 1226 1833 annos.
1251 1765 1400 1831 Distribui
1439 1837 1443 1845 ¹

66 1865 154 1920 sutem
173 1857 194 1921 4
217 1859 271 1921 vel
294 1857 427 1922 555555
448 1860 534 1922 inter
548 1879 687 1924 numeros
709 1881 869 1938 annorum,
897 1883 971 1946 quos
993 1866 1066 1944 puto
1088 1881 1143 1942 pro
1165 1858 1318 1922 mensibus
1340 1877 1401 1922 uon

67 1947 218 2012 numeratis
236 1949 453 2012 accensendos.
489 1950 535 2014 At
555 1950 580 2012 si
600 1952 668 2032 quis
689 1952 785 2028 dicat,
808 1971 900 2033 saepe
921 1952 1013 2014 etiam
1027 1953 1148 2033 plenum
1169 1967 1279 2011 annum
1293 1962 1399 2010 nume-

68 2044 165 2112 ratum,
186 2037 238 2101 cui
254 2037 372 2120 aliquot
386 2057 506 2102 menses
522 2039 685 2116 defuerint,
707 2049 774 2105 esto
792 2061 880 2117 sane;
905 2043 1043 2104 demendi
1058 2041 1150 2121 igitur
1170 2039 1268 2102 adhuc
1284 2036 1304 2099 5
1321 2036 1400 2110 anni,

68 2134 198 2209 eruntque
215 2127 284 2192 353
295 2128 367 2190 5551
376 2127 511 2208 judicum
524 2149 619 2210 usqne
635 2127 674 2192 55
685 2129 864 2194 Samuelem.
896 2130 951 2194 Sin
966 2139 1068 2194 antem
1083 2131 1166 2211 prins
1181 2129 1266 2190 Dens
1280 2126 1400 2188 locutus

68 2223 108 2278 est
121 2215 256 2280 Samueli
273 2235 363 2300 quam
378 2215 427 2280 Eli
442 2227 621 2294 moreretur,
645 2221 724 2301 quod
744 2222 864 2284 omnino
887 2222 914 2283 1.
931 2220 1006 2283 Sam
1025 2221 1054 2284 3.
1071 2226 1103 2281 55
1117 2219 1147 2280 4.
1166 2219 1287 2279 videtur
1301 2214 1398 2277 innui:

68 2325 114 2386 age
129 2327 218 2382 sane,
243 2306 397 2369 addantur
411 2306 476 2370 350
499 2308 538 2371 55
553 2303 596 2371 47
613 2309 781 2386 divisionis,
805 2329 920 2374 summa
936 2304 1000 2373 397
1020 2309 1128 2371 incidit
1147 2307 1178 2368 in
1193 2313 1321 2368 mortem
1337 2305 1399 2366 fere

69 2395 211 2460 Simeonis.
249 2393 398 2466 Quamvis
420 2396 533 2459 Paulus
555 2397 617 2471 alia
638 2400 742 2478 procul
765 2401 854 2462 dubio
877 2399 1102 2482 computatione
1125 2397 1248 2459 nitatur.
1285 2395 1400 2456 Nema

68 2484 122 2547 480
135 2485 291 2548 subtrahit
306 2485 349 2548 40
365 2485 494 2562 deserti,
516 2487 559 2550 40
578 2487 722 2563 Davidis,
745 2483 804 2568 3¹),
830 2488 1016 2563 Salomonis,
1040 2481 1100 2570 6¹l,
1128 2483 1284 2548 divisionis
1305 2481 1399 2544 5540

69 2572 156 2638 Saulis
178 2569 274 2658 (quoe
296 2575 341 2637 sic
362 2575 532 2657 suspicatur
552 2578 591 2639 ad
614 2577 837 2641 similitudinem
857 2579 989 2660 priorum
1011 2578 1060 2639 Eli
1082 2577 1125 2639 40
1148 2581 1181 2636 et
1192 2572 1401 2654 posteriorum

68 2663 182 2728 Doridis
197 2658 272 2745 40).
294 2665 377 2728 Nam
391 2666 539 2728 subtracti
549 2667 580 2728 bi
590 2685 694 2730 omnes
709 2668 882 2750 relinquunt
891 2667 964 2744 350,
980 2685 1096 2730 summa
1110 2663 1208 2727 1551115
1218 2667 1402 2742 computato,

71 2773 128 2834 ergo
149 2753 334 2818 edivisione
354 2753 502 2817 adfinem
521 2755 571 2818 Eli
592 2765 739 2820 numeret.
777 2756 994 2820 Genebrardns
1017 2757 1087 2818 olim
1107 2751 1181 2816 mihi
1200 2751 1330 2834 placuit,
1352 2749 1402 2830 qni

69 2844 179 2924 phrasin
198 2850 254 2922 ,et
267 2843 384 2926 quievit
398 2843 516 2920 terra“,
538 2846 657 2929 quoties
674 2847 816 2922 occurrit,
840 2847 931 2909 sumit
951 2847 988 2908 de
1009 2845 1167 2908 duratione
1189 2849 1221 2904 ct
1240 2841 1401 2924 continua-

70 2934 140 2995 tione
154 2934 311 3016 temporis.
342 2933 452 2996 Primis
467 2934 561 3016 igitur
579 2935 623 2998 40
639 2937 725 2999 55515
741 2937 768 2999 J.
785 2937 819 3012 3,
839 2937 875 2999 ll
894 2936 1022 2999 includit
1037 2931 1058 3000 7
1075 2933 1244 3006 divisionis,
1266 2929 1287 2993 8
1304 2927 1401 2992 servi-

70 3025 133 3085 tutis
148 3033 180 3086 et
194 3025 314 3087 hiatum
330 3043 349 3085 5
363 3029 461 3086 morte
469 3023 592 3087 Joeuae.
623 3024 676 3088 Sic
693 3025 733 3088 18
750 3026 900 3089 55555555
917 3026 1074 3089 servitutis
1089 3023 1217 3086 includit
1231 3021 1274 3084 80
1284 3018 1403 3101 quietis,
1455 3047 1459 3058 ·

71 3115 146 3175 5520
161 3113 275 3178 tertiae
291 3112 449 3176 servitutis
473 3114 680 3195 complectitur
703 3115 757 3178 sub
780 3115 949 3197 4055515515
966 3117 1024 3180 snb
1035 3115 1171 3188 Debora,
1193 3118 1225 3174 55
1240 3105 1260 3173 'l
1277 3114 1402 3191 quartae
1519 3115 1520 3122 ’

72 3203 213 3267 servitutis
230 3203 286 3265 551)
302 3201 346 3265 40
363 3199 556 3268 Gedeonicae
573 3205 691 3285 quietis.
721 3205 768 3272 At
785 3205 825 3268 18
842 3207 964 3288 quintae
982 3203 1138 3268 servitutis
1156 3195 1198 3282 (J.
1217 3192 1319 3280 158)
1337 3214 1403 3258 om-

71 3292 128 3356 nino
143 3298 299 3367 numerat,
323 3291 393 3376 quia
409 3293 615 3357 disertissimis
637 3293 739 3358 verbis
761 3295 958 3376 excipiuntur.
994 3295 1070 3357 Inde
1093 3299 1128 3356 ut
1149 3291 1244 3354 ceteri
1266 3292 1405 3350 numerat

73 3383 106 3444 20
120 3382 286 3456 Samsonie,
301 3381 345 3444 40
359 3382 594 3447 Philistaeorum
610 3385 745 3459 seorsim,
759 3385 833 3447 item
846 3385 891 3448 40
906 3384 964 3460 Eli,
979 3383 1022 3446 40
1039 3380 1190 3446 Samuelis
1206 3387 1238 3440 et
1253 3374 1404 3440 4011551-

73 3471 118 3532 515
144 3472 249 3535 115555
265 3489 365 3533 meam
380 3471 417 3533 de
428 3471 580 3552 judicibus
597 3473 774 3558 etquidem,
798 3475 824 3536 si
837 3475 884 3538 ita
898 3475 1015 3556 placet,
1039 3471 1189 3554 geminam
1211 3465 1403 3530 sententiam.

72 3559 183 3624 Utinam
197 3579 259 3624 non
274 3561 343 3642 5155
359 3560 431 3623 mibi
446 3563 560 3643 negotii
576 3562 733 3628 facessant
752 3563 846 3628 verba
866 3563 919 3627 1115
938 3563 1036 3626 Exod.
1054 3563 1103 3624 12.
1123 3560 1154 3624 in
1174 3577 1290 3622 summa
1305 3554 1405 3618 altera

74 3649 127 3712 430
142 3669 298 3733 annorum,
313 3672 333 3714 a
348 3650 455 3734 quibus
471 3670 527 3732 ego
544 3646 620 3733 (etsi
634 3654 762 3718 Paulum
778 3647 901 3735 sequor)
919 3653 1039 3734 quoties
1054 3651 1196 3732 impingo,
1211 3648 1309 3709 instar
1322 3643 1404 3723 lapi-

75 3739 111 3802 515
125 3741 234 3816 resilio,
250 3741 298 3802 ita
314 3741 457 3804 offendor.
487 3741 614 3805 Adeone
631 3744 695 3805 eine
713 3763 784 3806 cura
798 3745 906 3806 Mosen
922 3743 1013 3824 loqui,
1029 3763 1048 3803 a
1063 3741 1147 3820 cujus
1162 3738 1220 3800 lide
1237 3743 1305 3798 tota
1321 3751 1405 3796 com·-

74 3832 186 3912 putaudi
202 3831 283 3894 ratio
300 3836 334 3892 55
350 3849 466 3906 omnes,
487 3849 563 3912 quae
580 3832 611 3894 in
626 3831 708 3895 illum
723 3832 822 3895 locum
843 3839 1036 3914 torquentur,
1057 3828 1243 3910 objectiones
1263 3822 1406 3906 pendent,

75 3920 168 4002 quique
183 3921 214 3983 in
232 3919 346 3982 ceteris
362 3919 499 3982 omnibus
515 3927 580 3984 tam
593 3921 652 3986 1515
668 3921 816 4004 diligens?
846 3921 889 3984 Et
905 3929 1008 3984 tamen
1027 3921 1059 3982 in
1073 3925 1194 4000 promtu
1212 3913 1311 3996 habeo
1329 3911 1406 3974 55515

76 4027 170 4090 graves
186 4009 385 4092 objectiones.
421 4007 591 4074 Lenissima
613 4011 665 4073 illa
679 4011 826 4074 Paulinae
848 4009 1126 4092 interpretationis,
1148 4028 1166 4069 a
1188 4025 1247 4088 qua
1263 4003 1351 4067 facile
1367 3999 1407 4063 ad

77 4107 202 4179 apertum
218 4099 309 4162 exodi
333 4116 454 4161 sensnm
475 4099 642 4162 deficerem.
674 4097 738 4163 Sed
752 4101 861 4163 Mosen
876 4101 963 4162 Mose
987 4099 1119 4161 refutare
1139 4097 1189 4158 vel
1210 4088 1407 4173 interpretari

77 4189 154 4252 soleo.
184 4189 288 4254 (laath
305 4189 385 4251 enim
400 4194 490 4250 natus
507 4189 601 4251 estin
618 4189 739 4265 Canae,
762 4191 826 4271 ejus
841 4191 919 4251 lilius
933 4188 1061 4252 Amram
1075 4189 1184 4249 Mosen
1206 4183 1311 4265 genuit
1326 4197 1405 4242 anno

77 4275 111 4339 80
129 4287 197 4342 5555
221 4280 345 4342 exitum.
390 4278 438 4341 At
457 4277 513 4340 Em
536 4276 565 4342 6.
589 4278 629 4342 16
650 4279 763 4342 moduli
785 4285 921 4342 aetatum
937 4275 1049 4341 Canthi
1074 4277 1151 4351 133,
1173 4272 1310 4337 Amrami
1334 4261 1404 4330 13⁷.

79 4365 266 4432 8511555555
282 4367 396 4431 5155155
410 4367 568 4444 vixerunt3
593 4377 627 4430 at
642 4375 718 4444 esto,
734 4375 769 4430 55
784 4369 876 4431 etiam
890 4369 947 4430 hoc
963 4387 1042 4430 anno
1058 4365 1233 4447 genuerint,
1256 4362 1298 4424 sit
1313 4357 1406 4420 etiam

79 4455 167 4521 cath
188 4458 333 4540 5555155
349 4456 479 4520 triennio
502 4466 592 4520 natus
616 4467 687 4521 ante
711 4459 889 4520 descensum
904 4458 934 4519 in
950 4457 1134 4538 Aegyptum.
1172 4452 1271 4515 Multa
1286 4445 1406 4546 largior:

78 4545 145 4610 Nam
159 4549 214 4612 fuit
227 4555 320 4630 pater
336 4545 449 4612 caathi
463 4547 539 4610 Levi
556 4567 701 4610 annorum
715 4547 758 4610 43
773 4547 803 4610 15
821 4547 981 4622 descensu,
1001 4546 1102 4627 potuit
1116 4544 1208 4624 igitur
1224 4538 1337 4608 Gaatlu,
1358 4552 1408 4636 qul

79 4637 181 4701 medius
195 4645 269 4701 natu
285 4645 344 4714 eet,
364 4638 456 4700 151555
473 4638 515 4700 20
526 4657 679 4713 annorum,
696 4636 739 4700 sic
748 4642 783 4699 nt
798 4636 936 4718 genuerit
944 4635 1021 4697 Levi
1037 4634 1132 4696 andos
1149 4638 1239 4694 natus
1256 4627 1306 4698 23,
1323 4641 1407 4702 cqlue

81 4725 164 4790 irater
176 4727 256 4791 Jnda
271 4728 396 4810 ejusque
411 4725 489 4790 lilius
505 4724 570 4790 Ger
585 4735 617 4790 et
632 4725 722 4791 0555
739 4733 828 4809 atque
837 4727 955 4792 Pherez
970 4730 1139 4805 genuerunt
1155 4736 1249 4783 annos
1264 4731 1325 4776 non
1338 4711 1408 4792 plue

83 4813 113 4881 13
126 4818 207 4895 5551,
229 4817 255 4880 51
268 4809 398 4882 Phereni
413 4816 491 4881 lilius
505 4817 626 4881 Hesrou
641 4823 734 4881 natus
750 4817 845 4880 estin
861 4815 987 4882 (155555
992 4833 1003 4892 3
1027 4813 1074 4876 sin
1093 4817 1196 4876 autem
1210 4809 1406 4869 numerantur
