3400 5538
686 251 767 302 stas
785 251 899 302 suess.
1383 257 1445 320 tal

133 429 186 482 det
203 427 298 480 auden
316 429 388 480 mehr
405 429 554 496 geprdndet,
572 428 653 480 ιιιιιι
670 431 717 495 nsit
734 431 779 479 der
790 429 847 478 Zeit
864 431 957 478 rreiter.
983 428 1069 480 lltcbt
1086 429 1146 480 aber
1163 430 1228 481 vobl
1240 433 1343 490 crisma,
1361 434 1392 482 ob
1411 435 1449 486 nlt

134 503 242 554 exdatis
255 501 329 563 buius
343 502 434 550 calculi
443 508 470 551 et
477 501 608 558 similibus,
625 501 820 550 vauwneurlich
829 502 910 564 ipsum
922 501 974 550 lere
985 507 1097 550 centrum
1108 501 1192 550 Lunae
1203 501 1372 554 sub‘centmm
1382 503 1447 556 Solis

134 573 319 624 &metaliter
336 572 403 622 subit
420 567 469 632 (uti
487 573 551 622 aliua
569 573 680 622 calculus
699 574 725 620 in
737 571 784 620 lrac
802 572 890 634 eclipsi
908 568 1052 634 concludit),
1071 570 1115 620 des
1127 573 1250 635 Tychonis
1262 559 1447 626 dbserrationes

136 643 330 701 demonstrireu,
356 643 421 707 quod
438 651 496 692 tunc
514 643 569 692 sola
584 641 705 690 medietas
724 641 789 692 Solis
812 640 955 691 obscuretur
974 649 1000 690 et
1018 643 1178 692 circumcirca
1194 645 1221 692 in
1240 643 1297 693 orbe
1317 645 1381 694 Solis
1399 648 1447 696 cir·

137 714 211 764 culus
228 710 328 764 lucidus
346 721 421 778 atque
440 714 565 764 coloratus
582 711 697 762 distincte
716 719 832 762 comatur
850 712 959 761 undele
977 713 1073 762 solches
1086 729 1115 762 er
1129 713 1245 777 Tychonc
1259 729 1290 764 au
1306 714 1447 768 deduciren.

225 783 360 840 Daneben,
385 797 435 832 oras
460 781 515 832 dem
539 785 622 834 Herm
645 781 696 832 licb
720 783 771 832 und
794 783 950 846 angenehm,
976 791 1002 832 et
1027 784 1149 833 theoriam
1173 785 1262 834 Martis
1288 796 1448 849 expectamus

134 869 222 904 omnes
241 861 267 904 ιι
283 857 310 903 in
328 857 390 904 votis
408 853 536 903 habemns.
694 851 697 858 '

224 926 318 974 Datum
336 925 462 976 Manchen
480 926 527 976 den
546 927 588 976 24.
608 927 682 974 Mart.
704 924 778 974 1609.

224 997 273 1046 Die
291 996 334 1044 24.
353 997 419 1061 Aug.
441 997 507 1046 lotia
525 998 612 1047 scribit
629 997 787 1046 Hernartus:
805 997 901 1048 rai-iem
920 993 988 1044 illius
1007 995 1106 1058 eclipsis
1126 995 1190 1046 Solle
1208 997 1302 1047 Ῑιιιιιιι
1322 1011 1346 1047 ι.
1365 1012 1387 1047 a
1401 999 1446 1048 Cb.
1490 1045 1498 1066 ,

134 1066 172 1117 38
189 1068 268 1132 begar
294 1065 339 1116 leb
366 1069 409 1117 des
428 1067 510 1116 Herm
538 1067 662 1118 calculum
680 1068 739 1118 oder
763 1081 869 1116 examen
894 1065 982 1118 darum
1000 1067 1095 1116 femere
1113 1069 1165 1123 nit,
1190 1065 1257 1117 dana
1274 1067 1318 1117 leh
1336 1069 1447 1119 bisshero

135 1155 170 1190 aa
189 1137 339 1189 Gricssbacls
356 1137 398 1188 bei
416 1137 563 1204 Strassbnrg
581 1141 614 1188 im
628 1138 821 1189 Sanerbrunneu
838 1151 954 1202 gewesen
972 1137 1022 1185 und
1040 1139 1073 1185 im
1088 1136 1253 1186 Durchreisen
1272 1154 1303 1194 ιιι
1316 1139 1448 1204 Tllbingea

134 1224 194 1258 cunr
212 1210 346 1259 Masstlino
365 1209 510 1274 derewegen
529 1211 669 1266 corrieriert,
688 1209 753 1258 auch
767 1205 815 1258 den
833 1209 957 1256 calculum
976 1207 1117 1273 allerdings,
1126 1211 1179 1271 Just
1190 1223 1220 1258 zu
1233 1224 1294 1273 scpm
1313 1210 1446 1262 belundeu.

223 1281 279 1330 Von
297 1279 379 1330 Herm
397 1279 595 1330 Vorstenlieitser
613 1277 662 1328 hab
681 1279 721 1328 ich
740 1278 898 1336 serstanden,
917 1278 974 1327 dass
991 1279 1035 1328 der
1048 1277 1113 1328 Herr
1130 1277 1277 1337 rorhabens,
1295 1281 1361 1330 mich
1380 1281 1447 1331 alhie

134 1349 345 1407 heimansucbem
371 1350 463 1400 darem
484 1359 546 1400 wart
567 1350 611 1400 lob
633 1352 678 1400 mit
702 1365 800 1416 groster
818 1349 953 1416 Hoffnnng.
992 1351 1023 1400 So
1041 1351 1088 1399 rrie
1113 1349 1192 1407 anch,
1219 1353 1265 1400 wie
1284 1366 1310 1400 es
1336 1353 1382 1400 mit
1399 1351 1448 1401 den

134 1423 294 1472 Harmonlcis
313 1421 381 1471 stebt
397 1421 448 1470 und
465 1435 516 1494 aas
535 1421 579 1472 der
596 1421 678 1480 Hem,
696 1421 790 1472 valera
808 1420 848 1470 die
866 1421 964 1470 theoria
980 1421 1068 1470 Martis
1088 1420 1206 1469 absolrirt
1226 1423 1280 1471 selu
1298 1421 1449 1485 solitatem

134 1493 336 1544 anter-Handen
354 1507 511 1557 genommea.
530 1521 563 1530 —
581 1493 662 1542 Wenn
685 1493 742 1542 dem
761 1493 843 1542 llerm
865 1493 891 1540 in
912 1492 985 1542 rebus
1009 1492 1188 1556 chronologicis
1210 1505 1261 1542 vas
1285 1494 1398 1543 reiteres
1417 1509 1448 1543 su

135 1564 251 1642 Gemllth
265 1577 408 1630 gegangen,
425 1565 484 1614 molt
501 1563 546 1613 leb
564 1561 629 1614 uach
647 1577 724 1628 gerne
743 1563 902 1612 vernohmen.
938 1563 995 1614 Und
1012 1562 1080 1611 bleib
1098 1569 1145 1612 eta

224 1649 270 1714 48)
288 1668 313 1716 p.
333 1651 392 1702 tot.
407 1643 411 1652 ’
428 1653 553 1716 Keplems
571 1651 617 1702 hoc
637 1652 721 1702 libello
738 1654 800 1702 miro
818 1655 918 1700 tenetur
935 1652 1026 1710 studio,
1043 1650 1173 1711 translatis
1191 1653 1296 1702 nominis
1313 1653 1352 1702 sui
1370 1653 1449 1702 literis

132 1723 201 1774 sitas
218 1731 293 1787 atque
312 1723 377 1772 alias
396 1725 501 1773 nominis
522 1723 614 1774 larinas
639 1723 772 1780 referendi,
795 1725 866 1786 cujus
890 1721 990 1786 quidem
1007 1721 1083 1771 studii
1101 1723 1203 1784 majore,
1222 1737 1298 1786 quarn
1312 1723 1402 1785 ipsum,
1422 1727 1450 1774 irs

133 1802 207 1860 parte
225 1793 301 1844 tneo
320 1793 343 1844 J.
362 1793 393 1844 B.
411 1792 626 1844 Hebenstreitium
644 1793 794 1852 Ulmorum,
813 1795 837 1843 ei
855 1795 977 1852 amicum,
1000 1791 1146 1842 crediderim
1165 1787 1220 1852 (cir.
1239 1807 1264 1858 p.
1285 1788 1361 1855 173),
1390 1795 1450 1844 Pari

134 1865 208 1914 medo
226 1865 360 1930 Keplerus,
379 1871 407 1914 nt
424 1873 480 1915 arat
497 1879 584 1914 amans
603 1865 750 1930 allegoriae,
769 1867 830 1913 miro
849 1879 948 1926 prorsus
967 1866 1046 1912 utitur
1067 1865 1191 1927 prooemio
1213 1866 1340 1928 sequentis
1359 1865 1449 1915 ιιιιιιι-

134 1935 247 1993 monis,
266 1938 335 1998 cujus
354 1943 529 2000 argumentum
547 1943 586 1985 ost
603 1935 678 1992 idem,
697 1935 762 2000 quod
780 1934 861 1984 libelli
880 1935 1025 1992 ,canonum
1042 1933 1207 1991 Puerilium“,
1226 1936 1252 1982 in
1271 1949 1318 1999 quo
1331 1936 1449 1984 Antrona-

134 2009 221 2064 nriatn,
240 2001 447 2071 (ihronologiam,
467 2007 629 2071 Theologlam
648 2013 674 2055 et
692 2007 887 2056 Grarnmaticam
909 2006 1040 2070 loquentes
1057 2005 1120 2053 lacit
1137 2012 1178 2062 et,
1197 2004 1256 2069 qaid
1274 2007 1312 2054 sni
1328 2007 1391 2069 juris
1409 2009 1450 2064 sit,

134 2079 202 2127 inter
219 2091 246 2126 se
263 2079 427 2140 paciscentes,
445 2078 534 2127 deinde
556 2079 645 2127 relicta
663 2077 800 2141 allegoriae
822 2077 903 2128 forma
919 2076 1001 2125 subito
1019 2077 1110 2124 mansit
1122 2075 1155 2124 ad
1166 2074 1273 2140 frigidas
1289 2079 1449 2140 quaestiones

135 2148 324 2213 chronologicas
343 2155 370 2197 et
387 2143 571 2212 grammaticas.
607 2148 756 2197 Dissertatio
781 2155 867 2196 antem
890 2149 953 2210 ipsa,
972 2160 1047 2211 quam
1065 2147 1092 2194 in
1110 2146 1198 2196 ultimo
1220 2144 1306 2196 codice
1331 2147 1450 2198 librorum

133 2221 284 2284 scriptorum
299 2215 504 2270 Paikcriensium
522 2217 746 2283 deprehendimus,
771 2219 892 2275 eandem,
910 2231 985 2282 quatu
1003 2217 1084 2266 mults
1108 2231 1193 2266 eorum
1211 2231 1276 2280 quaa
1294 2220 1379 2268 insunt
1396 2219 1450 2267 aas

134 2289 271 2346 codicibus,
289 2291 366 2340 reiert
383 2291 487 2340 iormara
506 2297 532 2338 et
548 2291 667 2340 indolem.
691 2291 792 2340 Primae
806 2288 923 2354 pagellae
941 2289 1027 2352 plane,
1045 2289 1122 2336 ctiam
1140 2287 1217 2345 belle,
1236 2287 1347 2338 utnulla
1364 2303 1449 2340 eurem

135 2363 237 2410 dadone
256 2375 316 2424 opus
335 2367 410 2418 esset,
428 2363 535 2424 scriptae
554 2367 612 2410 snut
630 2367 763 2424 auctorque
782 2361 853 2408 initio
872 2361 957 2408 statim
980 2356 1103 2408 scribendi
1121 2359 1188 2407 iacto
1207 2357 1320 2408 libellum
1338 2361 1450 2422 protinus

135 2434 201 2496 typis
219 2431 405 2495 exprimendum
418 2431 477 2482 dare
491 2433 596 2480 coluisse
615 2431 719 2481 ridetur.
748 2431 806 2480 Mox
818 2431 919 2492 singnis
931 2429 1095 2479 emendantur
1107 2437 1229 2494 auctoque
1248 2429 1450 2479 emendationum

135 2518 239 2552 numero
258 2504 346 2552 literae
365 2503 447 2551 minus
466 2503 549 2551 clarae
568 2508 706 2559 occurrunt,
725 2502 805 2550 utrix
817 2500 957 2565 distinguas
970 2508 996 2549 et
1012 2499 1097 2563 legere
1116 2502 1210 2563 possin
1228 2507 1352 2564 postremo
1370 2507 1450 2550 totum

135 2589 197 2640 opus
215 2574 330 2623 relictum
349 2582 389 2622 est
406 2575 587 2636 imperfectum.
1155 2567 1162 2572 '

223 2645 319 2706 Majore
338 2644 517 2694 dissertationis
535 2651 606 2707 parte
624 2645 763 2708 proposita,
781 2655 829 2706 quo
847 2647 959 2704 tempore
977 2641 1011 2689 sit
1029 2643 1181 2704 conscripta,
1199 2655 1248 2690 non
1266 2641 1356 2706 magis,
1375 2654 1450 2706 qnam

134 2731 201 2782 quae
220 2715 305 2765 studia
327 2716 420 2766 inerint
443 2715 618 2780 chronologica
635 2714 688 2763 Viri
708 2713 810 2769 nobilis,
829 2727 903 2776 quern
920 2711 1056 2776 alloquitur
1073 2713 1213 2774 prooemio,
1237 2710 1372 2769 hebemus,
1391 2712 1450 2776 quid

134 2795 285 2843 statuamus,
304 2789 366 2844 nisi,
384 2785 449 2850 quod
467 2793 564 2849 tempus
582 2787 686 2842 attinet,
705 2785 867 2847 respicientes
886 2793 931 2839 sa,
950 2787 1014 2846 qnae
1033 2789 1166 2832 occurrunt
1183 2782 1215 2832 de
1233 2781 1336 2832 Tabulis
1354 2781 1449 2833 Rudol-

133 2859 227 2922 phinis‚
246 2858 367 2915 dicamus,
386 2859 549 2920 conscriptam
567 2871 622 2906 esse
642 2869 663 2906 c.
682 2868 707 2904 a.
722 2854 798 2912 1624,
816 2868 863 2918 quo
876 2853 1001 2917 Keplerut
1019 2853 1053 2902 ad
1069 2854 1245 2917 imperatorem
1266 2853 1450 2904 Ferdinandum

134 2931 166 2980 de
186 2929 295 2979 editione
314 2929 414 2978 illarum
432 2929 526 2977 retulit.

215 3019 440 3076 astronomia
464 3017 638 3088 Tyclronis
663 3018 790 3080 Brahe,
815 3015 1025 3070 Tabularum
1050 3013 1222 3084 Rudolphl
1249 3021 1371 3080 mater,

134 3098 319 3162 chronologiae
337 3089 399 3162 „qu
413 3099 512 3159 juvenis
530 3097 568 3146 do.
587 3096 713 3146 Francisci
729 3096 870 3151 Trautson,
888 3094 990 3143 comitis
1009 3091 1069 3150 dte,
1087 3093 1193 3148 Puellae
1215 3091 1303 3142 doctae
1322 3099 1350 3143 et
1366 3093 1451 3144 cultae

444 3183 493 3218 non
511 3169 601 3224 minus,
619 3181 694 3231 quam
713 3167 858 3224 industriae,
876 3165 983 3214 salutern
1001 3164 1141 3228 plurimam.

225 3259 292 3313 Cum
318 3259 345 3313 ia
365 3260 457 3313 aulam
480 3260 613 3312 venissem
633 3257 795 3313 Ferdinandi
816 3259 850 3310 lt.
876 3258 941 3324 Imp.
962 3254 1095 3336 Augusti,
1116 3254 1170 3316 Pii,
1192 3239 1303 3316 Felicis,
1324 3254 1449 3317 Victoris,

136 3342 167 3395 P.
189 3340 315 3402 Patriae,
341 3346 372 3392 ut
392 3337 566 3392 serenissimis
593 3337 651 3406 ejus
676 3337 761 3390 oculis
787 3353 878 3402 coram
902 3335 1025 3388 sisterem
1052 3336 1153 3386 loetum
1177 3351 1265 3386 nreum
1284 3335 1451 3388 Tabularum

135 3419 283 3488 Rudolphi,
299 3417 474 3488 ejusdemque
488 3418 675 3487 provident-iae
690 3424 718 3471 et
732 3415 892 3470 liberalitati
908 3415 983 3470 ilium
998 3415 1220 3472 commendarem,
1233 3411 1267 3478 ,in
1282 3429 1335 3482 quo
1356 3431 1449 3484 super·

136 3501 203 3554 stile
224 3517 278 3570 ego
298 3515 341 3552 me
361 3501 498 3570 victuram
518 3515 597 3566 spero
623 3497 769 3567 perpetim:
795 3494 951 3548 faustissimi
978 3493 1072 3548 ominis
1098 3493 1157 3546 loco
1178 3493 1243 3545 mihi
1262 3492 1316 3547 ruit
1335 3501 1451 3559 brus,‚o

136 3583 263 3642 alumna,
284 3595 423 3640 occursus,
443 3577 640 3648 plurimumque
660 3576 698 3628 l'ui
724 3577 882 3628 confirmata
902 3573 929 3626 in
949 3579 1073 3641 suscepto
1094 3588 1153 3624 meo
1174 3571 1299 3635 consilio,
1320 3575 1392 3644 quod
1412 3591 1450 3628 ex

135 3659 295 3712 securissimo
316 3665 364 3712 tuo
384 3657 502 3726 alloquio
523 3656 641 3726 percepi,
662 3665 690 3707 ιι
710 3673 763 3708 non
783 3660 889 3706 tantum
909 3669 958 3720 per
980 3653 1150 3706 illum-taum
1170 3653 1331 3706 advocotum
1346 3655 1451 3722 primae
1534 3689 1538 3701 .

134 3739 287 3793 nobilitatis
308 3737 439 3808 juvenem
463 3737 490 3790 in
516 3741 688 3805 conspectum
714 3736 858 3788 adductam
883 3750 943 3785 esse
968 3730 1167 3786 serenissimum
1191 3731 1323 3800 Principis
1348 3735 1450 3788 Domus

134 3818 308 3878 Autariatae,
328 3818 376 3872 lilii
397 3815 576 3886 Imperatorii,
597 3818 644 3868 sed
665 3814 829 3868 destinatam
849 3812 959 3881 insuper
979 3811 1014 3864 ob
1035 3809 1196 3873 doctrinam,
1217 3812 1376 3866 modestiam
1396 3811 1449 3866 vir·

135 3908 272 3976 tutusque,
292 3897 401 3952 liberali
420 3898 513 3966 puella
533 3896 640 3964 dignas,
661 3911 732 3965 quae
747 3893 872 3962 Reginae
893 3891 1066 3944 scientiarum
1084 3889 1252 3960 Theologiae
1273 3891 1449 3948 ancillareris.

134 3982 241 4034 Harum
256 3979 379 4048 equidem
395 3980 509 4031 duarum
528 3992 619 4029 rerum
634 3977 724 4028 altera
739 3975 845 4045 quidem
866 3971 1016 4026 incredibili
1031 3987 1074 4024 me
1089 3970 1191 4040 gaudio
1212 3971 1339 4040 pertudit,
1360 3973 1451 4026 altera

135 4077 186 4128 spe
200 4059 322 4114 maimo
336 4057 464 4127 implerit,
481 4065 637 4126 quantoque
652 4054 757 4124 plenius
774 4053 838 4108 illud
855 4051 948 4114 satiat,
964 4057 1040 4105 tauto
1056 4050 1218 4120 flagrantius
1233 4051 1302 4104 baec
1317 4050 1448 4104 accendit

225 4138 329 4194 Ocnim
345 4155 387 4192 ιιι
402 4137 507 4192 lelicem
523 4137 575 4188 lrac
596 4137 706 4188 alumna
721 4137 795 4188 mea!
818 4133 1011 4186 Olronoratarn
1026 4129 1206 4198 disciplinaml
1228 4131 1309 4193 Tene,
1325 4147 1342 4182 o
1358 4145 1449 4198 sagax

136 4230 166 4273 et
187 4220 292 4280 sedula,
313 4218 434 4271 cumbis
456 4217 574 4278 artibus,
596 4217 630 4268 ad
651 4231 718 4286 quas
740 4231 792 4283 ego
813 4229 973 4282 sororesque
998 4227 1076 4264 moae
1097 4227 1133 4264 ex
1154 4210 1312 4264 liberalibus
1333 4208 1448 4270 artibus,

134 4299 319 4356 arithmetica
338 4304 375 4350 et*
387 4297 585 4358 Grammatico,
611 4295 699 4364 prima
719 4294 769 4348 tibi
794 4293 971 4347 fundamenta
996 4289 1239 4358 suppeditasimus,
1267 4297 1294 4342 te
1316 4287 1401 4357 igitur
1421 4287 1449 4340 iu

135 4379 270 4448 palatium
290 4377 462 4431 scientiarum
483 4377 590 4445 regium
617 4374 762 4436 introduci,
783 4380 859 4426 tuam
879 4388 989 4440 operam
1009 4377 1089 4424 tauta
1108 4369 1266 4438 dignatione
1286 4367 1397 4431 haberi,
1417 4373 1449 4420 ut

136 4477 172 4512 ea
192 4462 227 4513 ud
249 4457 331 4526 hujus
352 4458 431 4528 regni
457 4457 571 4526 negotia
596 4461 721 4516 vocetur,
747 4461 779 4506 ut
798 4469 832 4504 ea
852 4465 904 4504 non
930 4457 1075 4519 spernatur
1096 4451 1131 4502 ab
1152 4450 1201 4503 illa
1225 4447 1449 4500 divinissimarum

135 4539 365 4594 exercitationum
384 4537 531 4606 magistra!
554 4536 576 4589 0
598 4535 694 4589 iterum
715 4540 804 4586 certas
824 4531 984 4600 minimeque
1004 4547 1090 4584 sanas
1111 4527 1298 4598 persuasiones
1319 4543 1393 4580 meas
1414 4528 1448 4580 de

136 4631 185 4673 tua
204 4617 316 4674 liberali
337 4617 425 4670 indole
446 4623 547 4686 tuaque
569 4615 595 4668 in
615 4633 657 4668 mo
677 4611 860 4682 gratitudine,
881 4611 903 4662 si
924 4611 1017 4664 iisdem
1043 4609 1145 4662 indiciis
1166 4607 1290 4677 Reginae
1312 4597 1350 4660 iili
1369 4607 1449 4660 tidem

135 4709 203 4754 tuac
224 4697 335 4752 virtutis
354 4697 457 4750 lusisti!
478 4697 546 4756 Erit,
568 4697 621 4754 crit
637 4693 739 4763 utiquo,
758 4710 809 4746 mc
824 4708 866 4744 me
882 4689 1028 4744 credulitas
1043 4689 1123 4752 fallit,
1144 4687 1189 4740 ubi
1214 4695 1252 4744 tu.
1273 4687 1449 4754 compmbata

133 4782 270 4839 fidelitate
292 4785 321 4831 ct
341 4776 474 4830 modestia
492 4783 542 4830 tua
560 4774 708 4836 Doruinae,
734 4771 854 4843 graetiam
874 4789 904 4824 es
924 4771 1068 4827 inventura
1093 4769 1163 4836 apud
1186 4765 1336 4835 Principum
1356 4765 1448 4827 illium,

1179 4860 1213 4909 :st
1225 4861 1239 4890 ι
