3400 5538
269 279 331 337 5¹1ss
376 251 379 264 ’
760 273 789 324 Ιιι
808 275 892 340 Op'era
909 275 1090 343 Chrcnuloglca

357 453 403 516 21)
423 471 446 520 p.
465 450 526 504 217.
564 453 710 504 Roeslinus:
730 453 762 502 lis
781 454 860 517 seyrrd
879 456 923 504 der
935 469 1023 506 neven
1034 458 1093 513 viel,
1112 457 1152 507 die
1162 455 1232 520 lhme
1245 455 1381 516 mummia
1393 455 1457 507 Jahr
1469 457 1591 522 mgeben,

268 525 333 575 auch
350 526 382 576 D.
402 527 560 581 Maestlinus,
578 527 625 574 nie
644 539 672 572 er
689 526 805 587 privatim
824 529 871 576 nrit
889 529 936 574 mir
953 529 1072 576 conlerirt
1090 529 1143 586 bat,
1161 527 1270 594 nelchep
1285 528 1326 577 ich
1339 528 1444 577 dammb
1456 529 1592 585 rerurelde,

266 598 323 648 sreil
348 599 379 647 l).
402 597 546 660 Keppleree
570 597 596 645 in
621 598 705 644 seiner
721 597 835 644 Antwort
859 599 915 646 auff
937 600 1004 648 urein
1027 599 1130 649 Discors
1148 597 1216 648 mich
1233 599 1371 650 ermabneu
1389 599 1457 656 thut,
1475 599 1535 650 dats
1553 601 1592 648 iclr

267 671 293 718 in
311 670 412 734 negotio
429 667 605 732 clrrcnolcgioo
623 669 670 716 mit
688 667 772 716 Herm
788 667 922 718 Maeetlinc
941 669 1080 733 conierire'n
1093 671 1143 720 rnd
1154 670 1198 718 ibn
1211 669 1363 720 desshalben
1375 670 1499 734 helragen
1511 671 1592 726 velle,

266 755 293 787 so
312 754 359 804 sag
378 739 419 789 ich
435 739 514 802 jhme,
532 739 591 788 dass
610 736 709 788 solchee
728 738 861 788 innerhalb
878 739 915 790 20
933 740 993 790 oder
1011 738 1046 789 ³0
1057 741 1155 792 Jahren
1172 741 1292 790 rielmahl
1305 740 1450 806 geschehen
1462 755 1534 804 seye,
1553 743 1593 792 ich

266 811 335 859 kann
355 811 417 862 aber
436 809 542 860 darumb
561 812 645 859 seiner
662 807 794 874 Meynung
812 810 883 860 nicht
900 826 971 874 seyn,
989 812 1073 861 weder
1091 815 1124 862 iro
1143 811 1206 860 Jehr
1224 812 1270 861 der
1283 812 1386 869 Geburt,
1404 812 1470 862 noch
1482 814 1517 860 irn
1530 813 1593 864 Jahr

266 881 310 930 des
322 881 432 931 Leidens
445 881 546 930 Christi.
564 881 618 932 Dae
631 881 695 930 Jabr
708 881 753 930 der
767 879 871 938 Geburt,
889 883 999 933 welches
1012 883 1066 932 sicb
1078 883 1229 932 Maestliuus
1242 884 1288 932 mit
1299 883 1410 946 Keplerc
1423 883 1473 932 rnd
1482 882 1593 948 Suslygs

266 953 388 1010 annimbt,
413 954 447 1002 ist
469 967 522 1002 nun
543 965 687 1016 penugsam
702 943 820 1010 'relutirt
844 952 889 1002 due
915 953 978 1002 Jahr
1002 951 1046 1002 des
1071 954 1180 1004 Leidens
1198 953 1245 1003 soll
1264 953 1319 1002 sich
1337 954 1480 1018 bernacber
1498 955 1591 1004 hiden.

267 1003 321 1072 liar
340 1023 455 1088 Scaliger
472 1022 519 1072 hat
533 1023 613 1086 jhnen
631 1022 753 1080 rerfibrt,
771 1021 818 1072 eie
837 1024 930 1074 endere
949 1024 1028 1074 mehr.
1365 1089 1366 1092 Ἴ

335 1093 381 1155 22)
400 1111 424 1158 p.
443 1088 504 1144 227.
541 1094 673 1158 iosaphat,
691 1093 731 1143 De
750 1095 817 1144 belle
829 1093 944 1152 Judaico,
962 1095 1025 1144 libro
1044 1095 1089 1145 ΠΙ.
1109 1110 1165 1159 cap.
1183 1094 1211 1152 8,
1229 1093 1294 1145 baec
1311 1095 1342 1145 de
1360 1097 1421 1146 letis
1434 1097 1487 1146 suis
1499 1097 1591 1148 relect:

265 1172 341 1231 capta
354 1167 476 1228 Jotapata
486 1165 618 1229 Josepbue,
637 1165 719 1214 divino
732 1166 840 1230 quodam
851 1166 955 1216 consilio
968 1180 1036 1224 neus,
1055 1181 1100 1231 per
1111 1167 1207 1216 medios
1219 1166 1320 1230 quidem
1332 1167 1417 1216 hostes
1430 1182 1458 1216 se
1472 1167 1591 1218 suhduxit

265 1245 293 1286 et
311 1239 337 1287 in
355 1244 460 1302 puteum
476 1237 601 1301 quendam
614 1236 763 1300 profundum
776 1237 844 1286 saltu
857 1237 994 1294 descendit,
1007 1241 1077 1301 culus
1090 1251 1107 1287 a
1118 1239 1199 1288 latere
1209 1251 1300 1300 specus
1313 1237 1426 1301 amplum
1438 1237 1590 1301 dirmetum

265 1315 333 1365 erat,
343 1307 415 1373 'quod
428 1323 523 1364 eorum,
541 1309 583 1372 qui
597 1321 673 1371 snpra
685 1313 767 1364 erant,
785 1307 876 1372 effingit
887 1309 1016 1365 intuitume
1036 1310 1079 1358 ubi
1091 1308 1127 1358 40
1137 1311 1203 1358 eires
1215 1309 1328 1372 insignes
1341 1309 1472 1358 latitantes
1484 1310 1590 1359 effendit

264 1393 398 1444 rerumque
423 1381 593 1428 necessarium
612 1386 769 1442 apparatum,
794 1381 836 1443 qui
855 1378 943 1428 diebus
962 1395 1011 1428 non
1029 1382 1117 1443 paucis
1136 1380 1271 1429 sufficerat
1307 1379 1340 1428 Et
1356 1379 1467 1430 interdiu
1486 1381 1588 1446 quidem

264 1465 292 1500 se
311 1450 461 1508 occultabat,
479 1449 545 1514 quod
563 1448 648 1499 hostes
666 1451 751 1500 emnia
769 1456 960 1514 occupaverant,
972 1457 1047 1500 noctu
1060 1465 1118 1500 reru
1131 1450 1269 1500 ascendens
1281 1450 1345 1514 fuga
1356 1451 1435 1500 dilabi
1447 1451 1589 1515 quaerebat

264 1528 291 1570 et
308 1520 408 1594 vigillas
427 1519 582 1584 explorabat.
620 1519 704 1580 Quum
722 1528 808 1570 eumne
826 1523 911 1570 omnia
928 1523 1005 1585 ipsius
1024 1535 1102 1570 casua
1120 1521 1230 1586 undique
1248 1521 1441 1580 custodirentur,
1459 1531 1489 1570 nt
1506 1515 1587 1572 intere

184 1611 187 1632 ι
264 1607 314 1642 nou
331 1599 426 1656 posset,
443 1594 470 1642 in
486 1593 636 1655 speluncam
653 1594 744 1642 iterum
764 1593 942 1642 descendebat.
978 1593 1011 1642 Et
1028 1592 1131 1642 biduum
1148 1592 1249 1656 quidem
1268 1591 1405 1650 delitescitr
1431 1595 1512 1642 tertia
1529 1609 1586 1643 vero

264 1663 315 1720 die,
334 1671 411 1726 capta
428 1663 544 1720 muliere,
561 1677 626 1726 quae
646 1677 703 1712 cunr
720 1663 781 1726 ips'ts
801 1663 893 1721 inerat,
911 1663 980 1713 illius
997 1661 1090 1713 indicio
1108 1663 1222 1726 proditus
1240 1669 1287 1712 est.
1324 1663 1388 1712 Turn
1413 1665 1587 1728 Vespasianus

264 1747 279 1782 e
298 1736 403 1798 vestigio
422 1736 499 1786 mittit
516 1735 578 1784 duos
595 1733 717 1792 tribunos,
739 1735 809 1796 jutae
834 1734 935 1784 dextras
958 1734 1018 1784 dare
1036 1733 1146 1799 ,losepho
1164 1733 1308 1797 hortarique
1324 1749 1385 1784 eum
1398 1734 1431 1784 ad
1442 1747 1585 1786 ascensum.

265 1803 348 1864 Quum
367 1811 453 1854 entem
471 1806 506 1876 ad
524 1819 582 1866 eum
602 1807 732 1856 venirent.
747 1841 753 1854 .
767 1842 774 1856 .
788 1819 837 1870 pon
855 1806 1050 1869 persuadebant,
1077 1819 1137 1854 narn
1154 1819 1186 1854 ex
1204 1807 1245 1862 ile,
1268 1819 1333 1869 quae
1352 1808 1433 1868 ipsum
1452 1819 1586 1870 pessume

264 1889 319 1924 esee
338 1877 474 1926 verisimile
493 1875 555 1932 e'rat,
575 1878 617 1940 qui
635 1883 708 1924 tanta
726 1877 893 1936 commiserat,
911 1892 961 1926 non
978 1891 1009 1927 ex
1028 1879 1116 1925 innata
1127 1879 1271 1940 rogantium
1283 1876 1486 1934 mansuetudine,
1506 1879 1586 1940 suspi-

265 1949 351 1996 ciones
381 1946 518 2012 colligebat
541 1953 568 1996 et
591 1961 623 2004 ne
648 1947 685 1996 ad
704 1959 811 2010 poenam
834 1947 920 1998 lorsen
944 1957 1091 1998 evacuetur
1113 1951 1207 2002 veritus
1231 1957 1282 2004 est,
1308 1948 1389 1996 donec
1412 1947 1585 2011 Vespasianus

266 2019 483 2082 tertinmqnoque
501 2018 629 2068 tribunum
647 2018 796 2067 Nicanorem
816 2021 901 2075 mittit,
919 2018 1027 2084 Joeepho
1046 2026 1133 2068 notum
1145 2025 1172 2066 et
1183 2018 1242 2066 olim
1254 2019 1407 2068 familiarem
1420 2054 1427 2069 .
1441 2055 1469 2068 ..
1502 2017 1586 2078 Qum
1692 2009 1693 2024 ¹

267 2095 353 2138 tutem
379 2089 412 2138 ad
436 2103 477 2146 ea,
500 2103 565 2154 quae
590 2085 689 2147 dixerat
712 2089 830 2144 Nicanor,
856 2089 996 2140 haesitaret
1018 2089 1152 2153 losephne,
1176 2089 1270 2138 milites
1294 2089 1394 2152 quidem
1420 2091 1479 2140 irati
1497 2103 1586 2154 prope-

266 2159 357 2209 rabant
380 2160 413 2210 ad
437 2162 523 2224 ignem
547 2161 683 2224 speluncae
708 2161 882 2222 injiciendum:
909 2175 998 2222 ,rerum
1022 2175 1064 2210 eor
1088 2159 1224 2222 cohibebat
1242 2160 1301 2218 dux,
1316 2159 1355 2222 ¹ld
1372 2159 1452 2210 modis
1471 2161 1586 2210 omnibu

266 2243 354 2294 agens,
373 2239 402 2280 ut
419 2231 556 2296 Josepbum
575 2233 657 2282 virum
673 2239 811 2294 caperet..
823 2232 954 2282 .Tandem
971 2232 1091 2282 Nicanori
1109 2230 1290 2282 munerebus.
1320 2231 1466 2287 Etludaei,
1478 2233 1521 2295 qui
1535 2245 1586 2280 una

264 2315 296 2350 eo
314 2303 488 2366 conlegerunt,
505 2302 547 2362 uti
559 2303 746 2360 intellexerunt,
765 2301 902 2366 Josepbum
914 2302 1070 2354 homibus
1083 2301 1183 2358 cedere,
1200 2303 1310 2352 universi
1323 2317 1381 2351 curn
1393 2304 1586 2351 circumstantes

265 2372 421 2423 clamabant:
440 2387 501 2438 prae
519 2376 585 2423 ritae
604 2387 698 2430 amore,
714 2387 730 2421 o
747 2374 866 2436 Josepbe,
884 2375 992 2424 sustines
1011 2374 1093 2424 lucem
1111 2375 1224 2436 aspicere
1242 2373 1347 2424 semus?
1383 2371 1467 2432 Quare
1486 2375 1537 2422 cito
1550 2375 1585 2422 tui

265 2443 357 2494 oblitus
376 2445 414 2494 es!
452 2444 535 2504 Quam
553 2445 638 2494 mulus
656 2459 700 2508 pro
719 2445 836 2494 libertate
849 2447 912 2494 mori
924 2445 1082 2508 pemmsistl!
1118 2443 1242 2494 Dextram
1254 2444 1299 2494 tibi
1312 2453 1339 2494 et
1350 2445 1467 2510 gladium
1480 2457 1588 2494 commo-

265 2511 388 2564 dahinrus.
432 2517 480 2573 Tu,
507 2517 529 2566 si
554 2517 655 2580 quidem
680 2523 769 2578 sponte
791 2519 908 2573 moriare,
935 2516 986 2566 dux
1009 2515 1173 2581 ludaeorum,
1200 2516 1241 2566 sin
1263 2529 1322 2564 reru
1347 2517 1449 2572 invitus,
1478 2515 1590 2579 proditor

264 2583 387 2635 morieris.
423 2587 580 2652 Simulatque
605 2588 655 2636 ista
673 2586 804 2646 dicebant,
830 2587 927 2652 gladios
953 2590 977 2636 el
1000 2589 1158 2636 intentarunt
1182 2588 1296 2650 ipsosque
1320 2587 1393 2636 illurn
1411 2589 1588 2636 interfecturos

264 2656 457 2716 minitabanturt
482 2660 504 2708 si
527 2655 647 2708 Romanis
673 2673 700 2707 se
724 2658 828 2716 dederet
841 2694 846 2706 .
861 2694 888 2708 ..
913 2657 1039 2722 Joscpbus
1061 2658 1143 2706 mults
1166 2657 1282 2720 dicebat,
1308 2665 1339 2706 ut
1361 2657 1442 2706 socios'
1469 2671 1487 2706 a
1510 2657 1588 2706 caede

263 2729 364 2792 propria
389 2728 571 2780 dehortaretur.
607 2729 649 2778 llli
671 2743 738 2787 vero,
764 2743 837 2778 cures
862 2744 894 2780 ex
911 2729 1087 2792 desperatione
1108 2728 1247 2778 obstructas
1266 2727 1399 2786 habentes,
1418 2731 1455 2778 uti
1476 2729 1519 2792 qui
1536 2731 1587 2790 lans

264 2799 358 2848 dudum
376 2809 458 2850 semet
472 2801 550 2852 ‚morti
568 2801 729 2857 devoverant,
752 2802 777 2850 iu
797 2815 855 2850 eum
873 2807 1064 2864 exasperentur,
1083 2800 1172 2870 etalii
1190 2799 1292 2850 aliunde
1311 2814 1368 2848 cum
1388 2799 1482 2862 gladiis
1501 2813 1587 2849 accur-

264 2877 348 2918 rentes
373 2879 399 2918 et
424 2873 552 2934 ignaviam
575 2864 598 2920 ei
624 2871 808 2934 exprobrabant
830 2879 857 2924 et
880 2873 984 2935 quisque
1007 2871 1093 2934 palam
1119 2872 1147 2921 in
1172 2885 1202 2920 eo
1226 2877 1344 2928 eramt
1368 2885 1427 2919 eum
1445 2885 1460 2920 e
1480 2872 1587 2934 vestigio

263 2941 442 2994 interficerent.
469 2942 526 2992 lile
552 2951 647 2999 autern,
671 2957 748 3006 quarn
773 2943 851 2992 alium
875 2944 1023 2996 nondnstim
1048 2947 1159 2998 vocaret,
1183 2943 1262 2990 alium
1285 2956 1372 2990 serere
1391 2941 1464 2990 ducis
1483 2951 1588 3005 aspectu

263 3013 413 3070 intueretur,
436 3013 515 3062 alium
540 3014 629 3064 dextra
651 3013 828 3076 prehenderet,
854 3015 933 3063 allum
957 3012 1073 3076 precibus
1091 3021 1216 3070 exereret,
1233 3013 1326 3062 lenum
1338 3015 1456 3062 omniurn
1474 3025 1492 3062 a
1510 3011 1587 3062 caede

256 3095 310 3132 sus
333 3082 486 3140 divertebat,
508 3084 541 3134 ad
560 3099 622 3146 eura
646 3099 753 3146 semper,
779 3087 822 3149 qui
845 3100 872 3134 se
900 3087 924 3138 ei
949 3084 1102 3150 admoveret,
1126 3097 1170 3132 ora
1193 3084 1326 3148 ruinaque
1344 3090 1503 3132 convertens.
1540 3083 1586 3132 ille

263 3159 349 3204 autern
367 3169 394 3203 se
413 3155 461 3204 Dei
481 3169 556 3204 curae
575 3157 741 3213 committens,
759 3157 848 3206 salutis
867 3155 1001 3206 discrimen
1019 3155 1081 3204 adit.
1110 3155 1159 3213 ,Et
1176 3155 1292 3219 quoniam
1311 3156 1373 3204 mori
1392 3153 1524 3205 decretum
1541 3161 1587 3208 est,
1692 3189 1693 3194 =

262 3225 351 3288 inquit,
375 3228 455 3290 agite,
480 3227 571 3276 caedes
596 3233 695 3275 rnutues
720 3229 746 3276 in
770 3234 862 3276 sortem
888 3229 1058 3289 conjiciamus,
1081 3233 1109 3275 et
1133 3226 1172 3274 cni
1194 3241 1247 3278 uera
1265 3225 1394 3291 obtigerit,
1419 3239 1499 3274 mann
1516 3225 1587 3274 illum

263 3297 411 3358 excipientis
430 3299 571 3354 occumbat,
588 3305 663 3362 etque
682 3297 719 3346 ita
736 3299 940 3354 tennaredus,
958 3306 987 3347 ut
1004 3311 1090 3346 omuee
1108 3303 1215 3348 mortem
1230 3295 1334 3354 ‘cbeant
1351 3301 1434 3364 neque
1453 3310 1503 3345 sua
1520 3298 1586 3361 qnis-

161 3413 164 3420 .
255 3379 339 3429 ⁴qsrsun
363 3368 451 3418 dextra
475 3383 502 3417 se
524 3369 649 3434 iugulent
686 3371 824 3434 Postquam
846 3371 1028 3433 persuasisset,
1053 3381 1105 3418 uns
1128 3382 1186 3418 cunr
1203 3368 1254 3417 illis
1272 3373 1356 3416 semet
1372 3370 1433 3416 sorti
1453 3369 1585 3416 comisit

263 3437 309 3486 (lui
335 3447 421 3488 autern
439 3455 491 3488 sors
510 3442 589 3503 primo
608 3441 764 3498 obvenit-is
777 3441 894 3506 Jugulum
912 3442 1023 3504 proximo
1041 3439 1151 3495 libenter
1167 3438 1316 3502 praebebat,
1333 3439 1405 3502 qnasi
1425 3437 1491 3488 duce
1511 3439 1586 3488 ctiam

262 3523 318 3558 mex
336 3511 459 3574 perituro:
479 3525 538 3560 nam
556 3517 661 3561 mutem
680 3527 736 3562 cum
755 3513 863 3576 Josepbo
882 3517 1000 3576 oppetere
1019 3513 1073 3560 rita
1091 3511 1189 3560 dulcius
1206 3524 1262 3559 esse
1281 3507 1422 3558 ridebatur.
1460 3508 1510 3559 llle
1530 3523 1586 3558 rere

263 3588 320 3628 eum
343 3581 432 3638 altero,
457 3585 509 3631 sive
532 3583 595 3632 lorte
618 3583 718 3632 innunt
736 3583 880 3639 dicendum,
903 3585 955 3632 eive
974 3579 1023 3632 Dei
1041 3582 1207 3645 providentia,
1231 3581 1334 3631 relictus
1353 3587 1404 3636 este
1431 3593 1585 3644 operamque

262 3649 334 3706 dans,
357 3659 386 3700 ut
409 3667 491 3716 neque
509 3667 526 3702 a
543 3659 609 3702 sorte
628 3654 846 3712 condemnaretur,
864 3667 956 3718 neque,
978 3655 999 3702 ei
1017 3654 1121 3703 ultimus
1139 3659 1293 3716 superesset,
1310 3651 1425 3701 dextram
1443 3651 1587 3700 macularet

258 3721 373 3784 populari
391 3725 479 3781 caede,
497 3725 535 3774 illi
554 3727 631 3774 etlam
650 3725 698 3774 lide
718 3723 779 3775 data
797 3725 933 3788 persuadet
951 3727 1029 3774 ritant
1047 3737 1097 3772 non
1115 3722 1256 3787 prodigere.
1287 3723 1371 3786 Atque
1384 3721 1492 3778 itaille,
1510 3735 1585 3785 quum
1692 3789 1693 3800 ἢ

258 3790 354 3840 bellurn
372 3801 398 3842 et
417 3808 433 3842 a
450 3795 570 3845 Romanis
589 3803 616 3844 et
634 3810 650 3845 a
667 3798 719 3874 spis
738 3799 868 3854 erasisset,
886 3797 919 3845 ad
936 3797 1121 3860 Vespasianum
1138 3809 1184 3857 per
1201 3793 1354 3843 Nicanorem
1373 3793 1524 3842 ducebatur.
1587 3807 1589 3812 ’

345 3880 392 3943 23)
410 3897 434 3948 p.
454 3881 514 3938 ml.
532 3879 696 3934 ¹'lleruartus
734 3880 921 3949 (chronologia.
957 3883 1075 3934 Monatb.
1110 3880 1188 3944 1612)
1212 3881 1291 3932 'baec
1325 3883 1397 3931 dicit:
1445 3881 1582 3944 Perperarn
1692 3911 1693 3960 ,

257 3950 390 4016 Jcsephur,
409 3951 542 4004 Hebraeus
560 3955 669 4024 quidem,
688 3956 733 4004 sed
750 3955 930 4012 Romanorum,
949 3958 1045 4020 opinor,
1056 3955 1231 4008 'traditionem
1245 3959 1356 4010 secutur,
1374 3966 1454 4002 arrnos
1474 3952 1582 4001 Herodis

258 4019 293 4072 87
318 4023 351 4072 ab
376 4039 405 4073 eo
420 4027 526 4074 inchoat
547 4033 669 4090 tempore,
695 4041 743 4090 quo
761 4019 856 4076 Rerum
875 4041 920 4076 rex
938 4027 1081 4090 appellatus
1100 4025 1156 4081 luit,
1181 4039 1238 4073 oum
1255 4033 1341 4074 tamen
1360 4039 1392 4073 ex
1411 4037 1444 4072 ea
1463 4023 1506 4072 die
1524 4025 1584 4073 anni
1692 4085 1693 4090 Ἰ

257 4097 331 4160 regni
349 4103 501 4162 consurgent
518 4099 609 4161 potius,
628 4095 878 4163 qualilieresolymis
897 4099 977 4161 captis
996 4113 1023 4147 re
1041 4110 1108 4146 rere·
1122 4095 1247 4145 iudaeam
1266 4097 1349 4158 coepit
1366 4103 1467 4160 regere.
1692 4147 1693 4176 ἶ

254 4191 257 4200 ⁴
346 4181 391 4248 24)
411 4201 435 4250 p.
455 4184 515 4236 244.
552 4185 669 4236 Rtslinus
697 4179 733 4250 (pl
756 4185 817 4248 141)
843 4185 955 4256 probare,
968 4185 1188 4243 ceratea'urbem
1205 4183 1334 4234 Julladem
1352 4198 1400 4232 non
1420 4185 1448 4232 in
1466 4183 1584 4233 bonorem
1692 4180 1693 4224 ἶ

259 4254 349 4304 illice
368 4255 413 4306 aed
432 4259 534 4306 uxoris
553 4259 662 4324 Augusti
681 4257 867 4306 denominatam
885 4257 972 4316 fuisse,
997 4255 1080 4306 addit:
1110 4255 1163 4305 also
1182 4255 1239 4304 dass
1258 4253 1384 4320 Keplerus
1403 4254 1490 4304 soleba
1508 4253 1584 4305 vicb-

256 4329 312 4391 tige
330 4327 428 4376 Sacben
452 4329 497 4376 der
515 4327 703 4394 Zeitrechnung
727 4327 782 4377 dese
802 4328 876 4378 Jcbrs
900 4327 956 4378 does
975 4329 1041 4378 'l'ods
1059 4327 1168 4377 Herodis
1186 4327 1236 4376 rnd
1255 4326 1300 4376 der
1319 4326 1416 4376 Geburt
1434 4325 1529 4378 obrue
1547 4328 1584 4374 nit
1692 4329 1693 4390 l

258 4397 314 4446 suff
329 4413 355 4446 so
375 4399 540 4448 liederlichen
560 4399 646 4450 Grund
665 4402 734 4448 eines
753 4401 922 4464 mauchtigen
939 4399 1025 4453 weibs
1045 4414 1076 4448 ru
1095 4407 1181 4448 eetzen
1200 4397 1303 4462 gehabt
1692 4395 1693 4432 l

346 4465 392 4532 25)
412 4485 435 4533 p.
455 4467 514 4521 270.
552 4471 632 4528 Haec,
657 4485 721 4536 quae
747 4473 800 4535 ipse
819 4470 970 4521 Maestlinue
994 4470 1082 4519 retulit
1106 4469 1226 4533 Keplero‚
1246 4468 1366 4532 leguntur
1383 4482 1461 4532 snpra
1478 4483 1503 4532 p.
1526 4467 1581 4516 121.
1692 4495 1693 4504 .

256 4537 327 4659 Ῑιὲειιι
353 4541 457 4589 nunciat
482 4542 604 4593 Matthias
629 4541 887 4592 Haienrelferns'
904 4541 1046 4607 theologiae
1072 4543 1196 4604 professor
1215 4539 1348 4605 'l'ubingae
1366 4539 1489 4604 Keplero,
1514 4539 1538 4588 d
1556 4535 1582 4586 3.
1692 4553 1693 4568 ¹

260 4610 271 4658 1
293 4647 299 4660 .
319 4609 376 4672 λι).
399 4609 466 4663 1607
485 4615 610 4663 scribens:
896 4606 902 4620 ⁵

345 4681 442 4732 Nobilis
472 4691 498 4735 et
525 4684 673 4734 Clarissima
694 4685 752 4742 Vir,
779 4683 887 4734 Domine
913 4685 1001 4734 Amice
1023 4682 1184 4740 honorande.
1227 4679 1299 4742 Quod
1330 4695 1375 4745 pro
1402 4681 1498 4730 duabus
1522 4679 1582 4740 eolis
1692 4717 1693 4722 ,

257 4753 420 4802 oratiunculis
439 4757 464 4802 in
482 4753 648 4805 Nativitatem
666 4756 824 4805 Dominicam
849 4754 941 4804 habitis
967 4759 1021 4804 tam
1041 4755 1138 4820 prolixe
1156 4751 1220 4804 mihi
1237 4754 1332 4817 gratiae
1351 4753 1417 4817 agis,
1436 4767 1518 4800 meam
1537 4765 1581 4814 pru

256 4821 392 4885 majoribus
418 4823 488 4872 donis
512 4826 581 4875 haud
606 4827 708 4876 obscure
733 4828 842 4890 flagitas.
880 4827 941 4875 Eam
961 4829 1025 4875 seiae
1045 4827 1119 4875 eelim
1138 4827 1221 4874 arrium
1240 4837 1296 4873 meo
1314 4835 1441 4887 nunqnam
1460 4822 1581 4875 defuisse,
