3406 5542
204 289 271 360 316
705 309 1041 373 neamusamctrtu.

205 454 285 520 civili
308 455 406 520 literis
428 461 638 520 contractuum
653 453 779 536 aliisque
803 455 940 519 civilibus
955 453 1086 536 negotiis
1095 453 1162 536 jam
1184 446 1363 538 subsignare
1382 461 1551 538 coeperant

204 563 315 608 anuum
330 545 385 609 34.
398 545 448 607 vel
464 539 514 608 37.
524 543 665 607 Herodis.
688 544 759 608 Jam
773 543 867 626 igitur
882 551 915 606 et
928 543 998 607 huic
1013 563 1092 608 auno
1101 561 1210 607 nomen
1220 553 1288 608 erat
1303 545 1408 608 datum
1423 562 1549 626 aregno

202 635 347 710 Herodis,
370 635 449 718 quod
464 652 572 697 nomen
587 633 632 696 illi
647 653 725 696 anno
742 634 894 716 tantisper
908 633 1030 709 mansit,
1046 633 1142 696 donec
1158 653 1315 697 successor
1328 633 1462 698 Herodis
1478 651 1550 697 cer·

203 731 254 787 tus
270 731 361 788 essct.
404 720 538 787 Accedit
560 723 653 799 enim,
680 723 760 804 quod
789 730 1011 806 postmortem
1031 721 1162 786 Herodis
1185 723 1404 806 aliquantisper
1423 721 1551 786 vacarit

202 831 336 894 regnum,
352 813 447 874 donec
461 811 620 892 Augustus
634 811 822 894 provinciam
836 811 917 874 inter
931 817 996 875 tres
1010 811 1143 875 Herodis
1157 812 1235 876 illios
1251 812 1461 887 distribueret,
1482 811 1549 876 Ar-

203 903 308 966 chelao
330 901 499 965 etbuarcha
518 901 654 965 Judaeae
679 901 760 964 dato.
803 901 961 964 Hactenus
982 900 1076 982 igitur
1097 920 1193 965 annus
1218 903 1319 964 dictus
1343 909 1393 964 ast
1414 899 1550 964 Heredis

202 991 283 1072 regis
298 990 340 1054 34
356 991 405 1053 vel
420 985 472 1065 37,
487 997 596 1072 postea
611 989 724 1073 primus
739 989 885 1054 Archelai
901 991 1095 1054 ethnarchae.

291 1078 442 1143 Calvisius
464 1079 515 1141 iol.
534 1079 583 1142 ll.
607 1099 645 1142 ex
670 1078 738 1146 aliis
759 1079 834 1143 locis
856 1079 983 1161 Josephi
1004 1079 1112 1142 nititur
1133 1079 1286 1154 evincere,
1309 1077 1477 1161 Josephum
1498 1077 1550 1141 hic

202 1187 358 1232 numerare
381 1169 556 1251 completos.
600 1168 667 1250 Ego
690 1187 778 1244 vero,
799 1166 858 1231 uisi
874 1167 1025 1234 Calvisius
1047 1187 1081 1232 se
1096 1169 1194 1250 ipsum
1210 1167 1365 1248 deciperet
1388 1175 1421 1230 et
1435 1167 1495 1231 nisi
1511 1187 1551 1230 ex
1597 1199 1603 1206 ·

99 1295 103 1302 ,
200 1257 260 1322 illis
276 1257 351 1339 ipsis
367 1257 459 1333 locis,
482 1276 556 1341 quos
572 1257 624 1322 ille
640 1257 697 1321 sibi
712 1265 803 1340 putat
819 1257 949 1333 servire,
971 1265 1151 1339 argumenta
1165 1257 1305 1320 ducerem
1327 1277 1382 1339 pro
1399 1275 1479 1320 auno
1496 1257 1550 1330 42,

200 1347 279 1410 tanti
302 1367 362 1410 nou
378 1349 509 1410 lacerem
530 1366 586 1410 nec
609 1347 718 1410 seriem
739 1346 904 1423 historiae,
925 1365 980 1410 uec
995 1365 1108 1410 morem
1122 1347 1315 1422 Judaeorum,
1336 1367 1393 1410 nec
1408 1346 1551 1426 exempla

198 1437 334 1518 Josephi,
350 1455 406 1500 neo
423 1436 579 1517 neglectos
593 1455 715 1499 menses
726 1435 902 1517 superfluos,
916 1455 973 1498 nec
987 1436 1073 1517 regni
1082 1436 1283 1512 vacationem,
1298 1435 1405 1518 quibus
1421 1434 1549 1516 bargu-

198 1525 310 1590 meutis
330 1527 465 1607 pugnavi
479 1526 644 1600 hactenus,
666 1544 724 1606 qno
739 1525 837 1589 minus
860 1532 892 1588 et
907 1526 972 1607 ipse
988 1532 1116 1588 monem
1130 1525 1263 1588 Herodis
1278 1525 1309 1587 in
1324 1525 1377 1589 43.
1392 1523 1551 1588 lulianum

199 1616 388 1679 collocarem.
433 1614 650 1696 comparemus
672 1613 766 1694 igitur
787 1622 820 1678 et
841 1614 903 1678 alia
924 1614 992 1677 loca
1006 1613 1149 1696 Josephi,
1170 1619 1205 1676 ut
1220 1633 1342 1677 sensum
1358 1613 1439 1695 ejus,
1461 1632 1549 1676 com-

197 1705 299 1788 pletos
314 1711 452 1768 numeret
467 1723 505 1767 an
522 1711 688 1779 currentes,
703 1723 742 1767 ex
755 1703 823 1785 ipso
839 1703 1004 1768 eliciamus.

285 1793 425 1856 Mortuus
442 1800 490 1858 εει
504 1792 665 1876 Augustus
680 1792 803 1857 Juliano
819 1791 871 1857 59.
888 1791 1070 1874 Septembri,
1084 1792 1134 1876 qui
1149 1791 1179 1855 in
1194 1791 1314 1855 Judaea
1329 1811 1433 1856 mense
1447 1791 1549 1855 Nisam

198 1883 351 1964 hucusque
367 1881 533 1946 dicebatur.
578 1881 712 1966 Augusti
728 1881 872 1947 Caesaris
887 1881 1011 1944 ultimus
1033 1881 1072 1944 ah
1088 1901 1124 1944 eo
1141 1881 1189 1944 die
1204 1899 1298 1963 usque
1315 1882 1355 1946 ad
1370 1889 1550 1964 sequentem

197 1972 296 2036 Nisan
312 1972 410 2035 dictus
426 1971 519 2034 estin
534 1970 654 2035 Judaea
670 1972 789 2054 quidem
797 1971 910 2034 Tiberii
925 1971 1053 2054 primus;
1076 1971 1180 2054 itaque
1195 1969 1337 2034 Julianus
1346 1966 1398 2034 78.
1414 1991 1433 2032 a
1448 1970 1550 2034 Nisan

197 2061 254 2124 ruit
268 2060 380 2123 ‘liberii
395 2061 563 2124 vicesimus.
608 2062 675 2124 Hoc
690 2080 763 2124 vero
778 2059 920 2124 vicesimo
935 2059 1048 2123 liberii
1063 2057 1215 2142 Josephus
1239 2061 1284 2122 ait
1305 2067 1457 2123 mortuum
1477 2079 1549 2122 esse

196 2149 384 2233 Philippum,
404 2149 520 2214 Herodi
544 2150 626 2230 patri
649 2168 856 2214 successorem
878 2149 917 2212 ab
939 2149 1081 2230 Augusto
1104 2157 1295 2230 surrogatum
1323 2150 1356 2212 iu
1377 2149 1551 2212 tetrarchia

196 2238 434 2302 l'rachouitidis:
459 2247 491 2302 ει
506 2247 645 2303 numerat
661 2257 772 2306 aunum
787 2234 840 2302 37.
855 2244 1025 2302 currentem
1041 2237 1106 2319 ojus
1121 2237 1237 2320 imperii
1243 2256 1253 2313 ς
1277 2238 1356 2300 adde
1372 2237 1415 2301 36
1431 2238 1550 2302 solidos

197 2329 237 2392 ad
252 2335 422 2390 currentem
437 2329 496 2403 42,
517 2329 621 2410 prodit
636 2324 689 2392 78.
704 2329 845 2393 Julianus
861 2344 993 2404 cuneus,
1015 2327 1061 2390 uti
1077 2327 1339 2390 constitueramus
1383 2327 1443 2391 Hic
1461 2327 1550 2403 adde,

196 2417 222 2480 si
238 2418 285 2481 vis
301 2415 425 2493 Calvisi,
441 2413 484 2482 37
500 2420 667 2500 completos
683 2417 723 2481 ad
738 2425 822 2480 tunm
837 2415 990 2480 Julianum
1005 2415 1058 2492 43,
1073 2415 1182 2498 quippe
1198 2433 1236 2478 ex
1252 2415 1410 2498 completis
1425 2416 1470 2479 34
1479 2417 1549 2480 He-

195 2505 278 2572 rodis
295 2507 496 2587 designatum,
511 2513 655 2571 nascetur
668 2507 725 2571 tibi
739 2506 879 2569 Julianus
894 2505 947 2581 80,
962 2505 1074 2569 Tiberii
1098 2505 1260 2568 vicesimus
1276 2505 1426 2569 secundus
1440 2506 1493 2570 rel
1509 2506 1549 2569 ad

196 2613 343 2660 summum
365 2597 416 2659 21.
439 2603 546 2660 contra
567 2597 663 2660 verba
684 2595 811 2678 Josephi
835 2593 965 2658 Graeca.
1009 2595 1090 2658 Nam
1111 2602 1145 2657 tu
1159 2595 1209 2657 fol.
1228 2594 1453 2678 ll.¹Epistolae
1473 2603 1548 2658 tuae

196 2685 414 2749 correctionem
429 2693 533 2770 tentus
551 2707 569 2748 a
585 2685 742 2768 scaligero
757 2684 888 2768 petitam
903 2701 942 2746 ex
956 2683 1095 2748 versione
1110 2681 1212 2748 Rufini
1228 2684 1401 2748 dissimulas
1417 2683 1549 2766 quidem,

196 2780 231 2838 at
245 2793 306 2838 uon
323 2773 468 2838 occultas.
514 2773 549 2838 Si
565 2775 644 2839 enim
666 2775 707 2838 ad
722 2780 893 2838 tumentem
906 2773 1061 2836 Juliauum
1082 2773 1134 2836 43.
1152 2773 1249 2836 addas
1259 2798 1262 2806 ¹
1272 2775 1387 2837 solidos
1403 2767 1456 2849 37,
1479 2793 1548 2838 om·

194 2863 265 2928 uino
281 2883 341 2926 non
351 2858 402 2944 79,
416 2873 452 2927 ut
467 2871 500 2927 tu
516 2863 566 2942 ibi,
583 2864 638 2928 aed
653 2865 704 2929 80.
714 2863 854 2927 Julianus
871 2861 973 2926 exibit.
1001 2861 1057 2934 Sin
1072 2869 1175 2926 autem
1190 2857 1233 2926 37
1250 2864 1344 2927 semel
1360 2862 1475 2946 accipis
1491 2881 1548 2946 pro

199 2953 389 3016 currentibus
405 2953 559 3028 civilibus,
582 2972 634 3018 cur
648 2953 721 3018 mihi
736 2952 894 3026 irasceris,
917 2953 966 3032 qui
980 2951 1001 3015 J
1003 2953 1148 3034 osephum
1162 2950 1220 3016 hac
1235 2971 1297 3015 una
1311 2971 1345 3016 re
1361 2968 1464 3016 secum
1478 2953 1548 3036 ipso

196 3049 309 3104 etcum
323 3041 470 3106 Romanis
486 3041 628 3118 concilio,
650 3043 730 3125 quod
747 3059 865 3124 semper
880 3042 917 3105 de
934 3041 1124 3104 currentibus
1139 3041 1311 3124 loquantur.
1355 3041 1435 3107 Huic
1451 3061 1548 3124 argn-

194 3138 297 3194 mento
313 3131 394 3194 solet
409 3131 498 3212 objici
514 3132 609 3195 series
624 3131 771 3196 historiae
786 3131 806 3194 J
808 3129 922 3212 asephi,
936 3131 968 3193 in
984 3149 1043 3214 qua
1057 3129 1190 3212 Philippi
1205 3148 1295 3194 mors·
1304 3131 1441 3215 sequitur
1456 3139 1550 3213 gesta

195 3239 340 3283 annorum
356 3220 554 3304 sequentium,
569 3225 642 3304 post
652 3222 702 3284 20.
712 3219 839 3284 Tiberii:
855 3219 935 3282 unde
952 3219 1100 3300 conjicere
1116 3219 1232 3304 uolunt,
1250 3219 1461 3302 corrigendum
1478 3239 1549 3283 esse

195 3316 312 3374 textum
318 3309 339 3374 J
340 3311 454 3393 osephi.
477 3309 525 3375 At
540 3309 566 3373 si
582 3309 655 3375 ordo
671 3318 777 3373 textus
793 3311 960 3373 servandus
976 3317 1025 3371 est
1040 3308 1133 3371 etiam
1148 3307 1180 3371 in
1196 3315 1346 3390 tempore:
1370 3307 1448 3372 mira
1464 3311 1547 3373 orie·

194 3405 243 3461 tur
264 3399 455 3482 perturbatio
477 3399 643 3478 historiae;
667 3400 747 3482 quod
761 3406 866 3482 patet,
887 3399 913 3461 si
929 3397 1034 3480 capita
1053 3397 1121 3479 ipsa
1143 3415 1243 3460 rerum
1258 3397 1308 3461 hic
1330 3405 1548 3480 congestarum

195 3487 351 3568 sigillatim
374 3489 613 3553 consideremus:
644 3509 704 3572 qua
725 3489 844 3552 ratione
867 3487 954 3552 simul
976 3487 1138 3570 apparebit
1159 3485 1318 3550 consilium
1340 3489 1502 3570 scriptoris
1516 3489 1550 3552 in

196 3575 372 3640 ordinandis
387 3577 435 3640 his
451 3579 550 3642 nehus.
580 3577 700 3642 Dividit
707 3575 728 3640 J
730 3576 861 3658 osephus
875 3577 955 3640 hanc
969 3575 1118 3640 historiae
1133 3583 1253 3658 partem
1268 3577 1349 3640 inter
1363 3578 1550 3641 monarchas

193 3663 358 3742 Romanos,
372 3665 418 3728 uti
431 3666 476 3730 illi
492 3667 549 3731 sibi
565 3667 693 3732 invicem
710 3667 814 3730 ordine
830 3673 1055 3730 successerunt:
1077 3665 1185 3748 quippe
1200 3663 1329 3742 Judaaa,
1345 3665 1429 3747 cujus
1444 3666 1550 3731 histo-

193 3753 270 3818 riam
284 3755 452 3836 profitetur,
475 3757 515 3820 ad
530 3755 598 3820 illos
614 3756 798 3839 pertinebat.
843 3755 908 3819 Sub
922 3756 1065 3836 Augusto
1080 3753 1207 3818 Judaeis
1223 3755 1413 3818 transierunt
1428 3753 1449 3819 9
1468 3757 1551 3832 anni,

193 3862 268 3926 quos
284 3845 366 3906 intra
388 3846 472 3908 lacta
495 3853 566 3908 sunt
588 3847 663 3910 ista:
688 3843 843 3917 Quirinius
865 3843 976 3908 missus
999 3862 1122 3907 censum
1144 3843 1301 3926 imposuit,
1325 3851 1434 3908 contra
1458 3864 1549 3930 quem

192 3931 291 3998 Judas
313 3933 433 4015 quidam
456 3935 636 3999 seditionem
658 3935 821 3998 commovit
843 3941 874 3996 et
900 3951 1064 4016 oppressus
1094 3940 1151 3996 est.
1198 3931 1274 3997 (ium
1300 3931 1437 4005 Quirinio
1464 3935 1551 3998 venit

194 4021 348 4104 Coponius
362 4031 543 4106 procurator
564 4025 717 4102 Judaeae;
742 4023 797 4087 sub
822 4043 857 4087 εε
874 4021 1048 4087 Samaritae
1071 4020 1217 4103 templum
1239 4023 1450 4104 profanarunt.
1483 4023 1549 4088 Go-

193 4111 283 4194 pouio
300 4113 448 4175 successit
457 4113 582 4176 Marcus
590 4113 766 4178 Ambivius:
784 4113 839 4176 sub
857 4131 892 4176 eo
908 4119 1030 4175 mortua
1046 4109 1179 4188 Salome,
1195 4130 1283 4176 soror
1297 4111 1439 4176 Herodis
1470 4113 1551 4178 Huic

194 4201 343 4264 successit
357 4201 476 4266 Annius
492 4201 606 4278 Rufus,
629 4203 684 4266 sub
700 4223 758 4286 qno
773 4209 910 4264 mortuus
926 4209 975 4264 est
989 4203 1158 4282 Augustus.
1201 4201 1282 4264 Hinc
1297 4203 1413 4265 transit
1435 4203 1475 4267 ad
1490 4204 1551 4267 im-

193 4291 308 4373 perium
323 4290 450 4366 liberii,
474 4292 528 4355 sub
545 4311 603 4374 quo
627 4292 698 4374 quia
711 4292 897 4356 Judaeorum
913 4309 988 4373 gens
1011 4291 1043 4354 in
1057 4289 1171 4354 multas
1192 4292 1335 4372 regiones
1357 4299 1426 4356 erat
1442 4292 1552 4369 divisa,

193 4379 223 4443 in
240 4399 364 4464 quarum
381 4378 507 4462 singulis
524 4381 625 4464 aliqua
639 4381 847 4447 memorabilia
863 4380 1066 4461 contigerant,
1080 4377 1234 4462 Josephus
1251 4381 1345 4444 etiam
1360 4381 1459 4444 multa
1475 4401 1550 4446 nar-

193 4469 322 4532 rationis
345 4470 420 4532 lacit
441 4469 545 4546 initia,
568 4469 694 4534 subinde
717 4489 857 4532 reversus
881 4470 921 4532 ad
942 4469 1157 4550 idem'liberii
1181 4469 1376 4552 principium,
1399 4470 1551 4534 absolutis

194 4558 284 4621 rebus
298 4558 386 4622 unius
402 4559 535 4638 regionis
559 4559 792 4622 cohaerentibus
814 4559 896 4622 inter
918 4579 959 4622 se.
1004 4559 1112 4644 Itaque
1129 4557 1294 4622 distributa
1317 4567 1367 4621 est
1381 4579 1457 4642 pars
1471 4561 1550 4624 haec

192 4645 224 4708 in
249 4648 352 4728 capita
376 4665 492 4710 novem.
537 4647 671 4710 Primum
700 4655 749 4710 est
780 4647 818 4711 de
848 4648 1081 4730 magistratibus
1106 4646 1252 4712 Judaeae.
1296 4647 1439 4713 ‘liberius
1472 4651 1551 4713 enim

194 4732 324 4798 Gratum
340 4744 372 4799 et
387 4744 460 4817 post
475 4754 571 4798 annos
588 4737 625 4800 ll
638 4736 772 4801 Pilatum
783 4737 883 4813 misit;
906 4738 957 4802 ubi
974 4744 1246 4800 commemorantur
1257 4738 1364 4802 summi
1379 4739 1551 4821 pontifices,

196 4839 271 4902 quos
287 4824 411 4907 quisque
432 4825 619 4889 ordinaverit
638 4845 733 4909 usque
750 4827 790 4892 ad
804 4835 933 4892 mortem
948 4825 1069 4894 Tiberii.
1115 4825 1256 4894 Secundo
1271 4835 1391 4905 namet,
1406 4829 1480 4912 quid
1495 4827 1551 4892 sub
