3406 5542
603 285 751 356 omem
781 257 1021 356 hlrgiaborleuta

592 589 596 600 ⁵
696 543 815 710 Caput
841 604 931 682 XII.

183 786 277 865 onas
299 787 340 850 a
360 787 495 850 aevae
506 785 677 870 naam
696 792 726 848 a
745 785 784 848 ao
804 785 1006 868 apameae
1020 786 1121 849 aare
1133 753 1337 868 mamystae
1350 789 1440 855 Mae

268 876 395 950 rtem,
408 873 504 958 plano
519 895 655 940 conserua
669 895 734 938 ease
748 875 800 948 iis,
816 895 895 956 quoe
909 874 1067 956 Joaeptaa
1081 873 1200 957 odiique
1213 877 1356 943 historici

394 963 533 1028 Rormani
547 965 633 1028 circo
646 964 772 1028 iaitiwn
786 964 864 1032 crud
877 963 1005 1029 amant
1017 959 1068 1026 41.
1083 967 1230 1048 roj'cnout.

227 1141 300 1206 Etsi
316 1161 426 1206 novum
443 1149 475 1206 et
489 1163 513 1231 a
523 1143 616 1224 priori
632 1149 807 1224 separatum
822 1149 1031 1222 argumentum
1046 1161 1085 1204 ex
1099 1141 1158 1206 hae
1173 1141 1266 1206 tertia
1282 1111 1481 1208 circumstan-

140 1231 187 1294 tia
195 1231 373 1296 nativitatis
385 1229 501 1296 Christi
511 1251 570 1296 non
586 1232 729 1306 nascitur,
745 1232 937 1296 confirmatur
952 1239 1054 1310 mmen
1070 1251 1106 1295 ea
1121 1231 1248 1312 proximi
1263 1233 1375 1314 capitis
1390 1253 1482 1315 argu-

137 1327 275 1384 mentum
291 1326 323 1383 et
338 1339 436 1384 annus
450 1321 590 1384 Julianus
606 1322 666 1396 40,
682 1327 714 1383 et
729 1328 832 1384 notum
848 1327 905 1395 est,
920 1327 992 1384 tunc
1007 1321 1128 1402 plenam
1143 1321 1329 1386 documentis
1345 1323 1481 1388 adhiberi
1558 1371 1563 1387 l

137 1409 242 1484 fldem,
258 1428 326 1472 cum
341 1409 441 1473 omnia
456 1410 592 1474 omnibus
608 1409 809 1474 consentiunt
852 1409 998 1473 Miramur
1020 1411 1098 1472 enim
1119 1430 1179 1472 non
1199 1411 1263 1473 sine
1286 1431 1394 1488 eausa,
1419 1411 1477 1475 Jo-

137 1499 389 1578 sephumrerum
410 1498 541 1562 Herodis
565 1499 744 1580 scriptorem
765 1498 865 1562 studio
887 1498 1093 1563 Herodiadum
1111 1519 1253 1574 vacuum,
1277 1501 1356 1582 quod
1377 1501 1478 1564 verbis

136 1587 290 1667 factisque
306 1594 455 1651 testatum
471 1589 559 1662 iecit,
574 1587 687 1650 nullam
701 1588 822 1670 penitus
837 1588 1019 1651 mentionem
1035 1589 1134 1650 iacere
1149 1588 1344 1664 infanticidii,
1367 1590 1480 1654 nullam

136 1677 289 1740 adventus
304 1695 469 1756 magorum.
498 1677 598 1740 Tanto
613 1679 731 1758 gratius
746 1677 833 1740 nobis
847 1677 985 1742 accidere
1001 1677 1101 1752 deber,
1116 1677 1142 1740 si
1158 1677 1318 1742 doceamur
1334 1698 1373 1742 ex
1387 1679 1482 1760 ipsius

134 1765 265 1846 Joaephi
281 1771 369 1828 textu
386 1765 423 1828 de
438 1766 538 1828 causis
553 1766 764 1832 verisimilibus
781 1767 883 1831 caedis
899 1765 1123 1830 crudelissimae
1139 1765 1370 1850 conturbatique
1380 1769 1481 1832 Hero-

136 1853 183 1918 dis
199 1862 234 1918 et
248 1853 532 1936 Hierosolymorum

225 1943 353 2008 Dictum
368 1961 468 2026 supra,
485 1963 544 2026 quo
559 1950 695 2024 tempore
711 1950 780 2006 tota
793 1961 870 2025 gens
878 1943 1061 2008 ludaeorum
1078 1943 1205 2008 durante
1222 1964 1262 2008 sc.
1279 1944 1481 2026 descriptione

138 2032 171 2096 iu
186 2050 298 2096 nomen
314 2030 458 2096 Caesaris
474 2040 506 2096 et
520 2033 652 2098 Herodis
666 2032 748 2113 reg'is
758 2032 954 2114 jurejurando
970 2033 1073 2096 adacti
1088 2031 1174 2110 eunt‘,
1194 2051 1249 2096 sex
1266 2034 1361 2098 millia
1375 2033 1480 2115 phari-

134 2139 278 2184 saeorum
292 2139 450 2186 recusasse
461 2121 675 2202 jurameutum,
690 2141 785 2205 eaque
801 2123 838 2186 de
854 2141 948 2186 causa
961 2122 1099 2186 Herodes
1114 2122 1188 2204 ipsis
1203 2123 1346 2186 mulctam
1361 2123 1480 2202 irroga-

133 2210 180 2274 rit
195 2208 417 2290 pecuniariam,
438 2229 527 2292 quam
548 2230 603 2291 pro
624 2211 663 2274 iis
685 2212 816 2276 exsolvit
834 2231 910 2276 uxor
930 2211 1083 2276 Pherorae
1106 2212 1210 2276 fratris
1233 2213 1378 2275 Herodis:
1404 2230 1479 2294 quae

133 2299 367 2381 pharisaeorum
383 2299 572 2364 contumacia
593 2300 732 2364 horinon
748 2309 852 2384 potest
866 2301 937 2384 quin
952 2301 1103 2364 Herodem
1123 2301 1289 2364 reddiderit
1311 2301 1480 2384 sqllicitum,

133 2407 173 2452 ue
190 2387 264 2470 quid
277 2388 348 2452 novi
362 2388 504 2454 moliatur
518 2389 603 2452 natio
617 2388 756 2454 ‚Iudaica

223 2475 332 2553 Pergit
346 2475 513 2560 Josephus,
541 2477 720 2558 pharisaeos
736 2485 869 2542 mutuum
884 2478 1059 2558 rependisse
1080 2485 1227 2558 patronae
1243 2497 1331 2552 suae,
1353 2477 1477 2558 praedi-

133 2572 243 2630 centes
266 2565 317 2638 (ut
338 2565 389 2647 qui
410 2566 611 2630 credebantur
633 2565 802 2630 divinitatis
818 2567 994 2630 commercio
1010 2567 1111 2630 futura
1126 2563 1219 2648 scire)
1243 2568 1396 2632 decretum
1412 2585 1479 2632 esse

132 2655 220 2730 Deo,
242 2672 369 2736 regnum
389 2655 524 2718 ablatum
540 2656 578 2718 ab
594 2655 853 2737 Herodeejusque
868 2653 1011 2736 progenie
1027 2657 1192 2720 transferre
1207 2656 1238 2718 in
1253 2656 1351 2738 ipsam
1367 2662 1399 2718 et
1412 2674 1480 2720 ma-

132 2745 227 2808 ritum
241 2741 410 2808 Pheroram
426 2764 462 2808 ao
477 2741 649 2808 communes
664 2743 791 2820 liberos,
811 2745 950 2825 Bagoam
971 2745 1136 2808 eunuchum
1155 2752 1313 2826 parentem
1333 2751 1365 2808 et
1386 2744 1479 2808 bene-

132 2835 286 2897 factorem
307 2834 440 2896 futurum
459 2833 557 2914 regis,
579 2852 667 2915 quem
689 2833 878 2898 destinarent
897 2833 1044 2897 vaticinia
1050 2853 1060 2909 ;
1090 2853 1234 2916 prospere
1255 2853 1379 2898 cessura
1400 2853 1478 2896 novo

131 2922 200 3004 regi
214 2921 318 2984 omnia
333 2923 661 3004 constabiliendumque
680 2923 795 3005 nuptiis
810 2931 842 2986 et
856 2921 1052 3004 generatione
1072 2923 1167 3004 prolis
1185 2923 1347 3003 legitimae.
1391 2922 1479 2986 Unde

134 3019 231 3094 putas
247 3011 377 3086 iactum,
400 3021 434 3074 ut
454 3031 490 3073 eo
505 3011 571 3092 ipso
587 3018 723 3093 tempore
737 3011 872 3094 proxime
887 3019 959 3095 post
974 3013 1207 3093 descriptionem
1219 3012 1241 3076 J
1242 3013 1356 3075 udaeae
1371 3011 1477 3092 phari-

131 3100 199 3167 saei
223 3099 371 3164 vaticinia
392 3100 454 3162 ista
476 3107 648 3164 tractarent
670 3110 702 3164 et
723 3121 777 3183 pro
798 3101 895 3164 lubitu
914 3120 967 3164 suo
989 3101 1285 3182 interpretarentur?
1328 3100 1481 3182 Numquid

131 3209 184 3254 rea
203 3189 276 3271 ipse
289 3189 495 3253 testimonium
510 3188 651 3271 perhibet
664 3189 818 3254 Matthaei
839 3191 1028 3254 narrationi?
1071 3192 1179 3254 Nonne
1202 3191 1289 3253 audis
1311 3207 1417 3270 meges
1440 3189 1478 3252 ab

132 3279 263 3353 oriente,
278 3285 476 3360 quaerentes,
491 3278 542 3342 ubi
557 3285 647 3342 uatus
662 3280 704 3343 sit
718 3299 773 3342 rex
786 3278 992 3356 ludaeorum?
1021 3281 1129 3343 Nonne
1144 3279 1296 3344 Herodem
1313 3278 1475 3342 sciscitan-

130 3375 196 3432 tem
211 3390 233 3429 a
247 3366 426 3448 pharisaeis,
441 3367 492 3430 ubi
508 3367 649 3432 Christus
664 3369 860 3432 nasceretur?
889 3369 947 3432 His
963 3368 1041 3432 euim
1056 3369 1272 3443 occasionibus,
1287 3367 1335 3430 his
1344 3367 1476 3430 Herodis

129 3447 288 3521 m'audatis
302 3455 458 3537 pharisaei
473 3457 513 3521 ad
527 3457 743 3538 prophetarum
757 3457 851 3520 libros
866 3457 997 3532 remissi,
1011 3457 1157 3520 vaticinia
1172 3457 1209 3520 de
1225 3457 1331 3538 quibus
1347 3475 1477 3538 quaere-

130 3547 225 3620 batur
248 3545 373 3626 prolata
397 3545 435 3608 ad
459 3545 604 3626 placitum
628 3546 731 3610 uxoris
754 3546 907 3609 Pherorae
934 3546 1061 3609 seeretis
1090 3546 1245 3628 colloquiis
1274 3546 1477 3609 detorserunt.
1536 3585 1540 3593 ι

131 3635 211 3700 (lum
227 3634 322 3715 igitur
336 3633 413 3700 haec
428 3635 640 3698 vaticiniorum
658 3634 872 3716 interpretatio
893 3634 1067 3716 pharisaica
1079 3635 1195 3698 Herodi
1213 3654 1268 3717 per
1286 3633 1413 3698 idoneos
1428 3633 1477 3698 iu-

116 3724 290 3788 -notuissct
304 3730 339 3786 et
353 3721 430 3806 quod
447 3723 570 3805 insuper
584 3723 737 3805 pharisaei
753 3724 898 3805 quosdam
913 3723 1247 3788 exsulioismuneribus
1257 3724 1478 3804 corrupissent:

128 3813 272 3878 Heredes
286 3812 518 3893 pharisaeorum
533 3813 649 3895 aliquos
664 3810 696 3876 in
710 3812 800 3894 culpa
815 3812 1018 3894 deprehensos
1035 3831 1158 3895 cumque
1173 3813 1221 3876 his
1229 3814 1367 3894 Bagoam
1383 3831 1477 3876 eunu-

130 3903 220 3966 chum
237 3909 271 3964 et
281 3899 393 3966 Garum
409 3901 534 3965 delicias
549 3921 621 3966 suas
637 3919 798 3983 omnesque
814 3902 899 3977 adeo,
915 3908 1062 3984 quotquot
1083 3901 1123 3964 ad
1144 3902 1285 3980 inditium
1299 3899 1478 3984 pharisaeo-

129 4011 197 4054 rum
222 3990 459 4071 conspirationis
480 3990 569 4071 hujus
591 3990 707 4054 inventi
727 3992 848 4054 fuerunt
869 3991 914 4054 rei
936 4009 952 4052 e
975 3991 1165 4067 domesticis,
1189 3991 1352 4056 interfecit
1398 3987 1478 4062 Quid

129 4087 223 4164 putas
237 4079 340 4160 magis
354 4079 523 4161 peregrinis
538 4081 670 4144 futurum
685 4079 793 4156 fuisse,
815 4079 865 4161 qui
887 4079 979 4144 nihilo
1002 4079 1138 4160 gratiora
1152 4081 1358 4162 protulerant,
1382 4098 1477 4160 quse-

129 4178 234 4234 reutes
251 4169 290 4232 de
306 4187 378 4249 rege
393 4168 578 4232 ludaeorum
593 4186 701 4250 recens
716 4176 805 4244 nato,
830 4187 898 4232 cum
911 4169 1050 4232 Herodes
1072 4170 1137 4252 ipse
1157 4189 1212 4233 rex
1230 4177 1314 4236 esset
1327 4169 1478 4248 filiumque

128 4261 330 4340 Antipatrum
347 4277 414 4322 curu
428 4258 532 4322 liberis
548 4277 754 4322 successorem
769 4257 977 4322 destinasset?
1006 4259 1114 4325 Nonne
1131 4261 1315 4340 suspicatum
1325 4257 1477 4326 Herodem

129 4348 274 4412 credibile
291 4353 350 4422 est,
372 4365 477 4428 magos
499 4347 555 4410 hos
576 4369 595 4409 a
609 4346 779 4428 pharisaeis
794 4347 960 4410 conductos
975 4357 1029 4411 aut
1045 4369 1063 4410 a
1079 4347 1310 4429 conspirationis
1326 4345 1477 4428 capitibus

129 4439 300 4504 accersitos
324 4455 364 4498 ex
388 4437 520 4510 oriente,
550 4435 600 4518 qui
624 4436 801 4518 pharisaeos
828 4436 868 4499 ad
890 4436 1090 4500 deiectionem
1115 4459 1133 4500 a
1156 4457 1230 4518 rege
1254 4434 1476 4498 sollicitarent?

126 4527 235 4593 Nonne
253 4525 353 4600 vides,
368 4525 579 4588 maturandum
594 4525 668 4607 ipsis
684 4525 799 4588 abitum
814 4543 831 4587 e
845 4525 980 4600 Judaea,
993 4527 1207 4590 consulendum
1222 4523 1296 4598 sibi,
1311 4523 1477 4586 cavendum

126 4617 284 4683 Herodem
300 4614 418 4678 fuisse?
464 4611 523 4684 Qui
539 4633 606 4678 cum
621 4633 682 4678 uon
697 4613 858 4689 redissent,
873 4615 1012 4678 Herodes
1027 4633 1098 4680 vero
1110 4615 1176 4698 jem
1191 4619 1284 4676 antea
1298 4612 1335 4674 de
1352 4611 1476 4694 conspi-
1602 4639 1609 4658 ·

123 4709 244 4784 ratione
262 4703 502 4769 domesticorum
517 4703 676 4768 rescisset:
699 4721 798 4768 nonne
814 4702 1016 4768 coincidentia
1034 4704 1066 4768 in
1080 4723 1171 4768 unum
1185 4709 1235 4766 tot
1249 4700 1360 4765 indicia
1372 4701 1475 4765 Hero-

123 4799 189 4864 dem
204 4811 393 4882 permovere
408 4799 581 4874 potuerunt,
595 4801 631 4856 ut
646 4793 683 4856 de
698 4811 798 4857 rerum
812 4811 929 4857 summa
941 4801 1107 4872 metuerat,
1121 4791 1250 4857 maxime
1266 4809 1323 4872 quo
1339 4797 1475 4874 tempore
