3400 5538
1109 3 1522 15 —-——‚—.——..-.,-„—

153 107 171 170 l

478 283 484 298 ,
611 241 790 294 81000000οι010
808 241 982 294 Archimedes.
1242 321 1246 332 Ι
1394 251 1456 314 557

140 419 280 486 uduores
302 425 379 494 sunt
401 438 496 502 quam
519 415 776 484 circumferentia
797 415 916 500 0100011,
945 423 979 482 01
1005 416 1171 486 duodecim
1197 420 1301 488 lineae
1329 421 1385 490 DF
1407 423 1459 492 sel

139 509 194 576 FB
217 514 292 574 sunt
314 511 451 594 majores
473 523 570 590 quam
591 505 852 572 circumferentia
1137 545 1141 554 -
1242 555 1245 561 .

212 600 289 670 ‚Est
311 603 418 663 autem
439 596 496 662 Ι)Β
517 595 604 660 latus
631 585 794 678 seiranguli
817 594 975 678 regularis
997 597 1131 681 aequale
1152 595 1213 681 ipsi
1234 599 1290 664 AB
1312 601 1458 668 semidia-

140 693 255 751 metro.
309 687 370 753 Sex
399 685 495 767 igitur
525 683 750 749 semidiametri
779 684 851 764 ΑΒ,
883 683 944 750 hoe
974 691 1024 750 est
1052 691 1119 750 tres
1149 687 1297 754 diametri
1326 689 1377 756 CB
1406 688 1459 756 vel

140 776 312 856 (diametro
326 776 360 839 in
377 781 395 840 7
411 773 562 857 aequalia
577 771 691 852 divisa)
705 777 744 836 21
762 773 919 855 septimae
932 779 1007 838 sunt
1021 773 1182 839 breviores
1193 776 1457 846 circumferentia.

229 863 374 930 Vicissim
396 883 470 927 cum
485 862 555 942 Do,
578 860 634 927 ΘΒ
657 861 722 925 sint
744 860 909 944 aequales,
934 863 996 928 erit
1016 862 1071 928 GB
1093 863 1257 930 dimidium
1278 867 1378 951 ipsius
1393 867 1458 932 AB.

140 951 344 1029 Quadratum
374 973 450 1018 vero
479 951 534 1016 AB
565 948 703 1033 aequale
733 954 782 1014 est
813 949 931 1034 junctis
961 951 1039 1030 AG,
1070 949 1125 1016 (ΞΒ
1155 953 1322 1035 quadratis
1352 962 1383 1021 et
1410 961 1459 1022 est

110 1041 358 1131 tquadruplum
388 1039 539 1125 quadrati
567 1039 631 1118 GB,
661 1058 737 1122 ergo
763 1037 823 1105 AG
853 1045 903 1106 est
932 1038 1068 1122 triplum
1095 1041 1244 1124 quadrati
1266 1043 1331 1109 GB.
1377 1043 1455 1110 Pro·

139 1131 247 1214 portio
270 1129 369 1213 igitur
391 1128 623 1213 quadratorum
644 1127 699 1192 AB
722 1133 754 1192 et
775 1127 835 1192 Ae
857 1133 907 1192 est
928 1129 1133 1210 sesquitertia
1161 1129 1329 1212 linearum,
1360 1131 1459 1215 igitur

140 1219 197 1284 AB
221 1225 253 1283 et
276 1219 333 1284 AG
355 1217 520 1303 proportio
542 1222 591 1282 est
610 1215 919 1298 semi-sesquitertia
943 1215 1126 1297 0011100100,
1148 1239 1231 1302 quae
1250 1241 1459 1288 numerorum

143 1292 273 1372 100000
296 1313 330 1371 se
352 1310 469 1374 assos.
515 1303 559 1369 Ut
581 1325 656 1370 vero
679 1309 728 1368 ese
748 1304 807 1370 00
829 1304 872 1369 ae
895 1303 968 1386 ΑΒ,
998 1306 1113 1372 siesse
1136 1307 1191 1373 es
1214 1307 1347 1388 0000,
1380 1329 1457 1392 orgo

141 1396 240 1460 etiam
262 1397 343 1460 inter
365 1395 422 1461 ΘΒ
443 1400 475 1459 01
494 1391 548 1458 BF
572 1399 622 1458 est
642 1393 810 1478 proportio
832 1393 1145 1477 semi-sesquitertio,
1168 1401 1213 1476 01,Ι
1238 1400 1315 1481 quia
1330 1398 1386 1463 GB
1409 1403 1459 1464 est

140 1485 305 1550 dimidium
332 1484 432 1568 ipsius
458 1479 523 1562 AB,
554 1481 677 1547 scilicet
708 1485 824 1561 50000‚
856 1481 910 1547 BF
939 1482 1056 1548 talium
1085 1484 1320 1568 particularum
1340 1485 1459 1553 habeat

141 1579 250 1638 07737
275 1575 428 1656 proxime.
463 1571 640 1638 Duodeeies
662 1571 758 1654 igitur
773 1575 900 1635 sumtus
915 1591 1064 1636 numerus
1084 1571 1147 1636 iste
1166 1577 1269 1658 major
1284 1575 1346 1640 erit
1361 1595 1460 1658 quam

141 1662 395 1727 circumferentia
429 1660 549 1727 circuli.
596 1659 761 1741 Colligitur
790 1679 941 1724 numerus
975 1664 1119 1742 477974,
1144 1661 1285 1744 qualium
1307 1662 1459 1730 diameter

138 1749 240 1816 habet
262 1755 401 1815 200000.
445 1749 488 1816 Ε1
511 1747 653 1833 qualium
667 1747 824 1812 diameter
845 1747 945 1813 habet
968 1753 998 1827 7,
1021 1748 1137 1814 talium
1157 1757 1232 1816 sunt
1252 1752 1285 1816 in
1302 1751 1354 1817 BF
1377 1752 1455 1818 duo·

140 1839 246 1906 decies
269 1840 447 1918 sumta‘24‚
479 1839 583 1902 minus
614 1857 680 1902 000
708 1837 841 1901 decima.
885 1836 990 1923 Major
1019 1837 1116 1919 igitur
1146 1845 1196 1904 est
1224 1839 1275 1905 hic
1306 1861 1458 1906 numerus

138 1929 211 2011 ipsa
234 1927 501 2006 circumferentia3
532 1927 635 1991 minor
657 1931 766 1990 autem
795 1925 907 1990 eadem
937 1932 1010 1991 erat
1032 1947 1182 1991 numerus
1206 1931 1259 1994 21.
1302 1930 1346 1995 Et
1366 1935 1458 2015 petet
1590 1993 1597 2004 ,

138 2015 184 2082 ad
206 2017 343 2097 oculum,
367 2035 477 2080 arcum
499 2015 554 2080 ΒΕ
569 2015 749 2098 propiorem
768 2033 838 2080 esse
859 2014 922 2099 ipsi
943 2014 1008 2094 BG,
1035 2035 1133 2098 quam
1154 2015 1208 2081 BF
1230 2015 1341 2083 lineae.
1388 2019 1456 2084 Cir·

138 2105 349 2171 cumfercntia
373 2105 472 2188 igitur
501 2104 632 2188 propior
659 2108 709 2168 est
736 2123 869 2169 numero
900 2107 957 2184 21,
989 2122 1087 2185 quam
1117 2123 1250 2171 numero
1281 2112 1324 2172 24
1353 2109 1458 2176 minus

139 2215 209 2259 000
230 2193 361 2260 decima.
396 2193 528 2259 Ponitur
543 2191 648 2276 igitur,
665 2191 707 2256 ab
724 2195 763 2255 21
781 2191 946 2260 recessisse
960 2211 1019 2275 per
1038 2197 1064 2274 1,
1086 2191 1128 2257 ab
1144 2192 1248 2260 altero
1263 2215 1338 2262 vero
1360 2216 1417 2280 per
1437 2199 1456 2260 2

136 2284 245 2356 minus
266 2304 330 2348 una
352 2283 485 2362 decima,
510 2287 545 2346 ut
568 2283 609 2346 sit
636 2278 787 2345 nimirum
810 2284 863 2345 22.
909 2281 996 2345 Haec
1025 2287 1133 2346 autem
1158 2281 1253 2365 longe
1275 2285 1457 2349 accuratius

137 2371 341 2436 demonstrat
361 2369 566 2437 Archimedes
588 2369 621 2434 in
643 2369 754 2452 liguris
784 2367 1002 2448 multilatcris‚
1032 2376 1071 2434 ut
1097 2375 1172 2435 sunt
1202 2371 1325 2455 figurae
1351 2376 1455 2452 1224,

137 2460 360 2525 relatorum:
393 2459 449 2524 ubi
470 2460 567 2525 etiam
588 2462 733 2541 apparet,
764 2455 896 2541 pauloni
928 2456 1008 2540 quid
1036 2457 1145 2524 deesse
1171 2459 1455 2542 circumferentiae,

138 2571 207 2634 quo
230 2549 334 2625 minus
357 2549 398 2614 sit
421 2551 473 2614 22.
518 2547 679 2612 Adrianus
709 2544 869 2611 Romanus
898 2545 1010 2616 eadem
1038 2547 1187 2613 methodo
1216 2549 1456 2630 demonstravit,

137 2639 168 2702 si
189 2639 345 2703 diameter
369 2636 479 2702 circuli
501 2641 628 2700 secetur
650 2636 684 2700 in
705 2640 815 2718 partes
837 2637 1223 2717 20000000000000000,
1245 2645 1323 2704 1000
1343 2638 1458 2706 talium

137 2727 280 2812 partium
303 2727 671 2793 62831853071705802
694 2722 761 2788 fere
783 2742 851 2787 esse
873 2723 907 2788 in
922 2723 1178 2790 choumferentia
1191 2722 1226 2808 ²).
1384 2743 1391 2760 ·

227 2821 422 2892 Epissgma
462 2817 508 2874 Ei
527 2817 615 2872 tribus
635 2817 714 2887 lineis
733 2815 881 2872 sectionum
907 2816 1074 2882 caricarum,
1095 2835 1167 2889 quae
1186 2820 1334 2888 parabole,
1354 2821 1455 2890 hyper·

137 2899 212 2964 bele,
233 2901 335 2970 ellipsis
355 2900 489 2963 dicuntur,
511 2898 614 2967 ellipsis
634 2903 677 2951 est
696 2896 790 2952 circuli
811 2898 932 2961 aemula,
953 2901 983 2950 et
1002 2899 1184 2952 demonstrari
1205 2899 1233 2953 in
1253 2899 1400 2954 Commeat.
1422 2901 1457 2954 ds

137 2981 257 3036 motibus
282 2979 379 3036 Martis
405 2981 472 3046 (vol.
490 2985 535 3035 111.
554 2999 579 3048 0.
598 2980 680 3046 401),
700 2975 899 3047 longitudinem
919 2977 1057 3046 ellipticas
1086 2977 1176 3034 lineae
1204 2995 1265 3034 sese
1293 2980 1397 3034 hahere
1423 2981 1459 3034 ed

138 3060 258 3116 medinm
278 3059 478 3114 arithmeticum
498 3059 569 3114 inter
588 3060 657 3112 duas
678 3056 737 3127 ejus
756 3055 917 3121 diametros,
943 3073 1015 3128 quae
1035 3056 1098 3114 axis
1122 3064 1214 3112 rectus
1235 3065 1265 3114 st
1284 3065 1458 3118 0000000000

138 3140 275 3204 dicuntur.
296 3140 418 3195 similiter
437 3145 470 3194 ut
490 3139 526 3194 22
548 3140 584 3193 ed
605 3139 622 3193 7
642 3137 709 3193 fere.

681 3265 857 3332 'lheorema
878 3263 919 3330 Π.
951 3239 952 3244 ¹

140 3383 268 3452 Circeii
289 3404 375 3464 crea,
399 3383 443 3448 od
461 3402 570 3448 aream
591 3381 781 3464 quadratam
804 3380 954 3446 diametri
976 3386 1168 3462 rooqreroto,
1191 3381 1347 3450 rationem
1367 3383 1460 3450 hehet

561 3491 630 3536 eom
651 3489 745 3552 qoem
767 3475 806 3534 11
831 3469 874 3534 od
895 3475 936 3534 14
955 3469 1033 3549 fere.

228 3587 434 3654 Archimedes
466 3587 570 3653 utitur
600 3584 869 3650 demonstratione
890 3583 1055 3658 indirecta,
1091 3605 1175 3668 quae
1201 3583 1244 3652 ad
1265 3585 1459 3674 impossihile

137 3677 242 3744 ducit:
272 3677 311 3743 de
334 3697 400 3762 qua
421 3665 512 3744 mdlti
534 3677 646 3742 multe.
692 3671 902 3827 Mihqksepsus
924 3671 976 3738 hic
999 3693 1069 3740 csse
1089 3673 1225 3742 videtur.
1261 3675 1381 3744 0100011
1401 3678 1469 3784 BG!

138 4667 400 4742 circumferentia
414 4673 524 4751 partes
538 4664 636 4732 habet
649 4663 790 4742 totidem,
809 4665 888 4746 quot
901 4665 1030 4746 000010,
1050 4663 1130 4741 puta
1143 4651 1301 4756 10110110ος
1321 4669 1456 4752 quarum

138 4760 307 4849 quaelibet
336 4757 557 4825 consideratur
578 4761 615 4823 ut
636 4753 723 4821 basis
751 4751 883 4836 aheujus
904 4748 1061 4852 trianguli
1084 4763 1282 4827 eequucrun,
1310 4737 1456 4818 recubus
