3412 5538
657 309 972 381 dccswhwltsldt
1422 297 1491 372 119
1532 341 1534 346 v
1565 245 1567 252 Ι

130 459 294 536 acceptus
312 459 404 518 osset
419 449 578 530 cuttu,
599 453 691 524 turio
706 460 798 520 uatus
811 455 958 534 loannes,
973 455 1136 528 pennen
1156 457 1308 528 Christus.
1353 459 1418 528 esc
1432 462 1491 529 hoc

132 545 260 610 tonnae
277 543 491 610 dissimulavit
505 542 681 628 Dionysius,
702 546 782 627 quod
796 545 885 610 taeda
902 555 960 624 eat,
976 548 1003 614 si
1018 567 1116 614 annus
1130 549 1259 632 incipiat
1272 573 1292 616 a
1308 549 1374 619 cat
1388 553 1492 622 sanc·-

133 635 208 700 ariia
252 634 327 698 Nos
348 634 446 716 igitur
468 640 629 715 putantes,
660 633 741 716 quod
765 643 983 718 computemus·
1003 659 1023 702 a
1047 637 1272 704 circumcisione
1298 639 1416 708 Christi
1450 657 1490 710 ex

134 731 230 789 mente
252 723 421 806 Dionysii,
441 730 649 805 computamus
672 743 711 790 ex
732 723 835 790 mente
857 725 993 806 ejusdem
1016 749 1036 792 a
1058 726 1203 800 Calendis
1218 730 1389 807 lanuariis,
1410 749 1489 813 quac

134 812 367 894 conceptionem
397 819 640 896 praecesseraut
684 811 875 895 &gumanto
900 823 962 892 est,
994 816 1075 899 qnod
1105 817 1236 882 ecclesia
1260 818 1383 886 Gallica
1411 813 1492 884 bano

133 921 235 970 aeram
265 903 321 968 diu
349 903 512 969 admodum
538 903 577 966 ab
611 902 803 986 aequinoctio
835 905 959 990 incepit
1010 908 1109 972 Facta
1139 907 1199 974 luit
1226 909 1257 985 ό
1287 905 1328 988 Θ
1357 909 1380 985 d
1411 927 1491 976 nnnc

132 992 195 1058 808
209 993 410 1075 Dionysiauo
432 999 539 1058 nostra
560 991 766 1074 usurpatione.
812 991 899 1066 Quae
923 1015 991 1060 omn
1010 996 1153 1062 inciderit
1174 1006 1246 1062 ante
1268 998 1400 1081 pascha,
1421 999 1491 1066 ideo

132 1082 232 1148 adbuc
255 1083 407 1148 tribuitur
429 1104 448 1146 a
470 1081 620 1166 scriptore
640 1083 693 1148 illo
716 1101 796 1146 anuo
818 1078 893 1148 807.
938 1085 1010 1150 Nou
1034 1085 1123 1152 multi
1145 1087 1392 1154 animadvertunt
1411 1087 1492 1156 bono

130 1174 249 1238 butem
272 1173 404 1248 erroris,
428 1168 505 1235 aliis
528 1165 656 1256 qiilibet
676 1171 811 1249 illorum,
834 1172 886 1254 qui
907 1173 944 1237 de
964 1175 1157 1241 mutilatione
1173 1184 1354 1259 queruntur,
1376 1176 1413 1240 de
1429 1196 1489 1240 uno

129 1263 256 1344 insopor
271 1282 355 1328 anno
372 1269 578 1344 quererentur.
608 1260 652 1328 Et
667 1279 733 1343 ego,
750 1262 800 1344 qui
815 1266 1136 1346 nostramopinionem
1151 1260 1237 1347 (dum
1251 1273 1393 1350 putamus
1406 1261 1490 1336 1007

131 1352 337 1418 anativitata
352 1351 498 1434 compleri
511 1351 613 1414 futuro
628 1345 806 1432 Decembri)
828 1370 924 1434 arguo
940 1355 1147 1438 quinquennii,
1167 1355 1348 1438 Dionysium
1363 1373 1491 1438 arguere

130 1443 230 1506 debeo
248 1440 399 1516 sexennii,
415 1439 485 1525 quia
499 1441 526 1506 is
536 1439 624 1504 nobis
634 1460 695 1504 non
710 1440 1024 1508 animadvertentibus
1032 1445 1162 1530 putavit,
1178 1437 1327 1525 superiori
1339 1444 1391 1510 25.
1401 1445 1489 1510 Mar-

131 1532 167 1598 tii
188 1533 366 1614 completos
390 1549 459 1594 asse
484 1529 568 1604 1606
584 1531 832 1620 aeoneeptioue,
855 1532 1050 1615 complendos
1073 1535 1173 1598 tuturo
1190 1534 1347 1600 25.Decb.
1363 1533 1493 1602 totidem

130 1645 151 1686 a
163 1621 347 1687 nativitate.
364 1653 411 1666 -
425 1619 490 1702 Sed
504 1620 581 1684 baec
596 1639 743 1684 annorum
759 1639 875 1684 summa
890 1623 984 1688 etiam
999 1643 1054 1706 per
1076 1624 1348 1690 dissimulationem
1359 1631 1492 1708 accepta

130 1712 169 1775 de
192 1711 367 1775 nativitate
389 1710 526 1792 arguitur
548 1709 660 1774 erroris
689 1710 787 1776 tribus
809 1711 922 1774 modis:
960 1714 1056 1796 primo
1078 1735 1175 1777 annus
1203 1713 1252 1778 15.
1271 1713 1385 1778 'liberii
1407 1731 1491 1778 mors

127 1801 276 1866 Murano
301 1799 478 1864 extenditur
502 1821 521 1862 a
543 1797 609 1864 Gal.
631 1798 701 1863 Jau.
724 1800 796 1862 anui
819 1795 870 1866 73.
914 1801 997 1866 Nam
1017 1805 1131 1886 primus
1155 1823 1254 1868 annus
1271 1801 1385 1869 Tiberii
1407 1823 1492 1870 more

128 1892 275 1956 Romam
301 1910 363 1954 non
387 1889 446 1954 fuit
468 1889 587 1971 longior
611 1881 672 1973 29,
700 1889 871 1955 mensibus:
904 1893 1045 1958 consules
1074 1894 1154 1959 enim
1181 1894 1349 1960 terminant
1372 1913 1493 1962 annum.

128 1982 232 2063 Igitur
255 1999 339 2043 auno
362 1973 416 2043 73.
435 1978 572 2042 loannes
601 1978 703 2060 coepit
727 1979 899 2061 baptisare;
929 2001 1009 2046 anno
1030 1983 1125 2065 igitur
1147 1977 1198 2047 73.
1222 1983 1250 2047 d.
1267 1984 1346 2047 Nor.
1366 1983 1415 2046 vel
1439 1978 1505 2048 tt·

131 2069 244 2136 blan.
262 2067 410 2135 Christus
424 2069 482 2133 fuit
495 2068 679 2150 baptisatus.
723 2067 810 2134 Unus
818 2070 919 2151 sigitur
934 2088 1031 2137 annus
1052 2079 1102 2136 est
1117 2071 1332 2154 deprehensus.
1371 2072 1492 2136 Deinde

132 2167 259 2224 veteres
282 2159 353 2222 illos
369 2159 413 2223 30
428 2177 524 2224 annos
541 2155 658 2224 Christi
672 2177 728 2242 pro
744 2159 904 2240 completis
926 2161 990 2224 fere
1013 2162 1219 2244 accipiebant:
1244 2163 1331 2225 auser
1352 2161 1396 2226 30
1412 2183 1432 2225 a
1447 2155 1490 2228 73

132 2259 167 2314 et
182 2245 244 2326 74,
269 2267 343 2331 argo
359 2267 440 2313 auno
456 2241 508 2312 73.
523 2247 602 2313 Nor.
624 2247 674 2310 vel
690 2241 741 2314 74.
760 2247 831 2314 Jan.
848 2247 992 2314 Christus
1013 2251 1150 2316 habebat
1171 2253 1234 2316 lere
1250 2251 1293 2316 30
1310 2269 1425 2326 anuos,
1447 2251 1492 2320 sio

131 2341 229 2424 igitur
251 2345 346 2404 natos
369 2346 456 2402 esset
473 2337 597 2404 Juliano
619 2336 671 2402 43.
692 2337 864 2403 Decembri,
902 2337 957 2404 Sic
977 2341 1057 2403 alter
1079 2359 1177 2404 annus
1201 2341 1408 2422 deprehensus
1433 2345 1492 2404 est
1530 2354 1535 2363 -
1589 2341 1595 2348 .

132 2429 313 2496 Triennium
333 2419 407 2492 vero
429 2427 576 2512 reliquum
598 2426 835 2509 deprehenditur
854 2427 912 2492 sic:
942 2430 1144 2494 certissimum
1166 2436 1230 2504 est,
1251 2429 1406 2494 Herodem
1421 2447 1491 2494 ossa

132 2527 292 2586 mortuum
309 2518 433 2585 Julianc
447 2517 506 2582 42.
528 2523 600 2581 ante
615 2515 741 2599 paseha.
784 2517 868 2604 Ergo
890 2516 1034 2584 Christus
1050 2528 1104 2583 aut
1120 2539 1199 2582 anno
1215 2519 1283 2594 41„
1305 2525 1341 2582 ot
1356 2515 1492 2600 Suslyga

132 2610 210 2688 volt,
225 2617 283 2674 aut
298 2628 379 2672 anno
394 2607 446 2671 40.
462 2614 497 2672 ut
512 2627 583 2690 ego,
605 2606 741 2671 25.Deo.
757 2613 848 2670 natus
864 2615 928 2684 est,
951 2607 1318 2683 conumeraremus,
1333 2601 1403 2670 duas
1417 2605 1492 2678 dans

132 2721 295 2782 τριωιοηα
316 2705 444 2762 nonest
463 2697 600 2779 praecisa
623 2697 682 2772 30,
705 2696 760 2758 sad
781 2696 825 2759 32
848 2697 897 2760 vel
918 2697 960 2762 33
984 2698 1057 2763 iere.
1100 2699 1268 2764 Numerum
1289 2696 1369 2765 onim
1391 2714 1490 2777 augeo

133 2791 242 2856 eodem
252 2789 334 2872 jure,
349 2807 408 2872 quo
423 2786 590 2868 Dionysius
605 2786 705 2870 ipsum
718 2786 923 2851 mutilaverat

93 2937 95 2942 .
221 2877 351 2945 Barouii
374 2883 546 2958 computum
568 2894 625 2958 ego
647 2895 708 2939 non
730 2875 874 2958 expendi,
900 2877 1033 2943 affirmet
1056 2857 1160 2941 tamen
1182 2873 1368 2951 Daolerius,
1393 2873 1488 2938 etiam
1609 2913 1618 2933 .

132 2970 218 3036 illum
233 2967 347 3033 alicubi
364 2968 464 3031 subito
485 2965 518 3030 in
532 2965 680 3048 epocham
693 2963 916 3048 Dionysiorum
937 2967 1109 3044 transilire,
1132 2985 1200 3030 oum
1213 2965 1297 3049 prins
1313 2963 1352 3028 ab
1370 2981 1406 3026 oo
1423 2962 1489 3026 dis-

134 3061 296 3125 sensisset
325 3058 375 3122 De
390 3047 476 3120 auno'
484 3055 643 3120 Passionis
659 3074 726 3119 cum
742 3054 899 3120 obsideres
914 3056 1101 3132 aDeolreriq
1116 3064 1227 3139 pactus
1243 3072 1309 3118 sum
1323 3071 1491 3134 pancorum
1589 3119 1595 3130 ,

134 3151 253 3213 dierum
267 3147 420 3222 inducias,
434 3146 517 3210 intra
532 3165 621 3228 quos,
642 3145 668 3208 si
683 3145 766 3208 nulla
780 3145 853 3208 mibi
869 3146 1004 3210 subsidia
1018 3145 1214 3210 mitterentur
1229 3164 1247 3207 a
1264 3142 1384 3207 Graeco
1400 3148 1488 3206 textu

133 3237 310 3324 Epipbanii,
327 3237 511 3300 deditionem
525 3235 643 3299 faciam.
666 3235 870 3298 Nihilominus
878 3231 1050 3318 Epiphanio
1066 3232 1364 3300 eontraDeekerium
1379 3249 1489 3294 assen-

136 3329 196 3393 tior
218 3329 258 3391 de
280 3327 402 3391 biennio
425 3332 459 3388 et
472 3324 641 3407 quadrante
662 3324 900 3406 praedicationis
916 3324 1040 3391 Christi
1086 3325 1269 3399 causaest,
1290 3322 1361 3404 qula
1375 3319 1492 3384 Tiberii

139 3419 189 3484 15.
201 3417 316 3500 incipit
329 3435 391 3480 non
407 3421 479 3480 anta
495 3413 562 3480 Cal
576 3415 646 3478 Jan
660 3414 774 3479 Juliani
790 3409 842 3478 73.
887 3412 1046 3486 Quomodo
1062 3433 1135 3496 erqo
1154 3414 1236 3476 fame
1250 3409 1490 3494 praedicationis
1580 3403 1582 3417 '

137 3508 267 3573 loannis
291 3507 376 3570 intra
405 3504 597 3589 quatriduum
626 3504 795 3567 excitasset
817 3502 968 3567 Judaeum
999 3512 1032 3569 et
1056 3501 1212 3570 Christum
1242 3501 1281 3564 ad
1305 3499 1492 3584 baptismum

138 3598 166 3663 0.
181 3601 254 3663 Jan.
278 3596 414 3679 ejusdem
436 3593 526 3658 anni?
554 3593 636 3676 Ergo
660 3591 802 3658 Christus
821 3594 998 3675 baptisatus
1021 3601 1070 3658 est
1091 3600 1145 3656 sut
1165 3583 1243 3656 Nor.
1270 3589 1341 3654 anni
1362 3582 1414 3653 73.
1437 3593 1492 3653 aut

136 3686 288 3754 Jmuario
304 3686 375 3750 suni
392 3680 448 3749 74:
471 3703 581 3767 passus
607 3703 687 3748 anno
709 3678 760 3748 76.
775 3683 889 3748 Tiberii
907 3683 956 3748 18.
997 3681 1074 3749 Cum
1086 3681 1195 3746 Jacobi
1211 3679 1330 3762 Capelli
1344 3677 1490 3760 Epocbaa

138 3779 264 3862 saepius
279 3797 300 3840 a
313 3773 488 3857 bibliopolis
501 3773 669 3855 petiissem,
684 3773 817 3838 nondum
832 3780 935 3838 tumen
952 3773 1112 3838 dederunt:
1136 3777 1251 3852 negant
1265 3767 1403 3832 inveniri.

225 3867 278 3932 De
292 3865 444 3932 dubilaeis
458 3863 607 3946 perplexa
620 3863 693 3926 mibi
709 3862 829 3926 videtur
844 3863 1020 3946 disputatio.
1062 3857 1143 3927 Nam
1159 3859 1350 3924 concinnitas
1370 3867 1404 3944 et
1418 3877 1493 3942 pro·

137 3951 278 4042 portici
300 3964 334 4018 et
356 3954 399 4021 49
422 3961 455 4018 et
477 3953 647 4017 auotoritas
662 3953 855 4018 rabbinorum
876 3952 984 4018 volunt
999 3949 1041 4018 49
1066 3971 1133 4015 esse
1148 3950 1328 4014 Jubileeum.
1375 3945 1494 4015 Ocntra

138 4057 246 4112 textus
261 4043 337 4110 Lar.
353 4043 405 4108 25.
438 4038 473 4126 1)
489 4041 974 4126 commensurationem
1004 4039 1080 4108 Cum
1094 4060 1167 4122 ergo
1181 4039 1331 4122 septimus
1347 4036 1390 4122 sit
1405 4039 1492 4104 clac-

139 4138 214 4214 sula
230 4136 293 4200 erit
308 4143 342 4198 et
357 4135 409 4200 50.
454 4127 491 4216 2)
508 4132 597 4198 Sicut
612 4133 701 4198 dicit:
717 4133 738 4198 6
755 4152 850 4196 annos
867 4132 1025 4211 aaronita
1039 4129 1126 4195 dicit:
1141 4130 1314 4194 numerabis
1329 4126 1372 4192 49
1388 4145 1493 4192 annos.

139 4227 203 4293 illic
219 4225 338 4290 solidos
354 4223 376 4289 6
392 4223 550 4306 iutelligit3
575 4243 629 4288 cur
643 4243 704 4288 non
718 4223 812 4304 igitur
832 4230 865 4286 et
878 4221 928 4286 hic
950 4223 1062 4286 solidos
1081 4219 1145 4284 49?
1182 4213 1218 4304 3)
1241 4218 1291 4283 De
1305 4235 1384 4280 novo
1400 4233 1493 4300 prae-

139 4318 220 4400 cipit,
236 4336 275 4380 ne
292 4321 417 4379 seratur
431 4321 523 4378 terra
553 4313 599 4378 At
614 4313 641 4376 si
657 4319 707 4376 est
728 4312 787 4388 49,
809 4332 863 4395 per
883 4331 916 4374 se
934 4319 983 4376 est
997 4307 1216 4385 sabbathum,
1238 4328 1295 4373 nec
1311 4327 1387 4388 opus
1402 4323 1493 4387 repe·

139 4408 247 4472 titione
263 4404 434 4470 interdicti„
463 4397 500 4486 4)
523 4401 614 4467 Adde
630 4403 772 4467 naturam
786 4402 901 4466 numeri
916 4399 968 4477 to,
985 4401 1047 4464 100
1063 4399 1115 4464 &a
1145 4401 1254 4481 Itaque
1269 4405 1359 4480 puto,
1380 4397 1408 4460 ai
1422 4411 1494 4458 vare

142 4497 190 4564 dd.
205 4498 266 4562 fuit
281 4495 455 4570 anilaeus,
469 4492 698 4575 perambulasse
714 4491 936 4555 hebdomadem
951 4509 1104 4553 annorum.
1148 4491 1230 4554 Nam
1249 4487 1344 4550 babet
1359 4481 1495 4559 deditio,

140 4589 352 4653 continuatam
362 4601 420 4648 neo
430 4583 608 4664 interrumpi
619 4583 742 4646 solitam
751 4601 830 4645 anno
840 4579 891 4644 50.
918 4577 1030 4662 cyclus
1041 4579 1136 4662 igitur
1150 4578 1246 4664 oritur
1261 4591 1405 4640 annorum
1421 4569 1495 4636 350.

226 4675 322 4751 Quod
339 4675 435 4740 affers
451 4693 490 4736 ex
499 4673 527 4735 2.
537 4671 614 4755 Reg.
627 4672 679 4749 19,
694 4691 721 4735 v.
738 4671 790 4749 29,
806 4669 955 4735 imbecille
971 4675 1028 4734 est.
1064 4669 1156 4734 Anno
1173 4663 1375 4750 expeditionis
1389 4659 1494 4745 Assy-

138 4769 237 4838 rlanaa
247 4765 383 4850 jubetur
397 4759 547 4827 Ezechias
570 4763 727 4827 comedere
748 4761 942 4825 conculcata:
965 4758 1036 4841 quia
1057 4758 1157 4824 hostis
1172 4774 1289 4824 messes
1305 4757 1496 4830 vastaverat,

135 4881 212 4932 uno
227 4861 389 4942 sequente
404 4852 523 4918 demum
537 4851 670 4917 innuitur
684 4850 877 4916 Sabbatbum
893 4857 1004 4914 torrae.
