3310 5538
548 351 665 404 ossus
677 351 861 417 emortuum
1333 299 1379 402 ιι

70 499 178 573 tempore
191 491 267 556 inter
280 491 333 556 Eli
348 501 380 556 et
394 491 525 558 Saulem
554 493 677 556 Addam
692 512 763 574 ergo
779 493 822 556 28
837 514 942 570 annos,
962 515 1036 578 quos
1052 497 1150 561 adhuc
1165 496 1321 560 desideras
1337 517 1376 560 ex

68 581 222 644 tomeritate
243 581 332 644 Pauli
346 583 416 646 Aet
435 574 490 657 13,
512 589 547 646 ut
570 601 686 644 suumne
707 583 898 658 detrahenda
916 585 970 648 liat
986 584 1063 660 1953
1075 586 1249 650 restabunt
1263 586 1374 650 nihilo·
1497 633 1500 640 ,

67 671 142 732 uiuos
154 671 213 732 400
228 672 291 733 lere
307 671 378 734 anm'
393 671 432 734 ab
448 671 540 746 exitu,
556 679 588 734 et
602 671 667 734 360
683 672 722 752 ab
737 672 877 753 ingresso
890 673 921 736 in
938 672 1064 738 Ganaau
1080 675 1301 755 adJephtham.
1330 675 1377 740 At

66 760 197 836 enimvero,
212 759 396 840 silephthes
411 760 476 824 360
486 779 642 824 numerare
652 760 811 842 potuisset,
826 763 963 843 prolecto
979 782 1040 826 nou
1055 771 1174 826 tantum
1189 764 1253 826 300
1268 783 1375 826 nume·

66 855 152 922 meet,
164 848 303 926 namhoc
318 849 415 930 magis
430 850 470 912 ad
486 869 609 912 causam
623 869 709 912 suam
723 850 865 926 faciebat,
880 851 949 932 quia
959 851 1001 914 60
1018 860 1067 914 est
1081 853 1149 932 plus
1164 853 1286 914 dimidie
1302 872 1375 917 cen·

68 937 134 998 toria
159 937 251 999 Porro
267 937 350 1011 vide,
371 939 517 1020 quomodo
534 957 649 1002 somma
668 939 732 1002 300
753 958 899 1002 annornm
919 941 1079 1020 colligatur
1093 941 1298 1022 probabiliter.
1326 942 1377 1005 Da

66 1023 214 1100 ldivisioni,
232 1025 473 1106 lgestiandae,
488 1027 836 1092 80husan-Risathaim
852 1024 956 1110 (modo
966 1048 1058 1110 sopra
1068 1030 1159 1104 dicto,
1179 1029 1376 1109 utinceperit
1422 1061 1426 1066 v

65 1115 121 1176 lues
133 1133 260 1194 premere
275 1109 509 1198 Hebraeorum),
523 1118 567 1179 40
583 1117 685 1197 quieti,
703 1117 743 1179 18
756 1117 899 1182 servituti
913 1118 1108 1192 Moabiticae,
1123 1118 1166 1182 80
1182 1119 1288 1200 quieti,
1309 1137 1376 1182 cum

65 1203 146 1282 pibus
161 1205 200 1266 20
215 1225 313 1266 annos
327 1205 446 1268 Jabinis
462 1205 592 1269 termina
605 1206 663 1280 itu,
685 1213 720 1267 ut
739 1225 799 1270 non
818 1213 1025 1273 numerentur:
1047 1208 1120 1289 quia
1139 1207 1221 1284 nulla
1243 1208 1375 1270 servitus

65 1290 219 1372 superiorum
233 1292 278 1354 ita
289 1294 444 1362 commode
454 1294 552 1357 omitti
562 1302 675 1374 potest,
690 1295 818 1370 ethaeo.
841 1296 926 1358 Alibi
940 1315 1047 1377 nempe
1057 1296 1155 1376 magia
1165 1297 1259 1360 verba
1274 1297 1374 1360 reela-

64 1387 133 1440 nant
153 1381 223 1442 Inde
238 1381 281 1444 40
290 1382 401 1463 quietis
416 1384 471 1447 sub
486 1379 619 1458 Debere,
634 1390 667 1443 et
689 1381 1311 1460 cumiistermina'lannosltlidianitarum,
1327 1384 1376 1466 qni
1511 1441 1516 1446 .

64 1477 193 1530 trmseam
206 1470 331 1534 incensi
360 1471 492 1534 Rursum
506 1472 548 1533 40
565 1471 689 1552 quietis,
709 1472 730 1535 3
744 1472 948 1548 Abimelechi,
964 1475 1006 1536 23
1022 1474 1151 1547 Tholae,
1168 1475 1210 1536 22
1224 1474 1316 1548 Jairi,
1334 1471 1376 1535 18

63 1555 274 1622 Philistaeur'um.
313 1558 436 1622 Summa
458 1561 516 1622 erit
539 1561 619 1634 300,
641 1559 760 1642 qualem
773 1562 910 1642 Jephtha
931 1571 1079 1625 numerat
1116 1560 1284 1624 Omisimus.
1303 1579 1375 1642 ergo

64 1645 119 1706 duas
132 1655 244 1710 tantum
258 1649 424 1727 servitutes
439 1651 482 1712 20
499 1657 531 1710 et
546 1643 566 1712 7
582 1669 735 1712 annorum.
764 1649 847 1731 Ergo
869 1651 906 1712 de
923 1653 965 1714 20
981 1651 1069 1714 anuis
1089 1649 1121 1713 id
1142 1657 1226 1726 tene,
1245 1651 1303 1714 fine
1320 1669 1375 1719 oa·

62 1734 115 1812 pitis
128 1735 154 1797 3.
168 1736 316 1818 quievisse
333 1737 442 1802 dicitnr
457 1746 542 1802 terra
556 1737 599 1800 80
616 1738 711 1800 anuis.
736 1740 782 1800 At
797 1759 856 1802 nou
872 1759 965 1820 usque
983 1741 1023 1804 ad
1037 1747 1165 1802 mortem
1178 1739 1283 1814 Ehnd;
1306 1758 1377 1801 nam

63 1823 133 1884 stiam
145 1823 298 1906 Semgaris
315 1827 351 1888 lit
364 1827 488 1902 mentio,
502 1835 538 1892 ut
551 1826 705 1910 intelligas
720 1827 809 1890 Ehnd
824 1836 974 1890 mortuum
990 1829 1088 1904 citius,
1111 1829 1193 1892 circa
1207 1847 1318 1892 ennom
1333 1827 1376 1890 50

63 1911 98 1972 sel
111 1911 146 1975 60
159 1913 242 1976 illius
252 1934 395 1978 summae.
425 1916 500 1980 Inde
515 1935 586 1996 cap.
602 1915 631 1978 4.
651 1923 822 1996 peccarunt·
836 1937 896 1980 non
911 1925 984 1998 post
998 1925 1126 1980 exactos
1141 1917 1184 1980 80
1200 1936 1305 1992 annos,
1321 1916 1376 1979 sed

62 2009 244 2078 postmortem
258 2003 359 2068 Ehud.
394 2003 521 2067 Venditi
542 2012 645 2066 autem
665 2005 696 2066 in
720 2006 897 2068 servitutem
919 2026 979 2070 non
994 2007 1088 2082 bello,
1109 2006 1166 2068 sed
1183 2006 1316 2085 ,Zvang
1332 2005 1375 2067 aie

62 2088 101 2150 mit
110 2089 235 2154 Gevalt“
252 2100 381 2173 propter
396 2113 500 2155 currus
515 2094 639 2168 ferreos,
654 2093 704 2174 qui
714 2093 806 2156 etiam
816 2115 880 2177 cap.
893 2096 920 2157 l.
930 2096 1029 2158 Judae
1044 2095 1263 2176 insuperabiles
1280 2100 1376 2156 eraut

61 2175 158 2246 Quievit
171 2181 262 2262 igitur
277 2191 363 2244 terra
377 2181 568 2246 nihilominus
584 2183 640 2244 sub
656 2183 770 2246 servitu
786 2185 827 2245 20
844 2201 1002 2248 annorum:
1026 2203 1087 2246 nou
1102 2191 1171 2246 erat
1185 2183 1305 2258 bellum,
1320 2182 1375 2246 sed

62 2267 218 2331 menoeceus
233 2271 377 2352 potentia
391 2278 425 2334 et
439 2279 545 2334 terror.
584 2272 630 2333 At
651 2291 743 2352 supra
764 2271 805 2335 18
821 2273 891 2336 anni
907 2273 1063 2337 servitutis
1086 2295 1106 2334 a
1126 2271 1206 2348 bello
1229 2279 1262 2334 et
1283 2278 1375 2352 capta

62 2355 158 2418 civitate
171 2359 345 2422 Palmarom
360 2361 554 2442 incipiebant.
582 2359 699 2423 Eadem
713 2360 803 2442 plane
819 2361 878 2424 dici
893 2369 1022 2442 possunt
1038 2362 1074 2423 de
1090 2357 1111 2426 7
1127 2360 1214 2422 aunis
1229 2359 1373 2422 Midiani-

62 2453 143 2506 tumm
174 2448 296 2524 Habes,
319 2458 355 2511 ut
375 2451 495 2536 opinor,
518 2458 727 2532 argumentum
750 2451 826 2512 satis
848 2451 1041 2514 memorabile
1067 2457 1099 2511 et
1124 2449 1300 2529 speciosum.
1339 2448 1377 2510 Id
1484 2495 1488 2504 ι
1563 2483 1569 2490 -

61 2539 366 2616 sotempcrtexamsio.
389 2539 442 2601 Ad
452 2533 547 2605 annos
558 2539 622 2602 300
633 2538 745 2601 addam
760 2539 886 2620 steph,
903 2535 1054 2614 'lAbess,
1072 2540 1112 2600 10
1122 2538 1209 2612 Eion,
1224 2535 1375 2611 8Abdon,

61 2623 328 2702 40Phillstaeorum,
344 2625 492 2694 Simeonis
508 2627 610 2702 etEli,
631 2629 673 2690 20
689 2646 788 2702 arcae,
803 2629 846 2690 33
856 2627 984 2690 Davidis
1000 2628 1031 2690 in
1045 2626 1224 2702 Jerusalem,
1245 2626 1265 2688 3
1281 2624 1375 2700 Salo-

61 2712 144 2788 monis,
163 2715 288 2797 denique
311 2713 355 2790 40
371 2716 494 2779 deserti.
525 2715 714 2797 colligentur
729 2712 808 2792 467,
828 2737 904 2800 qnae
927 2736 1043 2780 summa
1063 2717 1153 2780 abest
1173 2737 1193 2778 a
1207 2713 1272 2778 480
1288 2714 1376 2776 annis

64 2797 149 2862 ltaut
163 2803 210 2866 13.
237 2805 387 2868 Dicamus
403 2803 502 2886 igitur,
520 2805 675 2886 Jephthae
696 2806 878 2886 superfuisse
901 2806 1046 2886 pauculos
1068 2823 1165 2868 annus
1188 2823 1280 2885 snpra
1301 2804 1375 2878 300,

60 2886 109 2949 illos
121 2911 157 2952 sc.
171 2891 248 2956 iuter
257 2901 389 2956 mortem
396 2893 510 2956 Josnae
520 2901 553 2956 et
560 2893 679 2956 initium
689 2893 846 2958 servitutis
857 2893 1182 2969 Chusan-Risathaim,
1198 2893 1249 2975 qui
1263 2891 1376 2954 luerint

61 2973 123 3039 lvel
135 2979 162 3042 8.
188 2981 337 3064 Reliquos
356 2982 378 3045 4
397 2983 447 3044 vel
466 2982 486 3045 5
502 3001 691 3064 per-menses
713 2983 927 3048 distribuamus
946 2984 1028 3046 inter
1047 2990 1097 3046 tot
1111 2983 1245 3063 judices,
1267 2981 1374 3064 quibus

60 3062 144 3147 ntegri
157 3070 223 3132 anni
239 3071 454 3134 adscribuntur
469 3071 588 3136 omissis
602 3072 764 3147 mensibus,
780 3081 812 3134 et
827 3071 991 3154 probabilis
1007 3073 1095 3135 nobis
1110 3071 1164 3134 flet
1179 3089 1295 3134 summa
1309 3069 1375 3134 480

60 3173 183 3220 surorum.
216 3159 251 3223 Si
267 3180 345 3242 quas
359 3160 410 3222 hio
429 3160 535 3224 turbas
554 3168 658 3223 movet
676 3161 794 3224 initium
813 3162 882 3224 libri
896 3162 1049 3237 Judioum‚
1072 3179 1126 3223 eas
1141 3160 1187 3223 ita
1201 3159 1375 3236 toleremus,

60 3251 83 3302 ιι
94 3246 253 3328 sumamus,
272 3248 367 3312 isthic
382 3248 512 3312 describi
534 3245 679 3312 sommam
702 3257 734 3311 et
754 3259 962 3332 argumentum
982 3250 1063 3325 libri,
1086 3257 1118 3312 et
1136 3249 1272 3312 rationes
1294 3248 1376 3311 tradi

59 3343 235 3400 secuturarum
248 3338 461 3416 mutationum,
476 3357 552 3420 quae
568 3359 627 3402 non
642 3340 688 3402 ita
702 3339 838 3427 praecise
853 3337 1002 3420 incipiunt
1015 3337 1088 3420 pos't
1101 3346 1231 3401 mortem
1246 3337 1390 3400 omnium'

60 3422 152 3486 omino
166 3426 335 3502 seniorum,
357 3427 437 3498 sicut
451 3447 507 3490 neo
521 3445 653 3508 poenae,
675 3448 751 3509 quas
773 3428 953 3509 superstites
976 3427 1092 3509 aliquot
1114 3447 1204 3490 senes
1225 3426 1376 3502 viderunt,

59 3507 123 3573 initio
135 3515 331 3594 gravissimae
347 3517 476 3580 luerunt
508 3517 557 3596 En
573 3516 630 3580 tibi
645 3515 838 3580 Othonielem
848 3516 983 3598 jndicem
1002 3525 1036 3580 et
1055 3516 1263 3592 liberatorem,
1285 3535 1376 3578 uuum

60 3607 122 3662 erte
135 3621 169 3664 ax
182 3603 228 3679 iis,
243 3605 295 3687 qui
311 3605 452 3668 viderunt
466 3603 615 3668 mirabilia
629 3605 688 3670 Dei
704 3605 734 3670 in
750 3613 833 3670 terra
849 3603 985 3672 Censen.
1014 3605 1074 3668 Est
1088 3605 1168 3668 enim
1184 3603 1248 3686 ejus
1260 3604 1375 3668 mentio

60 3687 129 3752 etism
141 3701 229 3756 autea
245 3703 280 3758 et
294 3692 404 3760 Galebi
418 3695 512 3758 frater
532 3701 587 3758 aut
600 3695 705 3759 fratris
719 3693 798 3760 lilius
814 3701 876 3770 est,
901 3692 996 3758 0aleb
1017 3713 1090 3756 vero
1106 3693 1149 3756 85
1166 3713 1262 3759 annos
1282 3693 1378 3757 hebet

60 3773 237 3857 indivisione,
258 3783 353 3864 paulo
374 3801 447 3864 ergo
467 3783 625 3864 pauciores
638 3785 757 3859 Kenas,
778 3791 813 3846 ut
827 3784 908 3846 bona
928 3802 996 3846 cum
1014 3783 1073 3844 lide
1090 3781 1235 3846 Othoniel
1252 3785 1376 3853 (tethel)

60 3867 187 3942 possideat
207 3871 250 3934 40
267 3892 366 3936 annos
385 3871 416 3934 in
436 3871 575 3952 ingressu
597 3871 730 3938 Causae.
766 3873 798 3936 Is
812 3871 879 3952 jam
897 3871 1008 3935 liberat
1023 3871 1195 3948 Israelitas,
1219 3878 1377 3952 spectator

61 3953 112 4016 otu
124 3977 215 4022 rerum
230 3968 265 4024 et
281 3960 396 4024 deserti
411 3967 444 4024 et
454 3960 586 4036 Ganaae,
602 3969 635 4024 et
650 3961 676 4022 si
685 3961 792 4024 literae
804 3960 939 4024 ordinem
954 3960 1085 4022 strictim
1100 3979 1220 4042 urgeas,
1235 3957 1279 4022 40
1288 3959 1377 4024 aunis

60 4045 212 4124 supervivit3
235 4048 346 4132 quibus
365 4049 444 4113 adde
464 4044 485 4112 7
506 4049 660 4113 divisionis
683 4057 715 4112 et
739 4051 779 4114 13
799 4049 936 4132 integros
956 4049 1145 4112 differentiae
1166 4048 1305 4132 superius
1324 4068 1376 4112 re·
1423 4083 1445 4116 ι

60 4141 156 4210 terme,
176 4137 273 4201 habes
295 4138 338 4202 60
360 4137 401 4201 ad
415 4157 569 4202 summum.
604 4139 731 4220 Largire
743 4146 858 4202 *autem
878 4145 1013 4200 aetatem
1029 4137 1071 4201 80
1088 4150 1243 4203 annornm.
1278 4138 1376 4202 Vides

60 4222 169 4286 mutus
183 4227 281 4290 modis
297 4227 338 4290 ad
351 4227 503 4290 minimum
517 4229 601 4292 illum
616 4229 659 4290 20
674 4247 819 4290 annorum
836 4247 905 4290 esse
919 4227 1056 4310 potuisse
1068 4227 1104 4292 'iu
1117 4227 1266 4308 ingressu,
1283 4234 1316 4290 et
1331 4226 1375 4288 sic
1462 4287 1466 4292 .

60 4307 147 4377 vidisse
160 4333 252 4394 opera
266 4315 335 4380 De'u
369 4315 454 4379 Nihil
475 4316 568 4398 igitur
587 4336 661 4382 vero
684 4316 827 4380 dissimile
845 4315 920 4392 dixi,
940 4335 997 4381 uec
1012 4315 1073 4378 vim
1093 4316 1151 4380 leci
1166 4315 1283 4391 verbis,
1308 4315 1375 4392 „die

61 4395 191 4466 dalebten
204 4404 271 4468 eine
285 4405 376 4486 lange
393 4405 462 4467 Zeit
476 4404 689 4480 nechJosua“,
704 4405 763 4468 uisi
778 4424 868 4487 quem
882 4405 943 4468 vim
959 4405 1116 4486 sequentia
1132 4407 1209 4468 haec
1225 4406 1263 4467 de
1273 4402 1375 4466 Otho-

61 4485 118 4552 viele
131 4491 289 4556 intentant
316 4491 391 4566 Quis
402 4493 481 4556 enim
496 4493 694 4576 probabiliter
710 4493 830 4570 dixerit,
846 4492 960 4558 Galobo
978 4494 1172 4575 ootagenurio
1188 4501 1293 4558 natum
1308 4509 1376 4554 esse

61 4591 88 4634 ιι
99 4577 185 4641 lrstre
199 4591 339 4663 nepotem
353 4581 384 4645 iu
401 4581 515 4658 Oenea,
530 4583 580 4664 qui
595 4583 669 4646 nihil
685 4601 787 4646 eorum
802 4581 922 4660 viderit,
944 4601 1020 4667 quae
1036 4582 1067 4647 in
1083 4584 1204 4647 deserto
1222 4589 1255 4644 et
1270 4579 1377 4644 Oanaa

61 4665 228 4732 ecciderunt?

125 4757 255 4822 Tertium
269 4767 479 4842 argumentum
494 4759 609 4824 deduco
625 4778 664 4824 ex
679 4761 859 4842 genealogia
872 4759 1016 4824 Davidis:
1039 4760 1129 4837 Judo,
1144 4759 1271 4832 Pheres,
1289 4757 1375 4822 Hee-

60 4843 210 4922 04114111,
228 4847 408 4926 Aminadab,
428 4849 606 4926 Nabasson,
621 4847 850 4926 Salmaltoas,
866 4847 1182 5003 Obed,1sai,Dav⁶1·d
1210 4845 1376 4922 Naheason
