3412 5538
605 311 720 404 ceatur
731 349 915 416 cacologiae.
1387 327 1429 396 81

107 488 182 562 Quod
201 499 234 554 ot
255 499 343 554 tanto
360 491 474 554 rectius
490 491 638 572 explicem
659 501 749 577 atque
771 500 806 557 ut
828 494 909 575 apud
928 491 1026 555 rimm
1047 491 1202 555 literatum
1222 494 1280 558 hoc
1296 499 1431 571 tempore

106 581 208 644 nonnisi
222 601 289 644 cum
303 589 410 644 strena
425 580 561 644 literaria
577 601 775 664 compaream,
791 602 847 665 age
864 582 1035 645 adscribam
1049 582 1215 662 perfectam
1231 581 1344 644 dierum
1360 580 1432 642 anni

106 671 201 732 reteds
220 670 352 734 Romani
374 690 442 743 curn
464 691 542 734 anno
563 672 686 736 Juliano
709 673 951 754 congruentiam,
971 672 1016 733 uti
1039 671 1157 752 quidem
1178 671 1221 734 illi
1244 692 1263 732 a
1284 669 1431 751 principio

105 757 163 821 belli
177 759 271 822 civilis
295 780 389 842 osque
413 761 453 822 ad
474 761 620 823 abolitam
642 782 708 828 eam
730 763 880 826 rationem
901 782 920 823 a
941 759 1073 824 Caesare
1097 761 1305 824 cohaeserunt
1357 759 1431 821 Ideo

105 847 136 910 ad
154 855 196 924 te,
216 850 287 930 quia
308 850 459 912 nemiuem
480 850 619 912 existimo
641 851 673 914 id
696 853 844 914 hactenus
865 851 1031 924 indicasse,
1054 857 1086 910 et
1108 850 1177 930 quia
1199 869 1275 915 cum.
1288 849 1324 910 de
1341 856 1431 912 ante-

104 937 262 1000 cedentibus
279 939 368 1000 annis
385 933 505 1020 (paucis
522 935 674 1020 exceptis)
689 941 861 1005 necessario
878 940 1064 1020 desperetur,
1080 938 1222 1002 credibile
1238 945 1295 1014 est,
1311 945 1430 1000 ceteros

105 1027 305 1108 antiquitatum
321 1027 476 1098 studiosos
493 1029 585 1090 etiam
601 1030 638 1092 da
653 1031 701 1092 his
717 1038 845 1113 quatuor
859 1028 973 1092 ultimis
990 1028 1176 1108 desperasse.
1273 1085 1275 1090 ,

176 1115 309 1180 Constat
324 1137 435 1180 annum
449 1115 655 1199 Popilianum,
678 1139 735 1200 quo
757 1120 803 1182 usi
824 1127 895 1181 sunt
909 1116 1040 1180 Romani
1061 1126 1132 1178 ante
1147 1117 1317 1192 lulianum,
1339 1115 1432 1178 fuisse
1558 1195 1562 1200 Ι

104 1205 200 1268 dicrum
215 1206 290 1282 355,
307 1225 492 1270 communem
509 1207 641 1284 scilicet,
663 1207 876 1278 intercalatum
891 1227 962 1269 vero
984 1228 1003 1269 a
1022 1205 1215 1287 pontificibus
1231 1207 1298 1286 lege
1315 1205 1433 1286 quidem

103 1301 186 1370 cena,
207 1297 262 1358 sed
278 1297 443 1359 arbitraria
458 1297 535 1378 legis
552 1297 774 1360 observatione.
817 1297 888 1359 Jam
909 1317 947 1358 ex
969 1295 1101 1358 lectione
1124 1296 1186 1358 ista
1201 1295 1277 1358 haec
1294 1313 1360 1356 sum
1375 1293 1432 1354 ad-

104 1391 190 1464 eptus:
214 1380 248 1464 l)
265 1385 392 1448 ineunte
407 1386 488 1448 bello
504 1385 586 1448 civili
601 1387 675 1449 nihil
691 1387 918 1461 intercalatum
943 1380 978 1464 2)
996 1385 1101 1446 eodem
1118 1404 1196 1446 anno
1212 1383 1435 1466 aequinoctium

105 1473 210 1535 vernale
225 1475 321 1538 fuisse
337 1476 387 1538 vel
402 1474 504 1538 XVII.
521 1475 568 1536 vel
584 1475 671 1538 XVI.
687 1476 753 1540 Cal,
768 1475 859 1538 Junii
904 1475 961 1538 His
972 1475 1037 1554 j'am
1053 1474 1203 1536 addantur
1219 1481 1252 1536 et
1265 1470 1334 1548 illa,
1355 1471 1436 1553 quod

103 1555 131 1640 3)
145 1561 219 1624 Dion
235 1565 320 1626 omni
336 1565 562 1627 asseveratione
579 1566 759 1640 contendat,
783 1563 948 1628 Caesarem
963 1581 1042 1626 auno
1057 1562 1162 1624 ultimo
1177 1562 1329 1636 Romano,
1349 1578 1437 1642 quern

102 1651 270 1714 confusionis
290 1672 403 1716 anuum
425 1653 543 1728 dicunt,
565 1654 718 1716 addidisse
742 1647 819 1735 (non
833 1647 916 1733 plus)
938 1647 979 1715 67
997 1651 1076 1726 dies;
1106 1645 1143 1731 4)
1167 1652 1247 1734 quod
1262 1649 1436 1723 Suetonius,

102 1737 287 1817 Censorinus,
313 1742 504 1817 Macrobius,
532 1741 655 1806 Solinus
678 1743 847 1816 affirmant,
876 1742 1003 1804 eundem
1025 1759 1135 1803 annum
1158 1748 1319 1821 praeterea
1343 1739 1437 1802 etiam

102 1847 131 1890 er
144 1831 357 1894 consuetudine
372 1831 585 1894 intercalarem
600 1833 701 1896 fuisse.
742 1830 924 1912 Comparari
946 1831 1040 1911 igitur
1059 1830 1165 1892 ultima
1187 1849 1254 1892 cum
1275 1829 1381 1911 primis
1404 1833 1437 1889 et

102 1918 285 2000 deprehendi,
308 1921 488 1982 intermedio
511 1927 646 2002 tempore
668 1922 748 1985 inter
768 1921 886 1984 initium
906 1920 978 1983 belli
1001 1919 1099 1982 civilis
1121 1926 1154 1980 et
1176 1919 1304 2000 primum
1327 1934 1438 1980 anum

102 2007 239 2072 lulianum
257 2010 379 2091 saepius
394 2009 570 2073 intercalari
593 2031 653 2074 non
673 2011 824 2092 potuisse,
847 2029 937 2092 quam
959 2027 1037 2072 anuo
1059 2007 1252 2072 confusionis.
1284 2006 1440 2070 Restabat

106 2096 165 2158 mibi
179 2097 214 2160 de
230 2098 321 2161 unico
337 2098 436 2162 adhuc
453 2099 500 2162 die
516 2099 675 2164 dubitatio.
713 2101 794 2164 Nam
808 2099 1029 2172 Mercedcnins
1044 2117 1123 2160 anno
1140 2097 1325 2161 confusionis
1339 2095 1436 2158 inter-

103 2185 220 2263 calatus,
250 2187 381 2251 fueritne
404 2190 446 2251 22
469 2208 508 2251 an
531 2189 573 2252 23
597 2189 726 2266 dierum,
754 2189 966 2270 ignorabatur:
1004 2205 1100 2269 neque
1125 2185 1156 2248 id
1182 2205 1221 2248 ex
1246 2183 1437 2269 aequinoctio

101 2276 259 2354 supradicto
276 2277 385 2357 conjici
399 2285 532 2358 poterat,
546 2287 711 2359 propterea
725 2279 805 2361 quod
819 2278 930 2341 ibidem
945 2278 1033 2340 unius
1049 2275 1107 2337 diei
1125 2275 1275 2339 dubitatio
1298 2275 1329 2337 in
1346 2273 1437 2338 Cice-

101 2381 159 2426 rone
179 2365 367 2448 relinquitur.
413 2365 448 2430 Si
467 2366 569 2430 XVII.
594 2367 659 2432 Cal.
681 2368 750 2431 Jun.
771 2367 842 2430 anni
868 2366 981 2428 veteris
1004 2364 1172 2428 referebam
1197 2364 1236 2426 ad
1259 2364 1309 2427 24.
1322 2361 1438 2425 Martii

101 2453 298 2531 anniJuliani,
320 2463 466 2538 poterant
481 2475 548 2520 esse
564 2457 606 2520 23
629 2458 694 2520 dies
709 2456 900 2530 intercalati,
929 2462 1074 2536 quantum
1097 2452 1283 2516 Censorinus
1299 2468 1437 2514 asserere
1546 2519 1551 2532 Ι
1623 2532 1625 2540 y

101 2543 201 2607 ridetur
217 2551 311 2626 atque
328 2545 421 2608 etiam
436 2546 599 2610 Manutius.
630 2547 677 2610 At
693 2546 920 2628 supponendum
937 2551 993 2619 est,
1010 2562 1046 2605 eo
1062 2549 1197 2624 tempore
1215 2540 1438 2624 aequinoctium

102 2631 226 2696 incidisse
241 2635 274 2700 in
291 2635 342 2698 25.
358 2643 392 2696 et
406 2635 457 2698 26.
466 2635 572 2698 Martii
596 2629 754 2719 (quorsum
768 2635 800 2697 id
816 2634 932 2699 Caesar
948 2626 1101 2712 contulit).
1131 2632 1237 2706 Adde,
1261 2631 1341 2712 quod
1357 2644 1436 2692 anno

103 2722 272 2786 confusionis
288 2719 359 2805 (per
375 2733 496 2788 metum
510 2719 752 2806 Mercedonium)
775 2725 971 2806 gignerentur
987 2723 1051 2784 dies
1067 2720 1147 2796 445,
1171 2717 1439 2804 quosMacrobius

102 2809 153 2873 443
167 2812 257 2887 iacit,
279 2813 417 2895 quamvis
433 2813 572 2895 Scaliger
595 2814 660 2877 444
681 2814 776 2896 legat.
820 2813 957 2876 Tandem
978 2812 1071 2892 igitur
1094 2809 1139 2872 sic
1163 2809 1313 2884 conclusi,
1335 2797 1438 2872 xvrt

104 2896 156 2960 Cal
168 2901 250 2964 Junii
267 2902 431 2966 cohaerere
447 2923 515 2966 cum
529 2903 697 2966 leartii
713 2896 868 2986 (Juliani).
906 2899 973 2973 Quo
989 2901 1091 2985 posito
1119 2899 1145 2962 si
1161 2897 1317 2981 superiora
1330 2895 1438 2961 memi-

102 2989 226 3068 nerimus,
239 2991 320 3056 haec
336 2999 479 3075 sequetur
495 2992 655 3056 connexio:

380 3143 386 3174 '
475 3151 511 3204 49
857 3149 969 3202 14.llcv.
1157 3148 1193 3200 50

137 3183 368 3239 mmm
476 3223 512 3274 aa
625 3223 749 3288 reparans
762 3237 803 3273 ce
870 3220 968 3273 arev.
1156 3218 1192 3271 se
1263 3253 1365 3306 ,affl

150 3259 351 3384 mfflmm
476 3288 512 3346 47
627 3296 804 3346 haerentcum
853 3292 963 3344 24.00c
1024 3256 1082 3308 mi
1155 3289 1192 3342 48

477 3364 513 3418 46
582 3359 587 3371 “
855 3363 963 3417 140ca
1155 3354 1192 3412 47

399 3439 494 3502 quieat
510 3451 591 3488 annm

396 3507 570 3560 'coniusionis

104 3681 246 3768 Habetque
268 3707 367 3750 annus
387 3685 571 3750 confusionis
593 3685 807 3752 intercalarem
824 3690 1015 3758 consuetum,
1038 3688 1119 3744 teste
1136 3679 1298 3756 Suetonio,
1321 3677 1437 3758 Selino,
1547 3702 1551 3721 ⁴

105 3771 260 3852 llacrcbic,
282 3775 463 3840 Censorino.
506 3776 702 3840 Intercalaris
725 3775 841 3838 dierum
862 3775 920 3849 22,
944 3773 1130 3853 suffragante
1147 3769 1310 3846 Cicerone,
1331 3770 1382 3833 ubi
1398 3771 1435 3832 da

106 3863 277 3943 aequinoctio
292 3863 442 3947 loquitur,
465 3874 572 3929 contra
585 3865 755 3930 Manutium
771 3871 862 3945 atque
879 3861 1085 3927 Censorinum
1129 3859 1213 3934 Dies,
1228 3879 1303 3942 quos
1320 3858 1437 3924 Caesar

106 3949 172 4013 inter
190 3953 394 4018 Nouembrem
416 3963 449 4016 ct
467 3955 666 4018 Decembrem
689 3952 807 4017 addidit
832 3952 864 4014 in
885 3952 1000 4014 duobus
1020 3949 1174 4014 mensibus
1195 3948 1436 4022 intercalaribus,

107 4048 166 4101 suut
179 4037 232 4118 d'l,
252 4043 353 4107 Dione
370 4050 466 4119 teste,
489 4052 595 4108 contra
610 4043 793 4118 Manutium,
813 4042 864 4124 qui
879 4041 920 4104 65
936 4040 1031 4122 ponit,
1047 4046 1080 4101 et
1095 4037 1302 4114 Censorinum,
1317 4037 1368 4118 qui
1383 4034 1434 4099 68.

106 4125 212 4194 Summa
226 4131 342 4196 dierum
357 4131 430 4196 anni
445 4133 628 4198 confusionis
643 4131 717 4207 444,
733 4138 813 4195 teste
828 4129 986 4194 Macrobic
1001 4127 1208 4209 Scaligcrano,
1225 4136 1435 4207 contraquam

109 4217 215 4300 vulgata
229 4222 347 4286 habent
362 4219 548 4305 exemplaria
562 4223 636 4286 443.
1027 4279 1033 4292 .

176 4309 369 4394 Explicemus
385 4331 464 4376 nunc
478 4320 544 4376 tras
558 4331 678 4375 meuses
694 4309 774 4386 anni,
789 4329 848 4393 quo
862 4309 974 4372 bellum
990 4307 1077 4372 civile
1092 4313 1233 4390 coeptum
1248 4306 1313 4370 fuit
