<?xml version="1.0" encoding="UTF-8"?>
<!DOCTYPE html PUBLIC "-//W3C//DTD XHTML 1.0 Transitional//EN"
    "http://www.w3.org/TR/xhtml1/DTD/xhtml1-transitional.dtd">
<html xmlns="http://www.w3.org/1999/xhtml" xml:lang="en" lang="en">
 <head>
  <title>
</title>
<meta http-equiv="Content-Type" content="text/html;charset=utf-8" />
  <meta name='ocr-system' content='tesseract 3.04.00' />
  <meta name='ocr-capabilities' content='ocr_page ocr_carea ocr_par ocr_line ocrx_word'/>
</head>
<body>
  <div class='ocr_page' id='page_1' title='image "./joanniskepleria00unkngoog_0214.png"; bbox 0 0 3428 5542; ppageno 0'>
   <div class='ocr_carea' id='block_1_1' title="bbox 615 295 1418 378">
    <p class='ocr_par' dir='ltr' id='par_1_1' title="bbox 615 295 1418 378">
     <span class='ocr_line' id='line_1_1' title="bbox 615 295 1418 378; baseline 0 -14"><span class='ocrx_word' id='word_1_1' title='bbox 615 309 877 378; x_wconf 77' lang='lat' dir='ltr'>deachroncloglaa</span> <span class='ocrx_word' id='word_1_2' title='bbox 1356 295 1418 364; x_wconf 81' lang='grc'>197</span> 
     </span>
    </p>
   </div>
   <div class='ocr_carea' id='block_1_2' title="bbox 90 453 1422 1968">
    <p class='ocr_par' dir='ltr' id='par_1_2' title="bbox 94 453 1420 984">
     <span class='ocr_line' id='line_1_2' title="bbox 97 453 1420 536; baseline 0.003 -16"><span class='ocrx_word' id='word_1_3' title='bbox 97 457 137 520; x_wconf 87' lang='grc'>42</span> <span class='ocrx_word' id='word_1_4' title='bbox 147 454 231 536; x_wconf 88' lang='lat' dir='ltr'>paulo</span> <span class='ocrx_word' id='word_1_5' title='bbox 253 459 330 518; x_wconf 85' lang='lat' dir='ltr'>ante</span> <span class='ocrx_word' id='word_1_6' title='bbox 345 453 476 528; x_wconf 69' lang='lat' dir='ltr'>obitum</span> <span class='ocrx_word' id='word_1_7' title='bbox 496 454 572 517; x_wconf 89' lang='lat' dir='ltr'>duos</span> <span class='ocrx_word' id='word_1_8' title='bbox 588 473 668 517; x_wconf 90' lang='lat' dir='ltr'>anno</span> <span class='ocrx_word' id='word_1_9' title='bbox 689 453 743 518; x_wconf 90' lang='grc'>41.</span> <span class='ocrx_word' id='word_1_10' title='bbox 758 453 932 532; x_wconf 85' lang='lat' dir='ltr'>damnatos,</span> <span class='ocrx_word' id='word_1_11' title='bbox 951 455 1023 522; x_wconf 90' lang='lat' dir='ltr'>illos</span> <span class='ocrx_word' id='word_1_12' title='bbox 1038 454 1218 535; x_wconf 82' lang='lat' dir='ltr'>Saturnino,</span> <span class='ocrx_word' id='word_1_13' title='bbox 1240 459 1320 524; x_wconf 89' lang='lat' dir='ltr'>hunc</span> <span class='ocrx_word' id='word_1_14' title='bbox 1334 459 1420 525; x_wconf 84' lang='lat' dir='ltr'>Varo</span> 
     </span>
     <span class='ocr_line' id='line_1_3' title="bbox 96 542 1419 626; baseline 0.002 -16"><span class='ocrx_word' id='word_1_15' title='bbox 96 543 185 626; x_wconf 75' lang='lat' dir='ltr'>Syn&#39;at</span> <span class='ocrx_word' id='word_1_16' title='bbox 197 543 350 624; x_wconf 87' lang='lat' dir='ltr'>praeside.</span> <span class='ocrx_word' id='word_1_17' title='bbox 375 542 499 608; x_wconf 78' lang='lat' dir='ltr'>Christo</span> <span class='ocrx_word' id='word_1_18' title='bbox 513 562 585 606; x_wconf 90' lang='lat' dir='ltr'>vero</span> <span class='ocrx_word' id='word_1_19' title='bbox 601 549 676 606; x_wconf 89' lang='lat' dir='ltr'>nato</span> <span class='ocrx_word' id='word_1_20' title='bbox 691 551 826 608; x_wconf 89' lang='lat' dir='ltr'>testatur</span> <span class='ocrx_word' id='word_1_21' title='bbox 832 547 1012 612; x_wconf 86' lang='lat' dir='ltr'>Matthaeus</span> <span class='ocrx_word' id='word_1_22' title='bbox 1021 545 1150 612; x_wconf 90' lang='lat' dir='ltr'>bimulos</span> <span class='ocrx_word' id='word_1_23' title='bbox 1166 548 1292 612; x_wconf 88' lang='lat' dir='ltr'>occisos.</span> <span class='ocrx_word' id='word_1_24' title='bbox 1316 550 1419 614; x_wconf 90' lang='lat' dir='ltr'>Natus</span> 
     </span>
     <span class='ocr_line' id='line_1_4' title="bbox 94 631 1420 715; baseline 0.005 -20"><span class='ocrx_word' id='word_1_25' title='bbox 94 635 170 714; x_wconf 84' lang='lat' dir='ltr'>igitur</span> <span class='ocrx_word' id='word_1_26' title='bbox 182 632 324 698; x_wconf 81' lang='lat' dir='ltr'>Christus</span> <span class='ocrx_word' id='word_1_27' title='bbox 346 632 428 696; x_wconf 88' lang='lat' dir='ltr'>circa</span> <span class='ocrx_word' id='word_1_28' title='bbox 448 631 554 695; x_wconf 85' lang='lat' dir='ltr'>40vel</span> <span class='ocrx_word' id='word_1_29' title='bbox 569 632 620 696; x_wconf 89' lang='grc'>41.</span> <span class='ocrx_word' id='word_1_30' title='bbox 634 632 797 696; x_wconf 75' lang='lat' dir='ltr'>sutanum.</span> <span class='ocrx_word' id='word_1_31' title='bbox 833 633 868 698; x_wconf 87' lang='lat' dir='ltr'>Si</span> <span class='ocrx_word' id='word_1_32' title='bbox 884 635 984 710; x_wconf 89' lang='lat' dir='ltr'>dicas,</span> <span class='ocrx_word' id='word_1_33' title='bbox 1006 655 1080 698; x_wconf 86' lang='lat' dir='ltr'>vera</span> <span class='ocrx_word' id='word_1_34' title='bbox 1096 635 1208 700; x_wconf 76' lang='lat' dir='ltr'>dixisse</span> <span class='ocrx_word' id='word_1_35' title='bbox 1226 639 1420 715; x_wconf 59' lang='lat' dir='ltr'>Mammium,</span> 
     </span>
     <span class='ocr_line' id='line_1_5' title="bbox 96 721 1418 808; baseline 0.005 -22"><span class='ocrx_word' id='word_1_36' title='bbox 96 725 152 786; x_wconf 88' lang='lat' dir='ltr'>dum</span> <span class='ocrx_word' id='word_1_37' title='bbox 164 721 294 784; x_wconf 83' lang='lat' dir='ltr'>mlantcs</span> <span class='ocrx_word' id='word_1_38' title='bbox 310 741 379 786; x_wconf 83' lang='lat' dir='ltr'>curn</span> <span class='ocrx_word' id='word_1_39' title='bbox 392 722 524 784; x_wconf 88' lang='lat' dir='ltr'>Herodis</span> <span class='ocrx_word' id='word_1_40' title='bbox 539 721 609 784; x_wconf 83' lang='lat' dir='ltr'>filiis</span> <span class='ocrx_word' id='word_1_41' title='bbox 639 741 746 786; x_wconf 89' lang='lat' dir='ltr'>caesos</span> <span class='ocrx_word' id='word_1_42' title='bbox 763 725 904 800; x_wconf 83' lang='lat' dir='ltr'>affirmet,</span> <span class='ocrx_word' id='word_1_43' title='bbox 921 725 976 789; x_wconf 89' lang='lat' dir='ltr'>sed</span> <span class='ocrx_word' id='word_1_44' title='bbox 991 743 1094 790; x_wconf 89' lang='lat' dir='ltr'>errare</span> <span class='ocrx_word' id='word_1_45' title='bbox 1108 727 1130 790; x_wconf 88' lang='lat' dir='ltr'><strong>J</strong></span> <span class='ocrx_word' id='word_1_46' title='bbox 1131 727 1276 808; x_wconf 89' lang='lat' dir='ltr'>oaephum</span> <span class='ocrx_word' id='word_1_47' title='bbox 1290 729 1322 791; x_wconf 88' lang='lat' dir='ltr'>in</span> <span class='ocrx_word' id='word_1_48' title='bbox 1338 735 1418 792; x_wconf 90' lang='lat' dir='ltr'>tem-</span> 
     </span>
     <span class='ocr_line' id='line_1_6' title="bbox 94 811 1419 897; baseline 0.006 -23"><span class='ocrx_word' id='word_1_49' title='bbox 94 831 152 893; x_wconf 90' lang='lat' dir='ltr'>pore</span> <span class='ocrx_word' id='word_1_50' title='bbox 164 811 317 894; x_wconf 87' lang='lat' dir='ltr'>utriusque</span> <span class='ocrx_word' id='word_1_51' title='bbox 333 811 422 874; x_wconf 80' lang='lat' dir='ltr'>lacti:</span> <span class='ocrx_word' id='word_1_52' title='bbox 444 811 613 892; x_wconf 82' lang='lat' dir='ltr'>perpende,</span> <span class='ocrx_word' id='word_1_53' title='bbox 635 831 724 892; x_wconf 89' lang='lat' dir='ltr'>quam</span> <span class='ocrx_word' id='word_1_54' title='bbox 739 813 816 876; x_wconf 87' lang='lat' dir='ltr'>haec</span> <span class='ocrx_word' id='word_1_55' title='bbox 830 813 920 878; x_wconf 80' lang='lat' dir='ltr'>facile</span> <span class='ocrx_word' id='word_1_56' title='bbox 935 815 1077 895; x_wconf 86' lang='lat' dir='ltr'>redargui</span> <span class='ocrx_word' id='word_1_57' title='bbox 1092 815 1248 897; x_wconf 90' lang='lat' dir='ltr'>potuerint</span> <span class='ocrx_word' id='word_1_58' title='bbox 1263 838 1283 879; x_wconf 89' lang='lat' dir='ltr'>a</span> <span class='ocrx_word' id='word_1_59' title='bbox 1297 818 1419 882; x_wconf 84' lang='lat' dir='ltr'>familiis</span> 
     </span>
     <span class='ocr_line' id='line_1_7' title="bbox 94 899 746 984; baseline 0.003 -22"><span class='ocrx_word' id='word_1_60' title='bbox 94 901 252 984; x_wconf 79' lang='lat' dir='ltr'>pnesidum</span> <span class='ocrx_word' id='word_1_61' title='bbox 267 919 395 983; x_wconf 88' lang='lat' dir='ltr'>quorum</span> <span class='ocrx_word' id='word_1_62' title='bbox 407 901 521 964; x_wconf 88' lang='lat' dir='ltr'>mantio</span> <span class='ocrx_word' id='word_1_63' title='bbox 536 899 727 964; x_wconf 88' lang='lat' dir='ltr'>immiscetur.</span> <span class='ocrx_word' id='word_1_64' title='bbox 740 901 746 912; x_wconf 82' lang='grc'><strong>”</strong></span> 
     </span>
    </p>

    <p class='ocr_par' dir='ltr' id='par_1_3' title="bbox 90 975 1422 1968">
     <span class='ocr_line' id='line_1_8' title="bbox 161 975 1419 1073; baseline 0.006 -20"><span class='ocrx_word' id='word_1_65' title='bbox 161 991 213 1053; x_wconf 79' lang='lat' dir='ltr'>IX.</span> <span class='ocrx_word' id='word_1_66' title='bbox 242 990 312 1054; x_wconf 88' lang='lat' dir='ltr'>Nec</span> <span class='ocrx_word' id='word_1_67' title='bbox 327 989 427 1054; x_wconf 87' lang='lat' dir='ltr'>nullos</span> <span class='ocrx_word' id='word_1_68' title='bbox 448 1009 487 1052; x_wconf 85' lang='lat' dir='ltr'>ex</span> <span class='ocrx_word' id='word_1_69' title='bbox 507 975 662 1053; x_wconf 87' lang='lat' dir='ltr'>veteribus</span> <span class='ocrx_word' id='word_1_70' title='bbox 683 990 801 1054; x_wconf 89' lang='lat' dir='ltr'>invenit</span> <span class='ocrx_word' id='word_1_71' title='bbox 821 990 971 1073; x_wconf 86' lang='lat' dir='ltr'>Suslyga,</span> <span class='ocrx_word' id='word_1_72' title='bbox 993 994 1073 1056; x_wconf 89' lang='lat' dir='ltr'>hunc</span> <span class='ocrx_word' id='word_1_73' title='bbox 1096 993 1225 1056; x_wconf 85' lang='lat' dir='ltr'>eundern</span> <span class='ocrx_word' id='word_1_74' title='bbox 1246 994 1419 1060; x_wconf 83' lang='lat' dir='ltr'>nativitatis</span> 
     </span>
     <span class='ocr_line' id='line_1_9' title="bbox 95 1079 1419 1165; baseline 0.003 -21"><span class='ocrx_word' id='word_1_75' title='bbox 95 1079 190 1144; x_wconf 74' lang='lat' dir='ltr'>Christi</span> <span class='ocrx_word' id='word_1_76' title='bbox 205 1099 318 1144; x_wconf 89' lang='lat' dir='ltr'>aunum</span> <span class='ocrx_word' id='word_1_77' title='bbox 333 1079 508 1155; x_wconf 88' lang='lat' dir='ltr'>tradentes,</span> <span class='ocrx_word' id='word_1_78' title='bbox 529 1079 625 1162; x_wconf 85' lang='lat' dir='ltr'>iisque</span> <span class='ocrx_word' id='word_1_79' title='bbox 641 1080 869 1144; x_wconf 77' lang='lat' dir='ltr'>characteribus</span> <span class='ocrx_word' id='word_1_80' title='bbox 890 1083 1004 1162; x_wconf 86' lang='lat' dir='ltr'>partim</span> <span class='ocrx_word' id='word_1_81' title='bbox 1017 1081 1171 1144; x_wconf 75' lang='lat' dir='ltr'><strong>historicis</strong></span> <span class='ocrx_word' id='word_1_82' title='bbox 1187 1084 1301 1165; x_wconf 88' lang='lat' dir='ltr'>partim</span> <span class='ocrx_word' id='word_1_83' title='bbox 1316 1091 1419 1149; x_wconf 87' lang='lat' dir='ltr'>astro-</span> 
     </span>
     <span class='ocr_line' id='line_1_10' title="bbox 93 1169 1420 1256; baseline 0.003 -24"><span class='ocrx_word' id='word_1_84' title='bbox 93 1171 198 1232; x_wconf 88' lang='lat' dir='ltr'>nomicis</span> <span class='ocrx_word' id='word_1_85' title='bbox 211 1169 422 1251; x_wconf 87' lang='lat' dir='ltr'>insignientes,</span> <span class='ocrx_word' id='word_1_86' title='bbox 437 1188 513 1251; x_wconf 90' lang='lat' dir='ltr'>quos</span> <span class='ocrx_word' id='word_1_87' title='bbox 528 1188 588 1234; x_wconf 90' lang='lat' dir='ltr'>non</span> <span class='ocrx_word' id='word_1_88' title='bbox 602 1176 707 1250; x_wconf 88' lang='lat' dir='ltr'>potest</span> <span class='ocrx_word' id='word_1_89' title='bbox 723 1171 808 1245; x_wconf 90' lang='lat' dir='ltr'>alius,</span> <span class='ocrx_word' id='word_1_90' title='bbox 824 1189 914 1252; x_wconf 87' lang='lat' dir='ltr'>quam</span> <span class='ocrx_word' id='word_1_91' title='bbox 927 1171 1068 1235; x_wconf 77' lang='lat' dir='ltr'><strong>Julianus</strong></span> <span class='ocrx_word' id='word_1_92' title='bbox 1083 1171 1135 1236; x_wconf 87' lang='lat'>40.</span> <span class='ocrx_word' id='word_1_93' title='bbox 1150 1189 1206 1252; x_wconf 90' lang='lat' dir='ltr'>pro</span> <span class='ocrx_word' id='word_1_94' title='bbox 1223 1174 1420 1256; x_wconf 76' lang='lat' dir='ltr'>conceptione</span> 
     </span>
     <span class='ocr_line' id='line_1_11' title="bbox 92 1257 1421 1342; baseline 0.002 -20"><span class='ocrx_word' id='word_1_95' title='bbox 92 1259 198 1322; x_wconf 88' lang='lat' dir='ltr'>loannis</span> <span class='ocrx_word' id='word_1_96' title='bbox 211 1259 379 1341; x_wconf 71' lang='lat' dir='ltr'>Baptistae</span> <span class='ocrx_word' id='word_1_97' title='bbox 400 1266 433 1322; x_wconf 88' lang='lat' dir='ltr'>et</span> <span class='ocrx_word' id='word_1_98' title='bbox 447 1257 499 1322; x_wconf 91' lang='grc'>41.</span> <span class='ocrx_word' id='word_1_99' title='bbox 518 1277 574 1340; x_wconf 91' lang='lat' dir='ltr'>pro</span> <span class='ocrx_word' id='word_1_100' title='bbox 596 1259 759 1324; x_wconf 69' lang='lat' dir='ltr'>nativitate</span> <span class='ocrx_word' id='word_1_101' title='bbox 776 1259 892 1324; x_wconf 80' lang='lat' dir='ltr'>Christi</span> <span class='ocrx_word' id='word_1_102' title='bbox 914 1261 1077 1342; x_wconf 87' lang='lat' dir='ltr'>suscipere.</span> <span class='ocrx_word' id='word_1_103' title='bbox 1115 1257 1200 1331; x_wconf 83' lang='lat' dir='ltr'>Quae</span> <span class='ocrx_word' id='word_1_104' title='bbox 1224 1262 1323 1325; x_wconf 86' lang='lat' dir='ltr'>omnia</span> <span class='ocrx_word' id='word_1_105' title='bbox 1342 1263 1421 1339; x_wconf 88' lang='lat' dir='ltr'>vide,</span> 
     </span>
     <span class='ocr_line' id='line_1_12' title="bbox 92 1348 1422 1431; baseline 0.002 -20"><span class='ocrx_word' id='word_1_106' title='bbox 92 1349 229 1430; x_wconf 86' lang='lat' dir='ltr'>siplacet,</span> <span class='ocrx_word' id='word_1_107' title='bbox 251 1349 407 1430; x_wconf 88' lang='lat' dir='ltr'>copiosius</span> <span class='ocrx_word' id='word_1_108' title='bbox 421 1348 501 1431; x_wconf 87' lang='lat' dir='ltr'>apud</span> <span class='ocrx_word' id='word_1_109' title='bbox 515 1354 679 1412; x_wconf 81' lang='lat' dir='ltr'>auctorem.</span> <span class='ocrx_word' id='word_1_110' title='bbox 713 1349 791 1412; x_wconf 85' lang='lat' dir='ltr'>Mihi</span> <span class='ocrx_word' id='word_1_111' title='bbox 806 1349 887 1412; x_wconf 88' lang='lat' dir='ltr'>enim</span> <span class='ocrx_word' id='word_1_112' title='bbox 900 1369 938 1412; x_wconf 90' lang='lat' dir='ltr'>ea</span> <span class='ocrx_word' id='word_1_113' title='bbox 952 1351 1049 1418; x_wconf 86' lang='lat' dir='ltr'>solum</span> <span class='ocrx_word' id='word_1_114' title='bbox 1065 1358 1245 1431; x_wconf 85' lang='lat' dir='ltr'>argumenta</span> <span class='ocrx_word' id='word_1_115' title='bbox 1259 1350 1357 1416; x_wconf 89' lang='lat' dir='ltr'>visum</span> <span class='ocrx_word' id='word_1_116' title='bbox 1373 1359 1422 1414; x_wconf 89' lang='lat' dir='ltr'>est</span> 
     </span>
     <span class='ocr_line' id='line_1_13' title="bbox 92 1437 1421 1519; baseline 0.002 -19"><span class='ocrx_word' id='word_1_117' title='bbox 92 1439 251 1519; x_wconf 89' lang='lat' dir='ltr'>producere,</span> <span class='ocrx_word' id='word_1_118' title='bbox 274 1457 353 1519; x_wconf 87' lang='lat' dir='ltr'>quas</span> <span class='ocrx_word' id='word_1_119' title='bbox 375 1438 425 1502; x_wconf 88' lang='lat' dir='ltr'>vel</span> <span class='ocrx_word' id='word_1_120' title='bbox 448 1437 617 1501; x_wconf 84' lang='lat' dir='ltr'>confirmari</span> <span class='ocrx_word' id='word_1_121' title='bbox 638 1437 687 1500; x_wconf 91' lang='lat' dir='ltr'>vcl</span> <span class='ocrx_word' id='word_1_122' title='bbox 709 1439 800 1502; x_wconf 90' lang='lat' dir='ltr'>aliter</span> <span class='ocrx_word' id='word_1_123' title='bbox 821 1439 976 1503; x_wconf 82' lang='lat' dir='ltr'>informari</span> <span class='ocrx_word' id='word_1_124' title='bbox 997 1440 1047 1502; x_wconf 90' lang='lat' dir='ltr'>vel</span> <span class='ocrx_word' id='word_1_125' title='bbox 1070 1440 1111 1503; x_wconf 94' lang='lat' dir='ltr'>ad</span> <span class='ocrx_word' id='word_1_126' title='bbox 1131 1459 1230 1504; x_wconf 89' lang='lat' dir='ltr'>meum</span> <span class='ocrx_word' id='word_1_127' title='bbox 1244 1441 1421 1504; x_wconf 87' lang='lat' dir='ltr'>institutum</span> 
     </span>
     <span class='ocr_line' id='line_1_14' title="bbox 92 1521 1419 1610; baseline 0.001 -20"><span class='ocrx_word' id='word_1_128' title='bbox 92 1527 192 1590; x_wconf 67' lang='lat' dir='ltr'>caduci</span> <span class='ocrx_word' id='word_1_129' title='bbox 206 1521 353 1610; x_wconf 85' lang='lat' dir='ltr'>potuere,</span> <span class='ocrx_word' id='word_1_130' title='bbox 376 1527 425 1610; x_wconf 92' lang='lat' dir='ltr'>qui</span> <span class='ocrx_word' id='word_1_131' title='bbox 440 1528 524 1591; x_wconf 88' lang='lat' dir='ltr'>nulla</span> <span class='ocrx_word' id='word_1_132' title='bbox 544 1527 748 1592; x_wconf 73' lang='lat' dir='ltr'>haesitatione</span> <span class='ocrx_word' id='word_1_133' title='bbox 772 1529 937 1592; x_wconf 89' lang='lat' dir='ltr'>contendo:</span> <span class='ocrx_word' id='word_1_134' title='bbox 959 1529 1113 1594; x_wconf 86' lang='lat' dir='ltr'>Herodem</span> <span class='ocrx_word' id='word_1_135' title='bbox 1135 1549 1214 1592; x_wconf 92' lang='lat' dir='ltr'>anno</span> <span class='ocrx_word' id='word_1_136' title='bbox 1229 1530 1352 1594; x_wconf 89' lang='lat' dir='ltr'>Juliano</span> <span class='ocrx_word' id='word_1_137' title='bbox 1368 1529 1419 1593; x_wconf 84' lang='lat'>42.</span> 
     </span>
     <span class='ocr_line' id='line_1_15' title="bbox 92 1615 1421 1699; baseline 0.002 -20"><span class='ocrx_word' id='word_1_138' title='bbox 92 1625 234 1693; x_wconf 73' lang='lat' dir='ltr'>nonnum,</span> <span class='ocrx_word' id='word_1_139' title='bbox 256 1637 340 1680; x_wconf 92' lang='lat' dir='ltr'>anno</span> <span class='ocrx_word' id='word_1_140' title='bbox 361 1637 421 1680; x_wconf 91' lang='lat' dir='ltr'>uno</span> <span class='ocrx_word' id='word_1_141' title='bbox 437 1617 542 1691; x_wconf 90' lang='lat' dir='ltr'>citius,</span> <span class='ocrx_word' id='word_1_142' title='bbox 564 1636 652 1698; x_wconf 89' lang='lat' dir='ltr'>quam</span> <span class='ocrx_word' id='word_1_143' title='bbox 668 1615 802 1699; x_wconf 83' lang='lat' dir='ltr'>Suslyga</span> <span class='ocrx_word' id='word_1_144' title='bbox 824 1617 914 1680; x_wconf 87' lang='lat' dir='ltr'>dixit:</span> <span class='ocrx_word' id='word_1_145' title='bbox 945 1619 1025 1682; x_wconf 90' lang='lat' dir='ltr'>unde</span> <span class='ocrx_word' id='word_1_146' title='bbox 1047 1627 1080 1682; x_wconf 92' lang='lat' dir='ltr'>et</span> <span class='ocrx_word' id='word_1_147' title='bbox 1101 1619 1198 1682; x_wconf 88' lang='lat' dir='ltr'>aetati</span> <span class='ocrx_word' id='word_1_148' title='bbox 1221 1618 1339 1683; x_wconf 82' lang='lat' dir='ltr'>Christi</span> <span class='ocrx_word' id='word_1_149' title='bbox 1360 1638 1421 1682; x_wconf 92' lang='lat' dir='ltr'>nou</span> 
     </span>
     <span class='ocr_line' id='line_1_16' title="bbox 91 1706 1421 1789; baseline 0.003 -21"><span class='ocrx_word' id='word_1_150' title='bbox 91 1706 189 1770; x_wconf 88' lang='lat' dir='ltr'>levibus</span> <span class='ocrx_word' id='word_1_151' title='bbox 210 1707 398 1788; x_wconf 88' lang='lat' dir='ltr'>conjecturis</span> <span class='ocrx_word' id='word_1_152' title='bbox 419 1707 500 1789; x_wconf 89' lang='lat' dir='ltr'>apud</span> <span class='ocrx_word' id='word_1_153' title='bbox 522 1706 686 1789; x_wconf 85' lang='lat' dir='ltr'>Suslygam</span> <span class='ocrx_word' id='word_1_154' title='bbox 708 1707 807 1771; x_wconf 92' lang='lat' dir='ltr'>adhue</span> <span class='ocrx_word' id='word_1_155' title='bbox 828 1727 905 1772; x_wconf 90' lang='lat' dir='ltr'>unus</span> <span class='ocrx_word' id='word_1_156' title='bbox 930 1708 1037 1770; x_wconf 85' lang='lat' dir='ltr'>deesse</span> <span class='ocrx_word' id='word_1_157' title='bbox 1059 1709 1187 1773; x_wconf 88' lang='lat' dir='ltr'>videtur.</span> <span class='ocrx_word' id='word_1_158' title='bbox 1227 1707 1421 1773; x_wconf 85' lang='lat' dir='ltr'>Sententiam</span> 
     </span>
     <span class='ocr_line' id='line_1_17' title="bbox 90 1797 1420 1880; baseline 0.002 -21"><span class='ocrx_word' id='word_1_159' title='bbox 90 1815 169 1859; x_wconf 89' lang='lat' dir='ltr'>neam</span> <span class='ocrx_word' id='word_1_160' title='bbox 191 1797 292 1861; x_wconf 89' lang='lat' dir='ltr'>dicere</span> <span class='ocrx_word' id='word_1_161' title='bbox 309 1797 410 1874; x_wconf 68' lang='lat' dir='ltr'>volni:</span> <span class='ocrx_word' id='word_1_162' title='bbox 432 1797 459 1860; x_wconf 89' lang='lat' dir='ltr'>si</span> <span class='ocrx_word' id='word_1_163' title='bbox 481 1797 547 1880; x_wconf 88' lang='lat' dir='ltr'>quis</span> <span class='ocrx_word' id='word_1_164' title='bbox 562 1815 610 1862; x_wconf 90' lang='lat' dir='ltr'>me</span> <span class='ocrx_word' id='word_1_165' title='bbox 633 1797 867 1878; x_wconf 88' lang='lat' dir='ltr'>deprehenderit</span> <span class='ocrx_word' id='word_1_166' title='bbox 889 1805 1055 1874; x_wconf 85' lang='lat' dir='ltr'>errantem,</span> <span class='ocrx_word' id='word_1_167' title='bbox 1076 1799 1155 1862; x_wconf 86' lang='lat' dir='ltr'>hunc</span> <span class='ocrx_word' id='word_1_168' title='bbox 1171 1799 1307 1876; x_wconf 88' lang='lat' dir='ltr'>obsecro,</span> <span class='ocrx_word' id='word_1_169' title='bbox 1321 1799 1368 1862; x_wconf 88' lang='lat' dir='ltr'>uti</span> <span class='ocrx_word' id='word_1_170' title='bbox 1382 1816 1420 1862; x_wconf 87' lang='lat' dir='ltr'>ne</span> 
     </span>
     <span class='ocr_line' id='line_1_18' title="bbox 90 1887 1071 1968; baseline 0.002 -20"><span class='ocrx_word' id='word_1_171' title='bbox 90 1905 127 1948; x_wconf 88' lang='lat' dir='ltr'>ne</span> <span class='ocrx_word' id='word_1_172' title='bbox 139 1887 221 1962; x_wconf 88' lang='lat' dir='ltr'>celat,</span> <span class='ocrx_word' id='word_1_173' title='bbox 235 1895 376 1968; x_wconf 87' lang='lat' dir='ltr'>rogatus,</span> <span class='ocrx_word' id='word_1_174' title='bbox 391 1887 439 1952; x_wconf 92' lang='lat' dir='ltr'>cui</span> <span class='ocrx_word' id='word_1_175' title='bbox 455 1905 511 1968; x_wconf 86' lang='lat' dir='ltr'>ego</span> <span class='ocrx_word' id='word_1_176' title='bbox 527 1905 586 1949; x_wconf 88' lang='lat' dir='ltr'>non</span> <span class='ocrx_word' id='word_1_177' title='bbox 602 1893 728 1967; x_wconf 85' lang='lat' dir='ltr'>rogatus</span> <span class='ocrx_word' id='word_1_178' title='bbox 742 1888 820 1950; x_wconf 90' lang='lat' dir='ltr'>haec</span> <span class='ocrx_word' id='word_1_179' title='bbox 834 1888 915 1950; x_wconf 90' lang='lat' dir='ltr'>ultro</span> <span class='ocrx_word' id='word_1_180' title='bbox 932 1905 1071 1968; x_wconf 82' lang='lat' dir='ltr'>suggero.</span> 
     </span>
    </p>
   </div>
   <div class='ocr_carea' id='block_1_3' title="bbox 527 2079 964 2183">
    <p class='ocr_par' dir='ltr' id='par_1_4' title="bbox 527 2079 964 2183">
     <span class='ocr_line' id='line_1_19' title="bbox 527 2079 964 2183; baseline 0.002 -26"><span class='ocrx_word' id='word_1_181' title='bbox 527 2079 675 2157; x_wconf 90' lang='lat' dir='ltr'>Summa</span> <span class='ocrx_word' id='word_1_182' title='bbox 702 2082 964 2183; x_wconf 88' lang='lat' dir='ltr'>disputationis.</span> 
     </span>
    </p>
   </div>
   <div class='ocr_carea' id='block_1_4' title="bbox 89 2237 1422 2773">
    <p class='ocr_par' dir='ltr' id='par_1_5' title="bbox 89 2237 1422 2773">
     <span class='ocr_line' id='line_1_20' title="bbox 160 2237 1421 2327; baseline 0.002 -23"><span class='ocrx_word' id='word_1_183' title='bbox 160 2243 246 2306; x_wconf 89' lang='lat' dir='ltr'>Meus</span> <span class='ocrx_word' id='word_1_184' title='bbox 266 2243 504 2325; x_wconf 81' lang='lat' dir='ltr'>Evangelistae:</span> <span class='ocrx_word' id='word_1_185' title='bbox 536 2240 619 2321; x_wconf 70' lang='lat' dir='ltr'>Adra</span> <span class='ocrx_word' id='word_1_186' title='bbox 639 2237 657 2322; x_wconf 79' lang='grc' dir='ltr'><strong><em>ἡ</em></strong></span> <span class='ocrx_word' id='word_1_187' title='bbox 678 2240 838 2326; x_wconf 73' lang='grc' dir='ltr'>ἀπογραφη</span> <span class='ocrx_word' id='word_1_188' title='bbox 854 2265 964 2325; x_wconf 69' lang='lat' dir='ltr'>apaan</span> <span class='ocrx_word' id='word_1_189' title='bbox 985 2267 1038 2324; x_wconf 75' lang='lat' dir='ltr'>par</span> <span class='ocrx_word' id='word_1_190' title='bbox 1061 2243 1173 2327; x_wconf 67' lang='lat' dir='ltr'>sperare</span> <span class='ocrx_word' id='word_1_191' title='bbox 1196 2247 1346 2323; x_wconf 77' lang='lat' dir='ltr'>chpuoo</span> <span class='ocrx_word' id='word_1_192' title='bbox 1370 2267 1421 2324; x_wconf 71' lang='grc' dir='ltr'>της</span> 
     </span>
     <span class='ocr_line' id='line_1_21' title="bbox 89 2327 1422 2412; baseline 0.004 -20"><span class='ocrx_word' id='word_1_193' title='bbox 89 2333 183 2412; x_wconf 68' lang='lat' dir='ltr'>&gt;lapsae</span> <span class='ocrx_word' id='word_1_194' title='bbox 195 2327 434 2412; x_wconf 72' lang='grc' dir='ltr'>ἡγομωοοοηος,</span> <span class='ocrx_word' id='word_1_195' title='bbox 451 2327 514 2396; x_wconf 74' lang='grc' dir='ltr'>ἀλλ’</span> <span class='ocrx_word' id='word_1_196' title='bbox 526 2330 579 2396; x_wconf 79' lang='lat' dir='ltr'>oria</span> <span class='ocrx_word' id='word_1_197' title='bbox 593 2330 721 2412; x_wconf 70' lang='lat' dir='ltr'>idcmdp</span> <span class='ocrx_word' id='word_1_198' title='bbox 735 2336 938 2398; x_wconf 74' lang='lat' dir='ltr'>dmalaodca</span> <span class='ocrx_word' id='word_1_199' title='bbox 952 2355 1029 2409; x_wconf 73' lang='lat' dir='ltr'>roas,</span> <span class='ocrx_word' id='word_1_200' title='bbox 1044 2330 1237 2398; x_wconf 69' lang='grc' dir='ltr'>ἀποστατοωο</span> <span class='ocrx_word' id='word_1_201' title='bbox 1252 2357 1311 2396; x_wconf 73' lang='lat' dir='ltr'>acra</span> <span class='ocrx_word' id='word_1_202' title='bbox 1324 2333 1422 2397; x_wconf 69' lang='lat' dir='ltr'>toros</span> 
     </span>
     <span class='ocr_line' id='line_1_22' title="bbox 89 2417 1420 2506; baseline 0.002 -22"><span class='ocrx_word' id='word_1_203' title='bbox 89 2417 133 2491; x_wconf 78' lang='lat' dir='ltr'>iae</span> <span class='ocrx_word' id='word_1_204' title='bbox 144 2445 194 2484; x_wconf 72' lang='grc' dir='ltr'>τοο</span> <span class='ocrx_word' id='word_1_205' title='bbox 207 2424 413 2506; x_wconf 75' lang='grc' dir='ltr'>Σατοοροοοο</span> <span class='ocrx_word' id='word_1_206' title='bbox 426 2418 667 2504; x_wconf 73' lang='lat' dir='ltr'>riyapoaavonoc:</span> <span class='ocrx_word' id='word_1_207' title='bbox 689 2444 757 2486; x_wconf 75' lang='lat' dir='ltr'>roua</span> <span class='ocrx_word' id='word_1_208' title='bbox 777 2429 813 2501; x_wconf 76' lang='grc' dir='ltr'>οη</span> <span class='ocrx_word' id='word_1_209' title='bbox 827 2448 876 2486; x_wconf 82' lang='grc' dir='ltr'>και</span> <span class='ocrx_word' id='word_1_210' title='bbox 892 2423 1104 2502; x_wconf 73' lang='grc' dir='ltr'>αόοκαιοησαοο</span> <span class='ocrx_word' id='word_1_211' title='bbox 1120 2427 1176 2494; x_wconf 83' lang='lat' dir='ltr'>(sic)</span> <span class='ocrx_word' id='word_1_212' title='bbox 1191 2417 1237 2484; x_wconf 74' lang='grc' dir='ltr'>ὑπ’</span> <span class='ocrx_word' id='word_1_213' title='bbox 1258 2419 1420 2502; x_wconf 76' lang='grc' dir='ltr'>Αὕγοοςου,</span> 
     </span>
     <span class='ocr_line' id='line_1_23' title="bbox 89 2511 1419 2595; baseline 0.002 -23"><span class='ocrx_word' id='word_1_214' title='bbox 89 2515 301 2595; x_wconf 71' lang='grc' dir='ltr'>ιαιδοπροχθη.</span> <span class='ocrx_word' id='word_1_215' title='bbox 325 2513 528 2594; x_wconf 84' lang='lat' dir='ltr'>Annoitaque</span> <span class='ocrx_word' id='word_1_216' title='bbox 542 2512 731 2588; x_wconf 74' lang='lat' dir='ltr'>dl.Juliano,</span> <span class='ocrx_word' id='word_1_217' title='bbox 746 2513 888 2594; x_wconf 87' lang='lat' dir='ltr'>Augusto</span> <span class='ocrx_word' id='word_1_218' title='bbox 897 2513 969 2577; x_wconf 90' lang='lat' dir='ltr'>XII.</span> <span class='ocrx_word' id='word_1_219' title='bbox 977 2521 1010 2576; x_wconf 90' lang='lat' dir='ltr'>et</span> <span class='ocrx_word' id='word_1_220' title='bbox 1017 2513 1158 2577; x_wconf 82' lang='lat' dir='ltr'>Oornelio</span> <span class='ocrx_word' id='word_1_221' title='bbox 1166 2511 1254 2594; x_wconf 81' lang='lat' dir='ltr'>Sylla</span> <span class='ocrx_word' id='word_1_222' title='bbox 1265 2511 1353 2576; x_wconf 81' lang='lat' dir='ltr'>Coss.</span> <span class='ocrx_word' id='word_1_223' title='bbox 1368 2513 1419 2594; x_wconf 93' lang='lat' dir='ltr'>qui</span> 
     </span>
     <span class='ocr_line' id='line_1_24' title="bbox 90 2598 1421 2685; baseline 0.002 -23"><span class='ocrx_word' id='word_1_224' title='bbox 90 2607 145 2662; x_wconf 87' lang='lat' dir='ltr'>erat</span> <span class='ocrx_word' id='word_1_225' title='bbox 156 2601 204 2664; x_wconf 77' lang='lat' dir='ltr'>to.</span> <span class='ocrx_word' id='word_1_226' title='bbox 219 2625 238 2665; x_wconf 87' lang='lat' dir='ltr'>a</span> <span class='ocrx_word' id='word_1_227' title='bbox 253 2602 351 2666; x_wconf 88' lang='lat' dir='ltr'>caede</span> <span class='ocrx_word' id='word_1_228' title='bbox 362 2601 396 2667; x_wconf 82' lang='lat' dir='ltr'>O.</span> <span class='ocrx_word' id='word_1_229' title='bbox 405 2601 557 2677; x_wconf 80' lang='lat' dir='ltr'>Caesaris,</span> <span class='ocrx_word' id='word_1_230' title='bbox 573 2609 606 2664; x_wconf 87' lang='lat' dir='ltr'>st</span> <span class='ocrx_word' id='word_1_231' title='bbox 619 2601 705 2664; x_wconf 92' lang='lat' dir='ltr'>initio</span> <span class='ocrx_word' id='word_1_232' title='bbox 723 2601 886 2664; x_wconf 86' lang='lat' dir='ltr'>Octaviani</span> <span class='ocrx_word' id='word_1_233' title='bbox 901 2603 1044 2685; x_wconf 89' lang='lat' dir='ltr'>Augusti,</span> <span class='ocrx_word' id='word_1_234' title='bbox 1062 2598 1113 2664; x_wconf 78' lang='grc'>27.</span> <span class='ocrx_word' id='word_1_235' title='bbox 1130 2623 1148 2664; x_wconf 87' lang='lat' dir='ltr'>a</span> <span class='ocrx_word' id='word_1_236' title='bbox 1163 2619 1266 2682; x_wconf 87' lang='lat' dir='ltr'>pugna</span> <span class='ocrx_word' id='word_1_237' title='bbox 1279 2601 1421 2675; x_wconf 89' lang='lat' dir='ltr'>Actiaca,</span> 
     </span>
     <span class='ocr_line' id='line_1_25' title="bbox 91 2688 1420 2773; baseline 0 -21"><span class='ocrx_word' id='word_1_238' title='bbox 91 2690 159 2770; x_wconf 84' lang='lat' dir='ltr'>cujus</span> <span class='ocrx_word' id='word_1_239' title='bbox 173 2699 294 2756; x_wconf 82' lang='lat' dir='ltr'>aestate</span> <span class='ocrx_word' id='word_1_240' title='bbox 310 2691 379 2754; x_wconf 91' lang='lat' dir='ltr'>iniit</span> <span class='ocrx_word' id='word_1_241' title='bbox 394 2711 490 2756; x_wconf 89' lang='lat' dir='ltr'>annus</span> <span class='ocrx_word' id='word_1_242' title='bbox 512 2691 566 2754; x_wconf 92' lang='lat' dir='ltr'>IV.</span> <span class='ocrx_word' id='word_1_243' title='bbox 583 2690 774 2773; x_wconf 86' lang='lat' dir='ltr'>Olympiadis</span> <span class='ocrx_word' id='word_1_244' title='bbox 798 2688 945 2768; x_wconf 79' lang='lat' dir='ltr'>uxum,</span> <span class='ocrx_word' id='word_1_245' title='bbox 969 2693 1076 2756; x_wconf 89' lang='lat' dir='ltr'>Sentio</span> <span class='ocrx_word' id='word_1_246' title='bbox 1094 2691 1260 2754; x_wconf 87' lang='lat' dir='ltr'>Saturnino</span> <span class='ocrx_word' id='word_1_247' title='bbox 1278 2690 1420 2773; x_wconf 88' lang='lat' dir='ltr'>praeside</span> 
     </span>
    </p>
   </div>
   <div class='ocr_carea' id='block_1_5' title="bbox 91 2777 1568 2864">
    <p class='ocr_par' dir='ltr' id='par_1_6' title="bbox 91 2777 1568 2864">
     <span class='ocr_line' id='line_1_26' title="bbox 91 2777 1568 2864; baseline 0.001 -23"><span class='ocrx_word' id='word_1_248' title='bbox 91 2779 197 2861; x_wconf 80' lang='lat' dir='ltr'>Syriae,</span> <span class='ocrx_word' id='word_1_249' title='bbox 218 2783 268 2864; x_wconf 90' lang='lat' dir='ltr'>qui</span> <span class='ocrx_word' id='word_1_250' title='bbox 284 2799 409 2847; x_wconf 88' lang='lat' dir='ltr'>censum</span> <span class='ocrx_word' id='word_1_251' title='bbox 423 2781 555 2844; x_wconf 86' lang='lat' dir='ltr'>Romani</span> <span class='ocrx_word' id='word_1_252' title='bbox 577 2780 658 2845; x_wconf 91' lang='lat' dir='ltr'>orbis</span> <span class='ocrx_word' id='word_1_253' title='bbox 680 2781 897 2857; x_wconf 90' lang='lat' dir='ltr'>universalem,</span> <span class='ocrx_word' id='word_1_254' title='bbox 918 2783 1054 2864; x_wconf 81' lang='lat' dir='ltr'>Augusti</span> <span class='ocrx_word' id='word_1_255' title='bbox 1063 2782 1153 2863; x_wconf 84' lang='lat' dir='ltr'>jussu</span> <span class='ocrx_word' id='word_1_256' title='bbox 1169 2780 1207 2843; x_wconf 86' lang='lat' dir='ltr'>ab</span> <span class='ocrx_word' id='word_1_257' title='bbox 1224 2789 1420 2844; x_wconf 88' lang='lat' dir='ltr'>antecessore</span> <span class='ocrx_word' id='word_1_258' title='bbox 1556 2777 1568 2824; x_wconf 92' lang='lat'>·&#39;</span> 
     </span>
    </p>
   </div>
   <div class='ocr_carea' id='block_1_6' title="bbox 85 2866 1423 4745">
    <p class='ocr_par' dir='ltr' id='par_1_7' title="bbox 85 2866 1423 4745">
     <span class='ocr_line' id='line_1_27' title="bbox 90 2866 1421 2954; baseline -0.005 -15"><span class='ocrx_word' id='word_1_259' title='bbox 90 2866 208 2940; x_wconf 72' lang='lat' dir='ltr'>Quirinio</span> <span class='ocrx_word' id='word_1_260' title='bbox 227 2871 405 2935; x_wconf 88' lang='lat' dir='ltr'>institutum</span> <span class='ocrx_word' id='word_1_261' title='bbox 417 2870 593 2954; x_wconf 90' lang='lat' dir='ltr'>pridemque</span> <span class='ocrx_word' id='word_1_262' title='bbox 608 2869 777 2952; x_wconf 91' lang='lat' dir='ltr'>inceptum,</span> <span class='ocrx_word' id='word_1_263' title='bbox 801 2871 857 2934; x_wconf 90' lang='lat' dir='ltr'>sed</span> <span class='ocrx_word' id='word_1_264' title='bbox 879 2880 990 2954; x_wconf 88' lang='lat' dir='ltr'>postea</span> <span class='ocrx_word' id='word_1_265' title='bbox 1019 2871 1238 2946; x_wconf 89' lang='lat' dir='ltr'>intermissum,</span> <span class='ocrx_word' id='word_1_266' title='bbox 1268 2878 1341 2932; x_wconf 90' lang='lat' dir='ltr'>tunc</span> <span class='ocrx_word' id='word_1_267' title='bbox 1365 2888 1421 2951; x_wconf 87' lang='lat' dir='ltr'>per</span> 
     </span>
     <span class='ocr_line' id='line_1_28' title="bbox 90 2959 1421 3044; baseline 0.001 -25"><span class='ocrx_word' id='word_1_268' title='bbox 90 2959 218 3024; x_wconf 82' lang='lat' dir='ltr'>iudaeam</span> <span class='ocrx_word' id='word_1_269' title='bbox 239 2969 274 3025; x_wconf 90' lang='lat' dir='ltr'>et</span> <span class='ocrx_word' id='word_1_270' title='bbox 290 2959 463 3025; x_wconf 87' lang='lat' dir='ltr'>Galilaeam</span> <span class='ocrx_word' id='word_1_271' title='bbox 483 2959 667 3042; x_wconf 89' lang='lat' dir='ltr'>peragebat,</span> <span class='ocrx_word' id='word_1_272' title='bbox 696 2980 776 3024; x_wconf 91' lang='lat' dir='ltr'>anno</span> <span class='ocrx_word' id='word_1_273' title='bbox 792 2959 976 3044; x_wconf 68' lang='lat' dir='ltr'>atrapens</span> <span class='ocrx_word' id='word_1_274' title='bbox 991 2961 1123 3026; x_wconf 87' lang='lat' dir='ltr'>Herodis</span> <span class='ocrx_word' id='word_1_275' title='bbox 1145 2981 1165 3022; x_wconf 88' lang='lat' dir='ltr'>a</span> <span class='ocrx_word' id='word_1_276' title='bbox 1183 2959 1421 3034; x_wconf 89' lang='lat' dir='ltr'>renunciatione,</span> 
     </span>
     <span class='ocr_line' id='line_1_29' title="bbox 90 3044 1420 3133; baseline 0 -23"><span class='ocrx_word' id='word_1_277' title='bbox 90 3047 130 3110; x_wconf 75' lang='lat' dir='ltr'>ts</span> <span class='ocrx_word' id='word_1_278' title='bbox 143 3071 160 3112; x_wconf 89' lang='lat' dir='ltr'>a</span> <span class='ocrx_word' id='word_1_279' title='bbox 174 3053 272 3132; x_wconf 90' lang='lat' dir='ltr'>captis</span> <span class='ocrx_word' id='word_1_280' title='bbox 286 3050 488 3132; x_wconf 82' lang='lat' dir='ltr'>Jerosolymis</span> <span class='ocrx_word' id='word_1_281' title='bbox 505 3069 559 3112; x_wconf 90' lang='lat' dir='ltr'>seu</span> <span class='ocrx_word' id='word_1_282' title='bbox 574 3048 604 3112; x_wconf 84' lang='lat'>6.</span> <span class='ocrx_word' id='word_1_283' title='bbox 612 3050 751 3113; x_wconf 88' lang='lat' dir='ltr'>Januarii</span> <span class='ocrx_word' id='word_1_284' title='bbox 774 3045 828 3114; x_wconf 78' lang='lat' dir='ltr'>s&#39;eu</span> <span class='ocrx_word' id='word_1_285' title='bbox 845 3051 1022 3133; x_wconf 81' lang='lat' dir='ltr'>19.Aprilis</span> <span class='ocrx_word' id='word_1_286' title='bbox 1045 3071 1099 3114; x_wconf 92' lang='lat' dir='ltr'>seu</span> <span class='ocrx_word' id='word_1_287' title='bbox 1116 3049 1166 3114; x_wconf 84' lang='lat'>19.</span> <span class='ocrx_word' id='word_1_288' title='bbox 1174 3049 1251 3130; x_wconf 89' lang='lat' dir='ltr'>Maji</span> <span class='ocrx_word' id='word_1_289' title='bbox 1268 3044 1420 3130; x_wconf 87' lang='lat' dir='ltr'>seu&#39;Sep-</span> 
     </span>
     <span class='ocr_line' id='line_1_30' title="bbox 90 3135 1421 3222; baseline 0.001 -22"><span class='ocrx_word' id='word_1_290' title='bbox 90 3139 180 3202; x_wconf 86' lang='lat' dir='ltr'>tenhri</span> <span class='ocrx_word' id='word_1_291' title='bbox 195 3141 259 3204; x_wconf 87' lang='lat' dir='ltr'>sive</span> <span class='ocrx_word' id='word_1_292' title='bbox 276 3140 405 3222; x_wconf 91' lang='lat' dir='ltr'>denique</span> <span class='ocrx_word' id='word_1_293' title='bbox 415 3139 468 3203; x_wconf 82' lang='grc'>25.</span> <span class='ocrx_word' id='word_1_294' title='bbox 476 3138 663 3214; x_wconf 89' lang='lat' dir='ltr'>Decembris,</span> <span class='ocrx_word' id='word_1_295' title='bbox 679 3148 824 3222; x_wconf 87' lang='lat' dir='ltr'>sequente</span> <span class='ocrx_word' id='word_1_296' title='bbox 838 3141 889 3204; x_wconf 90' lang='lat' dir='ltr'>vel</span> <span class='ocrx_word' id='word_1_297' title='bbox 904 3141 1121 3206; x_wconf 87' lang='lat' dir='ltr'>antecedente:</span> <span class='ocrx_word' id='word_1_298' title='bbox 1144 3146 1235 3204; x_wconf 88' lang='lat' dir='ltr'>uatus</span> <span class='ocrx_word' id='word_1_299' title='bbox 1252 3147 1301 3202; x_wconf 92' lang='lat' dir='ltr'>est</span> <span class='ocrx_word' id='word_1_300' title='bbox 1311 3135 1421 3202; x_wconf 82' lang='lat' dir='ltr'>Chris·-</span> 
     </span>
     <span class='ocr_line' id='line_1_31' title="bbox 90 3228 1422 3312; baseline 0.001 -24"><span class='ocrx_word' id='word_1_301' title='bbox 90 3235 130 3288; x_wconf 87' lang='lat' dir='ltr'>tus</span> <span class='ocrx_word' id='word_1_302' title='bbox 141 3228 170 3290; x_wconf 93' lang='lat' dir='ltr'>in</span> <span class='ocrx_word' id='word_1_303' title='bbox 183 3231 295 3312; x_wconf 92' lang='lat' dir='ltr'>oppido</span> <span class='ocrx_word' id='word_1_304' title='bbox 309 3229 509 3304; x_wconf 88' lang='lat' dir='ltr'>Bethlehem,</span> <span class='ocrx_word' id='word_1_305' title='bbox 532 3230 571 3292; x_wconf 86' lang='lat' dir='ltr'>ed</span> <span class='ocrx_word' id='word_1_306' title='bbox 586 3247 674 3310; x_wconf 89' lang='lat' dir='ltr'>quem</span> <span class='ocrx_word' id='word_1_307' title='bbox 688 3229 771 3292; x_wconf 92' lang='lat' dir='ltr'>intra</span> <span class='ocrx_word' id='word_1_308' title='bbox 786 3231 1049 3312; x_wconf 89' lang='lat' dir='ltr'>quadragesimum</span> <span class='ocrx_word' id='word_1_309' title='bbox 1072 3229 1150 3292; x_wconf 90' lang='lat' dir='ltr'>diem</span> <span class='ocrx_word' id='word_1_310' title='bbox 1166 3235 1316 3292; x_wconf 80' lang='lat' dir='ltr'>venerumt</span> <span class='ocrx_word' id='word_1_311' title='bbox 1330 3229 1422 3308; x_wconf 88' lang='lat' dir='ltr'>magi,</span> 
     </span>
     <span class='ocr_line' id='line_1_32' title="bbox 90 3317 1420 3398; baseline -0.001 -18"><span class='ocrx_word' id='word_1_312' title='bbox 90 3320 244 3385; x_wconf 84' lang='lat' dir='ltr'>mustella</span> <span class='ocrx_word' id='word_1_313' title='bbox 259 3326 335 3383; x_wconf 91' lang='lat' dir='ltr'>ante</span> <span class='ocrx_word' id='word_1_314' title='bbox 350 3337 462 3382; x_wconf 88' lang='lat' dir='ltr'>annum</span> <span class='ocrx_word' id='word_1_315' title='bbox 475 3319 526 3381; x_wconf 91' lang='lat' dir='ltr'>vel</span> <span class='ocrx_word' id='word_1_316' title='bbox 539 3318 692 3382; x_wconf 89' lang='lat' dir='ltr'>biennium</span> <span class='ocrx_word' id='word_1_317' title='bbox 707 3319 786 3395; x_wconf 84' lang='lat' dir='ltr'>fere,</span> <span class='ocrx_word' id='word_1_318' title='bbox 808 3339 887 3384; x_wconf 92' lang='lat' dir='ltr'>anno</span> <span class='ocrx_word' id='word_1_319' title='bbox 903 3340 946 3383; x_wconf 88' lang='lat' dir='ltr'>sc.</span> <span class='ocrx_word' id='word_1_320' title='bbox 960 3319 1013 3384; x_wconf 88' lang='grc'>39.</span> <span class='ocrx_word' id='word_1_321' title='bbox 1028 3320 1078 3382; x_wconf 86' lang='lat' dir='ltr'>vel</span> <span class='ocrx_word' id='word_1_322' title='bbox 1094 3319 1146 3382; x_wconf 84' lang='lat'>40.</span> <span class='ocrx_word' id='word_1_323' title='bbox 1161 3319 1192 3380; x_wconf 93' lang='lat' dir='ltr'>in</span> <span class='ocrx_word' id='word_1_324' title='bbox 1209 3317 1420 3398; x_wconf 88' lang='lat' dir='ltr'>conjunctione</span> 
     </span>
     <span class='ocr_line' id='line_1_33' title="bbox 90 3405 1421 3490; baseline -0.002 -19"><span class='ocrx_word' id='word_1_325' title='bbox 90 3425 184 3488; x_wconf 88' lang='lat' dir='ltr'>magna</span> <span class='ocrx_word' id='word_1_326' title='bbox 198 3409 374 3474; x_wconf 77' lang='lat' dir='ltr'>sumsisset</span> <span class='ocrx_word' id='word_1_327' title='bbox 405 3408 491 3490; x_wconf 88' lang='lat' dir='ltr'>Magi</span> <span class='ocrx_word' id='word_1_328' title='bbox 508 3405 632 3472; x_wconf 75' lang='lat' dir='ltr'>Christo</span> <span class='ocrx_word' id='word_1_329' title='bbox 652 3407 780 3472; x_wconf 87' lang='lat' dir='ltr'>adorato</span> <span class='ocrx_word' id='word_1_330' title='bbox 796 3409 847 3472; x_wconf 91' lang='lat' dir='ltr'>ubi</span> <span class='ocrx_word' id='word_1_331' title='bbox 861 3428 923 3472; x_wconf 95' lang='lat' dir='ltr'>non</span> <span class='ocrx_word' id='word_1_332' title='bbox 937 3409 1053 3472; x_wconf 88' lang='lat' dir='ltr'>reversi</span> <span class='ocrx_word' id='word_1_333' title='bbox 1076 3408 1115 3472; x_wconf 89' lang='lat' dir='ltr'>ad</span> <span class='ocrx_word' id='word_1_334' title='bbox 1129 3408 1284 3472; x_wconf 87' lang='lat' dir='ltr'>Herodem</span> <span class='ocrx_word' id='word_1_335' title='bbox 1300 3408 1421 3470; x_wconf 89' lang='lat' dir='ltr'>domum</span> 
     </span>
     <span class='ocr_line' id='line_1_34' title="bbox 89 3495 1421 3584; baseline 0 -26"><span class='ocrx_word' id='word_1_336' title='bbox 89 3495 138 3558; x_wconf 89' lang='lat' dir='ltr'>aha</span> <span class='ocrx_word' id='word_1_337' title='bbox 155 3499 204 3563; x_wconf 85' lang='lat' dir='ltr'>ria</span> <span class='ocrx_word' id='word_1_338' title='bbox 223 3505 441 3580; x_wconf 86' lang='lat' dir='ltr'>perrexerunt:</span> <span class='ocrx_word' id='word_1_339' title='bbox 472 3495 614 3562; x_wconf 82' lang='lat' dir='ltr'>Ghristus</span> <span class='ocrx_word' id='word_1_340' title='bbox 635 3497 736 3584; x_wconf 80' lang='lat' dir='ltr'>inians</span> <span class='ocrx_word' id='word_1_341' title='bbox 756 3497 910 3563; x_wconf 85' lang='lat' dir='ltr'>bimestris</span> <span class='ocrx_word' id='word_1_342' title='bbox 927 3499 1106 3580; x_wconf 85' lang='lat' dir='ltr'>deportatus</span> <span class='ocrx_word' id='word_1_343' title='bbox 1122 3505 1171 3560; x_wconf 89' lang='lat' dir='ltr'>est</span> <span class='ocrx_word' id='word_1_344' title='bbox 1189 3499 1222 3559; x_wconf 91' lang='lat' dir='ltr'>in</span> <span class='ocrx_word' id='word_1_345' title='bbox 1235 3498 1421 3578; x_wconf 87' lang='lat' dir='ltr'>Aegyptum.</span> 
     </span>
     <span class='ocr_line' id='line_1_35' title="bbox 90 3585 1421 3670; baseline 0.001 -23"><span class='ocrx_word' id='word_1_346' title='bbox 90 3585 211 3650; x_wconf 86' lang='lat' dir='ltr'>Herodes</span> <span class='ocrx_word' id='word_1_347' title='bbox 224 3607 300 3652; x_wconf 89' lang='lat' dir='ltr'>vero</span> <span class='ocrx_word' id='word_1_348' title='bbox 315 3589 506 3670; x_wconf 89' lang='lat' dir='ltr'>paulopost,</span> <span class='ocrx_word' id='word_1_349' title='bbox 528 3587 789 3651; x_wconf 84' lang='lat' dir='ltr'>crebrescentibus</span> <span class='ocrx_word' id='word_1_350' title='bbox 804 3588 974 3651; x_wconf 89' lang='lat' dir='ltr'>rumoribus</span> <span class='ocrx_word' id='word_1_351' title='bbox 997 3589 1034 3650; x_wconf 91' lang='lat' dir='ltr'>de</span> <span class='ocrx_word' id='word_1_352' title='bbox 1049 3593 1124 3650; x_wconf 91' lang='lat' dir='ltr'>nato</span> <span class='ocrx_word' id='word_1_353' title='bbox 1140 3605 1218 3649; x_wconf 93' lang='lat' dir='ltr'>novo</span> <span class='ocrx_word' id='word_1_354' title='bbox 1233 3605 1322 3667; x_wconf 88' lang='lat' dir='ltr'>rege,</span> <span class='ocrx_word' id='word_1_355' title='bbox 1345 3605 1421 3648; x_wconf 90' lang='lat' dir='ltr'>con-</span> 
     </span>
     <span class='ocr_line' id='line_1_36' title="bbox 90 3674 1423 3760; baseline -0.002 -20"><span class='ocrx_word' id='word_1_356' title='bbox 90 3674 317 3760; x_wconf 76' lang='lat' dir='ltr'>aphantubusque</span> <span class='ocrx_word' id='word_1_357' title='bbox 339 3677 399 3740; x_wconf 87' lang='lat' dir='ltr'>hac</span> <span class='ocrx_word' id='word_1_358' title='bbox 418 3676 616 3759; x_wconf 87' lang='lat' dir='ltr'>persuasione</span> <span class='ocrx_word' id='word_1_359' title='bbox 636 3677 808 3756; x_wconf 90' lang='lat' dir='ltr'>pharisaeis</span> <span class='ocrx_word' id='word_1_360' title='bbox 830 3695 897 3740; x_wconf 91' lang='lat' dir='ltr'>curn</span> <span class='ocrx_word' id='word_1_361' title='bbox 918 3677 1000 3758; x_wconf 90' lang='lat' dir='ltr'>regis</span> <span class='ocrx_word' id='word_1_362' title='bbox 1023 3675 1212 3750; x_wconf 87' lang='lat' dir='ltr'>domesticis,</span> <span class='ocrx_word' id='word_1_363' title='bbox 1242 3675 1423 3756; x_wconf 84' lang='lat' dir='ltr'>conquisivit</span> 
     </span>
     <span class='ocr_line' id='line_1_37' title="bbox 91 3763 1422 3848; baseline -0.002 -20"><span class='ocrx_word' id='word_1_364' title='bbox 91 3763 205 3830; x_wconf 78' lang='lat' dir='ltr'>inientes</span> <span class='ocrx_word' id='word_1_365' title='bbox 219 3768 302 3830; x_wconf 81' lang='lat' dir='ltr'>infra</span> <span class='ocrx_word' id='word_1_366' title='bbox 322 3765 468 3830; x_wconf 87' lang='lat' dir='ltr'>bimatum</span> <span class='ocrx_word' id='word_1_367' title='bbox 487 3766 519 3828; x_wconf 91' lang='lat' dir='ltr'>in</span> <span class='ocrx_word' id='word_1_368' title='bbox 534 3765 689 3828; x_wconf 88' lang='lat' dir='ltr'>territorio</span> <span class='ocrx_word' id='word_1_369' title='bbox 710 3765 965 3829; x_wconf 88' lang='lat' dir='ltr'>BetMehemitico</span> <span class='ocrx_word' id='word_1_370' title='bbox 988 3785 1099 3848; x_wconf 90' lang='lat' dir='ltr'>eosque</span> <span class='ocrx_word' id='word_1_371' title='bbox 1115 3765 1283 3846; x_wconf 87' lang='lat' dir='ltr'>jugulavit,</span> <span class='ocrx_word' id='word_1_372' title='bbox 1305 3771 1339 3826; x_wconf 90' lang='lat' dir='ltr'>et</span> <span class='ocrx_word' id='word_1_373' title='bbox 1353 3765 1422 3846; x_wconf 91' lang='lat' dir='ltr'>qui-</span> 
     </span>
     <span class='ocr_line' id='line_1_38' title="bbox 91 3847 1423 3935; baseline -0.001 -18"><span class='ocrx_word' id='word_1_374' title='bbox 91 3851 147 3917; x_wconf 82' lang='lat' dir='ltr'>dem</span> <span class='ocrx_word' id='word_1_375' title='bbox 163 3856 204 3930; x_wconf 90' lang='lat' dir='ltr'>(si</span> <span class='ocrx_word' id='word_1_376' title='bbox 220 3857 365 3922; x_wconf 81' lang='lat' dir='ltr'>Christus</span> <span class='ocrx_word' id='word_1_377' title='bbox 387 3855 417 3920; x_wconf 90' lang='grc'>6.</span> <span class='ocrx_word' id='word_1_378' title='bbox 432 3855 503 3919; x_wconf 89' lang='lat' dir='ltr'>Jan.</span> <span class='ocrx_word' id='word_1_379' title='bbox 525 3873 605 3918; x_wconf 87' lang='lat' dir='ltr'>anno</span> <span class='ocrx_word' id='word_1_380' title='bbox 620 3855 673 3917; x_wconf 91' lang='grc'>41.</span> <span class='ocrx_word' id='word_1_381' title='bbox 694 3856 744 3918; x_wconf 90' lang='lat' dir='ltr'>vel</span> <span class='ocrx_word' id='word_1_382' title='bbox 766 3855 818 3918; x_wconf 82' lang='grc'>25.</span> <span class='ocrx_word' id='word_1_383' title='bbox 834 3855 996 3920; x_wconf 88' lang='lat' dir='ltr'>Decembri</span> <span class='ocrx_word' id='word_1_384' title='bbox 1018 3873 1098 3918; x_wconf 89' lang='lat' dir='ltr'>anno</span> <span class='ocrx_word' id='word_1_385' title='bbox 1113 3854 1165 3918; x_wconf 86' lang='grc'>40.</span> <span class='ocrx_word' id='word_1_386' title='bbox 1185 3847 1293 3935; x_wconf 88' lang='lat' dir='ltr'>natus)</span> <span class='ocrx_word' id='word_1_387' title='bbox 1316 3853 1423 3916; x_wconf 90' lang='lat' dir='ltr'>eodem</span> 
     </span>
     <span class='ocr_line' id='line_1_39' title="bbox 92 3942 1423 4028; baseline -0.002 -20"><span class='ocrx_word' id='word_1_388' title='bbox 92 3942 216 4008; x_wconf 75' lang='lat' dir='ltr'>fortassis</span> <span class='ocrx_word' id='word_1_389' title='bbox 236 3953 376 4028; x_wconf 91' lang='lat' dir='ltr'>tempore</span> <span class='ocrx_word' id='word_1_390' title='bbox 397 3943 608 4010; x_wconf 83' lang='lat' dir='ltr'>Alexandrum</span> <span class='ocrx_word' id='word_1_391' title='bbox 630 3952 662 4008; x_wconf 89' lang='lat' dir='ltr'>et</span> <span class='ocrx_word' id='word_1_392' title='bbox 682 3944 894 4008; x_wconf 86' lang='lat' dir='ltr'>Aristobulum</span> <span class='ocrx_word' id='word_1_393' title='bbox 923 3965 995 4008; x_wconf 89' lang='lat' dir='ltr'>suos</span> <span class='ocrx_word' id='word_1_394' title='bbox 1016 3963 1056 4008; x_wconf 84' lang='lat' dir='ltr'>ex</span> <span class='ocrx_word' id='word_1_395' title='bbox 1075 3945 1244 4009; x_wconf 79' lang='lat' dir='ltr'>Mariamme</span> <span class='ocrx_word' id='word_1_396' title='bbox 1265 3944 1423 4007; x_wconf 85' lang='lat' dir='ltr'>Aemonea</span> 
     </span>
     <span class='ocr_line' id='line_1_40' title="bbox 92 4009 1423 4117; baseline 0 -23"><span class='ocrx_word' id='word_1_397' title='bbox 92 4031 154 4096; x_wconf 88' lang='lat' dir='ltr'>ilios</span> <span class='ocrx_word' id='word_1_398' title='bbox 174 4035 315 4117; x_wconf 86' lang='lat' dir='ltr'>adjunxit</span> <span class='ocrx_word' id='word_1_399' title='bbox 335 4035 502 4100; x_wconf 82' lang='lat' dir='ltr'>infantibus</span> <span class='ocrx_word' id='word_1_400' title='bbox 518 4033 658 4110; x_wconf 90' lang='lat' dir='ltr'>comites,</span> <span class='ocrx_word' id='word_1_401' title='bbox 681 4009 762 4116; x_wconf 79' lang='lat' dir='ltr'>quid</span> <span class='ocrx_word' id='word_1_402' title='bbox 782 4035 956 4101; x_wconf 86' lang='lat' dir='ltr'>Macrobius</span> <span class='ocrx_word' id='word_1_403' title='bbox 971 4035 1077 4098; x_wconf 86' lang='lat' dir='ltr'>innuit</span> <span class='ocrx_word' id='word_1_404' title='bbox 1122 4035 1183 4097; x_wconf 85' lang='lat' dir='ltr'>Vel</span> <span class='ocrx_word' id='word_1_405' title='bbox 1199 4033 1423 4114; x_wconf 87' lang='lat' dir='ltr'>perpetraverit</span> 
     </span>
     <span class='ocr_line' id='line_1_41' title="bbox 91 4121 1422 4206; baseline 0.002 -23"><span class='ocrx_word' id='word_1_406' title='bbox 91 4121 211 4188; x_wconf 83' lang='lat' dir='ltr'>llercdes</span> <span class='ocrx_word' id='word_1_407' title='bbox 225 4127 286 4190; x_wconf 92' lang='lat' dir='ltr'>hoc</span> <span class='ocrx_word' id='word_1_408' title='bbox 300 4125 429 4188; x_wconf 85' lang='lat' dir='ltr'>immane</span> <span class='ocrx_word' id='word_1_409' title='bbox 451 4124 568 4188; x_wconf 78' lang='lat' dir='ltr'>lacinus</span> <span class='ocrx_word' id='word_1_410' title='bbox 590 4123 622 4186; x_wconf 92' lang='lat' dir='ltr'>in</span> <span class='ocrx_word' id='word_1_411' title='bbox 643 4141 753 4206; x_wconf 88' lang='lat' dir='ltr'>pueros</span> <span class='ocrx_word' id='word_1_412' title='bbox 768 4123 947 4188; x_wconf 87' lang='lat' dir='ltr'>innocentes</span> <span class='ocrx_word' id='word_1_413' title='bbox 968 4125 1147 4206; x_wconf 89' lang='lat' dir='ltr'>paulopost</span> <span class='ocrx_word' id='word_1_414' title='bbox 1167 4142 1270 4186; x_wconf 91' lang='lat' dir='ltr'>necem</span> <span class='ocrx_word' id='word_1_415' title='bbox 1285 4121 1422 4196; x_wconf 86' lang='lat' dir='ltr'>filiorum,</span> 
     </span>
     <span class='ocr_line' id='line_1_42' title="bbox 92 4208 1421 4298; baseline -0.003 -22"><span class='ocrx_word' id='word_1_416' title='bbox 92 4208 193 4290; x_wconf 78' lang='lat' dir='ltr'>quaudo</span> <span class='ocrx_word' id='word_1_417' title='bbox 209 4215 246 4278; x_wconf 91' lang='lat' dir='ltr'>de</span> <span class='ocrx_word' id='word_1_418' title='bbox 262 4214 441 4298; x_wconf 89' lang='lat' dir='ltr'>quibusdam</span> <span class='ocrx_word' id='word_1_419' title='bbox 462 4213 634 4296; x_wconf 88' lang='lat' dir='ltr'>pharisaeis</span> <span class='ocrx_word' id='word_1_420' title='bbox 654 4232 734 4279; x_wconf 90' lang='lat' dir='ltr'>nova</span> <span class='ocrx_word' id='word_1_421' title='bbox 750 4213 877 4281; x_wconf 87' lang='lat' dir='ltr'>consilia</span> <span class='ocrx_word' id='word_1_422' title='bbox 899 4214 1088 4296; x_wconf 88' lang='lat' dir='ltr'>agitantibus</span> <span class='ocrx_word' id='word_1_423' title='bbox 1104 4213 1283 4294; x_wconf 91' lang='lat' dir='ltr'>supplicium</span> <span class='ocrx_word' id='word_1_424' title='bbox 1305 4210 1421 4274; x_wconf 85' lang='lat' dir='ltr'>sumsit</span> 
     </span>
     <span class='ocr_line' id='line_1_43' title="bbox 91 4299 1420 4383; baseline -0.004 -17"><span class='ocrx_word' id='word_1_425' title='bbox 91 4299 299 4368; x_wconf 79' lang='lat' dir='ltr'>luimticidim</span> <span class='ocrx_word' id='word_1_426' title='bbox 313 4305 373 4368; x_wconf 92' lang='lat' dir='ltr'>hoc</span> <span class='ocrx_word' id='word_1_427' title='bbox 386 4303 437 4368; x_wconf 91' lang='lat' dir='ltr'>vel</span> <span class='ocrx_word' id='word_1_428' title='bbox 451 4303 553 4368; x_wconf 86' lang='lat' dir='ltr'>studio</span> <span class='ocrx_word' id='word_1_429' title='bbox 561 4301 766 4366; x_wconf 85' lang='lat' dir='ltr'>Romanorum</span> <span class='ocrx_word' id='word_1_430' title='bbox 781 4303 893 4380; x_wconf 89' lang='lat' dir='ltr'>velare,</span> <span class='ocrx_word' id='word_1_431' title='bbox 907 4303 956 4367; x_wconf 92' lang='lat' dir='ltr'>vel</span> <span class='ocrx_word' id='word_1_432' title='bbox 965 4303 1121 4367; x_wconf 87' lang='lat' dir='ltr'>licentiam</span> <span class='ocrx_word' id='word_1_433' title='bbox 1131 4302 1301 4383; x_wconf 86' lang='lat' dir='ltr'>apraeside</span> <span class='ocrx_word' id='word_1_434' title='bbox 1312 4300 1420 4383; x_wconf 83' lang='lat' dir='ltr'>Syrias</span> 
     </span>
     <span class='ocr_line' id='line_1_44' title="bbox 92 4391 1422 4476; baseline -0.002 -24"><span class='ocrx_word' id='word_1_435' title='bbox 92 4399 135 4452; x_wconf 84' lang='lat' dir='ltr'>aut</span> <span class='ocrx_word' id='word_1_436' title='bbox 147 4393 183 4456; x_wconf 86' lang='lat' dir='ltr'>ab</span> <span class='ocrx_word' id='word_1_437' title='bbox 196 4394 264 4476; x_wconf 91' lang='lat' dir='ltr'>ipso</span> <span class='ocrx_word' id='word_1_438' title='bbox 280 4393 425 4473; x_wconf 83' lang='lat' dir='ltr'>Augusto</span> <span class='ocrx_word' id='word_1_439' title='bbox 445 4393 610 4474; x_wconf 86' lang='lat' dir='ltr'>impetrare</span> <span class='ocrx_word' id='word_1_440' title='bbox 628 4394 729 4474; x_wconf 90' lang='lat' dir='ltr'>potuit</span> <span class='ocrx_word' id='word_1_441' title='bbox 752 4395 811 4456; x_wconf 91' lang='lat' dir='ltr'>hoc</span> <span class='ocrx_word' id='word_1_442' title='bbox 830 4401 1009 4475; x_wconf 87' lang='lat' dir='ltr'>praetextu,</span> <span class='ocrx_word' id='word_1_443' title='bbox 1033 4393 1113 4475; x_wconf 91' lang='lat' dir='ltr'>quod</span> <span class='ocrx_word' id='word_1_444' title='bbox 1128 4391 1281 4456; x_wconf 86' lang='lat' dir='ltr'>oraculum</span> <span class='ocrx_word' id='word_1_445' title='bbox 1297 4391 1334 4453; x_wconf 88' lang='lat' dir='ltr'>de</span> <span class='ocrx_word' id='word_1_446' title='bbox 1349 4405 1422 4468; x_wconf 89' lang='lat' dir='ltr'>rege</span> 
     </span>
     <span class='ocr_line' id='line_1_45' title="bbox 92 4477 1421 4564; baseline -0.002 -24"><span class='ocrx_word' id='word_1_447' title='bbox 92 4477 257 4546; x_wconf 85' lang='lat' dir='ltr'>ludaeorum</span> <span class='ocrx_word' id='word_1_448' title='bbox 278 4482 385 4562; x_wconf 90' lang='lat' dir='ltr'>utique</span> <span class='ocrx_word' id='word_1_449' title='bbox 399 4499 509 4546; x_wconf 88' lang='lat' dir='ltr'>vanum</span> <span class='ocrx_word' id='word_1_450' title='bbox 531 4482 651 4564; x_wconf 90' lang='lat' dir='ltr'>quidem</span> <span class='ocrx_word' id='word_1_451' title='bbox 666 4483 722 4557; x_wconf 90' lang='lat' dir='ltr'>sit,</span> <span class='ocrx_word' id='word_1_452' title='bbox 744 4503 804 4545; x_wconf 91' lang='lat' dir='ltr'>non</span> <span class='ocrx_word' id='word_1_453' title='bbox 820 4491 924 4548; x_wconf 87' lang='lat' dir='ltr'>tamen</span> <span class='ocrx_word' id='word_1_454' title='bbox 940 4483 1191 4547; x_wconf 88' lang='lat' dir='ltr'>contemnendum</span> <span class='ocrx_word' id='word_1_455' title='bbox 1205 4482 1237 4542; x_wconf 92' lang='lat' dir='ltr'>in</span> <span class='ocrx_word' id='word_1_456' title='bbox 1252 4480 1342 4559; x_wconf 89' lang='lat' dir='ltr'>vulgo</span> <span class='ocrx_word' id='word_1_457' title='bbox 1357 4483 1421 4538; x_wconf 91' lang='lat' dir='ltr'>tam</span> 
     </span>
     <span class='ocr_line' id='line_1_46' title="bbox 92 4569 1423 4655; baseline -0.002 -25"><span class='ocrx_word' id='word_1_458' title='bbox 92 4569 192 4648; x_wconf 89' lang='lat' dir='ltr'>mobili,</span> <span class='ocrx_word' id='word_1_459' title='bbox 212 4573 243 4636; x_wconf 90' lang='lat' dir='ltr'>in</span> <span class='ocrx_word' id='word_1_460' title='bbox 258 4571 418 4655; x_wconf 90' lang='lat' dir='ltr'>provincia</span> <span class='ocrx_word' id='word_1_461' title='bbox 431 4571 603 4647; x_wconf 88' lang='lat' dir='ltr'>limitanea,</span> <span class='ocrx_word' id='word_1_462' title='bbox 625 4579 690 4634; x_wconf 87' lang='lat' dir='ltr'>tam</span> <span class='ocrx_word' id='word_1_463' title='bbox 712 4573 798 4635; x_wconf 89' lang='lat' dir='ltr'>lirma</span> <span class='ocrx_word' id='word_1_464' title='bbox 810 4573 994 4637; x_wconf 78' lang='lat' dir='ltr'>ludaeorum</span> <span class='ocrx_word' id='word_1_465' title='bbox 1015 4571 1227 4655; x_wconf 88' lang='lat' dir='ltr'>persuasione,</span> <span class='ocrx_word' id='word_1_466' title='bbox 1241 4577 1278 4631; x_wconf 88' lang='lat' dir='ltr'>ut</span> <span class='ocrx_word' id='word_1_467' title='bbox 1298 4583 1423 4647; x_wconf 89' lang='lat' dir='ltr'>quorum</span> 
     </span>
     <span class='ocr_line' id='line_1_47' title="bbox 85 4654 1422 4745; baseline -0.005 -22"><span class='ocrx_word' id='word_1_468' title='bbox 85 4655 240 4726; x_wconf 72' lang='lat' dir='ltr'>durissimi</span> <span class='ocrx_word' id='word_1_469' title='bbox 255 4679 321 4726; x_wconf 89' lang='lat' dir='ltr'>non</span> <span class='ocrx_word' id='word_1_470' title='bbox 337 4669 525 4738; x_wconf 87' lang='lat' dir='ltr'>vererentur,</span> <span class='ocrx_word' id='word_1_471' title='bbox 546 4662 605 4726; x_wconf 92' lang='lat' dir='ltr'>hoc</span> <span class='ocrx_word' id='word_1_472' title='bbox 620 4661 773 4726; x_wconf 88' lang='lat' dir='ltr'>oraculum</span> <span class='ocrx_word' id='word_1_473' title='bbox 792 4663 857 4743; x_wconf 90' lang='lat' dir='ltr'>regi</span> <span class='ocrx_word' id='word_1_474' title='bbox 876 4663 936 4745; x_wconf 90' lang='lat' dir='ltr'>ipsi</span> <span class='ocrx_word' id='word_1_475' title='bbox 957 4663 1109 4738; x_wconf 88' lang='lat' dir='ltr'>revelars;</span> <span class='ocrx_word' id='word_1_476' title='bbox 1133 4665 1224 4722; x_wconf 89' lang='lat' dir='ltr'>tanta</span> <span class='ocrx_word' id='word_1_477' title='bbox 1245 4662 1349 4718; x_wconf 86' lang='lat' dir='ltr'>sectae</span> <span class='ocrx_word' id='word_1_478' title='bbox 1371 4654 1422 4716; x_wconf 90' lang='lat' dir='ltr'>vel</span> 
     </span>
    </p>
   </div>
   <div class='ocr_carea' id='block_1_7' title="bbox 93 4745 1535 4833">
    <p class='ocr_par' dir='ltr' id='par_1_8' title="bbox 93 4745 1535 4833">
     <span class='ocr_line' id='line_1_48' title="bbox 93 4745 1535 4833; baseline -0.008 -21"><span class='ocrx_word' id='word_1_479' title='bbox 93 4745 154 4825; x_wconf 82' lang='lat' dir='ltr'>ipsis</span> <span class='ocrx_word' id='word_1_480' title='bbox 173 4751 298 4833; x_wconf 87' lang='lat' dir='ltr'>regibus</span> <span class='ocrx_word' id='word_1_481' title='bbox 323 4749 534 4814; x_wconf 75' lang='lat' dir='ltr'>formidolosae</span> <span class='ocrx_word' id='word_1_482' title='bbox 557 4751 742 4816; x_wconf 87' lang='lat' dir='ltr'>auctoritate</span> <span class='ocrx_word' id='word_1_483' title='bbox 762 4753 843 4833; x_wconf 89' lang='lat' dir='ltr'>apud</span> <span class='ocrx_word' id='word_1_484' title='bbox 858 4753 983 4832; x_wconf 88' lang='lat' dir='ltr'>vulgus,</span> <span class='ocrx_word' id='word_1_485' title='bbox 1007 4759 1095 4814; x_wconf 86' lang='lat' dir='ltr'>tanto</span> <span class='ocrx_word' id='word_1_486' title='bbox 1112 4764 1259 4811; x_wconf 88' lang='lat' dir='ltr'>consensu</span> <span class='ocrx_word' id='word_1_487' title='bbox 1276 4749 1422 4804; x_wconf 86' lang='lat' dir='ltr'>externae</span> <span class='ocrx_word' id='word_1_488' title='bbox 1531 4789 1535 4800; x_wconf 78' lang='grc'><strong>.</strong></span> 
     </span>
    </p>
   </div>
   <div class='ocr_carea' id='block_1_8' title="bbox 93 4820 1424 4926">
    <p class='ocr_par' dir='ltr' id='par_1_9' title="bbox 93 4820 1424 4926">
     <span class='ocr_line' id='line_1_49' title="bbox 93 4820 1424 4926; baseline -0.012 -16"><span class='ocrx_word' id='word_1_489' title='bbox 93 4833 174 4903; x_wconf 66' lang='lat' dir='ltr'>im</span> <span class='ocrx_word' id='word_1_490' title='bbox 196 4859 252 4924; x_wconf 88' lang='lat' dir='ltr'>per</span> <span class='ocrx_word' id='word_1_491' title='bbox 278 4837 430 4906; x_wconf 78' lang='lat' dir='ltr'>orientem</span> <span class='ocrx_word' id='word_1_492' title='bbox 453 4861 520 4905; x_wconf 92' lang='lat' dir='ltr'>cum</span> <span class='ocrx_word' id='word_1_493' title='bbox 544 4841 728 4918; x_wconf 88' lang='lat' dir='ltr'>domestica,</span> <span class='ocrx_word' id='word_1_494' title='bbox 742 4841 820 4926; x_wconf 84' lang='lat' dir='ltr'>sore</span> <span class='ocrx_word' id='word_1_495' title='bbox 843 4849 878 4908; x_wconf 79' lang='lat' dir='ltr'>at</span> <span class='ocrx_word' id='word_1_496' title='bbox 900 4838 1065 4907; x_wconf 69' lang='lat' dir='ltr'>arbacem</span> <span class='ocrx_word' id='word_1_497' title='bbox 1078 4855 1208 4923; x_wconf 59' lang='lat' dir='ltr'>,orm</span> <span class='ocrx_word' id='word_1_498' title='bbox 1239 4838 1269 4896; x_wconf 80' lang='lat' dir='ltr'>st</span> <span class='ocrx_word' id='word_1_499' title='bbox 1287 4820 1424 4914; x_wconf 68' lang='lat' dir='ltr'>piosecti</span> 
     </span>
    </p>
   </div>
   <div class='ocr_carea' id='block_1_9' title="bbox 0 0 1718 5542">
    <p class='ocr_par' dir='ltr' id='par_1_10' title="bbox 0 0 1718 5542">
     <span class='ocr_line' id='line_1_50' title="bbox 0 0 1718 5542; baseline 0 0"><span class='ocrx_word' id='word_1_500' title='bbox 0 0 1718 5542; x_wconf 95' lang='lat' dir='ltr'> </span> 
     </span>
    </p>
   </div>
  </div>
 </body>
</html>
