3310 5538
478 1279 701 1398 Literoe
735 1277 964 1433 Kopleri

289 1533 510 1632 aliorumque
528 1547 673 1608 mutuae
692 1533 859 1607 derebus
879 1532 1144 1634 chronologicis.
1262 1617 1265 1622 ,

135 1989 233 2074 Supra
248 1987 340 2076 (pag.
356 1987 394 2075 9)
411 1993 555 2070 diximus,
568 1971 742 2078 ¹Keplemm
759 2017 778 2058 a
792 1995 956 2058 Maeatlino
976 1994 1122 2058 monitum
1142 1995 1181 2058 ad
1197 1995 1389 2077 quaestiones

64 2077 271 2231 pigrogologicas
294 2082 431 2146 animum
451 2083 631 2166 applicasse.
661 2085 844 2156 Maestlinns
865 2085 942 2148 haec
958 2083 1081 2167 scripsit
1094 2084 1226 2164 Keplero
1243 2075 1388 2166 (ins-¹1¹¹·

97 2163 292 2327 9(5)hcnologioa
309 2263 427 2346 quaetio
442 2260 503 2312 mihi
517 2261 624 2312 multum
639 2261 743 2314 imadt
757 2263 859 2328 nepoti.
890 2261 981 2312 Placet
995 2262 1056 2314 milri
1071 2217 1149 2314 edam
1164 2263 1213 2312 ista
1232 2259 1390 2346 pinnatarum

63 2329 1391 2482 asseruissequtoneeesiamueaeeaeme

63 2483 142 2522 nmero
153 2485 274 2598 affl?
285 2473 345 2525 480
357 2470 387 2538 (l.
395 2471 669 2598 Bmffiellt'ddqffi
674 2477 883 2598 οξιζὲαοωὲιέιιο
895 2474 949 2527 libri
956 2473 1072 2528 iudicum
1084 2475 1220 2526 meandum
1235 2473 1334 2524 literam
1345 2486 1389 2524 ne-

64 2555 165 2608 mquam
248 2549 445 2614 ‘perspersum
509 2563 561 2598 .1
671 2549 709 2596 c'
764 2561 789 2611 p.
840 2583 846 2596 .
1174 2550 1177 2556 '

118 2629 205 2692 Quum
221 2636 356 2702 respondit
367 2635 493 2700 Keplerns
511 2636 534 2688 d.
552 2634 577 2688 0.
589 2635 652 2687 Dec.
671 2634 740 2688 tues
757 2630 872 2702 (quarum
889 2635 1019 2688 literarum
1036 2641 1134 2701 partem
1145 2634 1172 2684 iu
1182 2589 1354 2684 immemo'et
1364 2631 1390 2684 lu

65 2700 111 2754 libro
120 2705 147 2756 de
157 2705 237 2758 Stella
248 2707 326 2760 Nova
339 2703 516 2770 exhibuimus).
1222 2711 1228 2721 '

133 2795 344 2879 Chronologia
364 2797 503 2861 Judicnm
524 2798 615 2880 plena
636 2795 866 2862 difficultatibus
888 2804 952 2871 est,
974 2813 1080 2878 meque
1100 2811 1161 2857 non
1178 2793 1276 2858 minus
1299 2799 1390 2876 atque

64 2887 172 2948 tetotos
186 2905 281 2969 saepe
298 2885 377 2961 dies,
390 2886 450 2949 imo
467 2887 654 2968 septimanae
669 2887 790 2968 abripit
825 2887 925 2950 Multa
944 2892 1053 2948 notatu
1074 2883 1252 2964 dignissima
1267 2881 1389 2964 consig-

65 2973 130 3047 navi,
147 2975 199 3038 aed
215 2995 295 3060 quae
311 2976 420 3057 procul
436 2976 525 3040 dubio
542 2983 574 3039 et
589 2976 641 3039 alii
656 2976 909 3039 animadvertunt
942 2975 1051 3038 Placet
1070 2979 1172 3036 autem
1186 2973 1218 3035 in
1232 2980 1389 3056 utramque

63 3069 160 3137 partem
172 3063 297 3128 velitari
313 3065 433 3128 leviter.
467 3065 518 3128 Ab
538 3065 621 3129 exitu
643 3065 683 3128 ad
702 3065 914 3146 captivitatem
932 3064 994 3126 112
1015 3061 1102 3126 annia
1121 3061 1194 3146 plus
1205 3061 1316 3125 ceteris
1331 3081 1389 3124 nu·

64 3165 151 3214 meras
184 3153 322 3236 Tempus
344 3154 404 3218 hoc
422 3155 595 3218 universum
609 3154 714 3238 procul
733 3154 823 3218 dubio
843 3154 875 3217 in
889 3152 1013 3217 Judices
1035 3153 1138 3216 infera.
1166 3151 1247 3214 Nam
1262 3172 1281 3214 a
1297 3149 1389 3214 Salo-

64 3253 132 3302 mone
147 3241 184 3304 ad
199 3243 420 3326 captivitatem
434 3243 547 3308 nullam
561 3243 681 3307 memini
696 3243 934 3307 controversiam
953 3241 1085 3306 existere
1105 3240 1143 3303 de
1165 3259 1280 3306 summa
1294 3239 1390 3302 totius

64 3331 194 3409 temporis.
231 3333 369 3395 Movent
388 3340 490 3396 autem
513 3341 545 3396 te
568 3333 737 3397 clarissima
756 3333 851 3396 verba
871 3332 940 3420 lilpri
960 3330 1108 3395 Judicum.
1151 3329 1229 3392 Dico
1254 3335 1307 3391 ant
1328 3347 1388 3391 non

63 3413 152 3482 debere
167 3427 198 3481 te
213 3421 277 3484 illis
298 3421 413 3484 moveri
431 3422 532 3485 verbis
549 3423 737 3498 clarissimis,
758 3430 812 3484 aut
831 3421 903 3485 alibi
918 3421 1011 3484 etiam
1029 3418 1143 3482 moveri
1158 3417 1276 3480 debere.
1308 3414 1389 3488 Quid

62 3504 151 3570 elatius
163 3507 224 3572 dici
239 3516 353 3592 potest
363 3509 440 3573 Gen.
452 3511 502 3588 12,
520 3511 569 3574 15.
577 3511 634 3575 Ex.
646 3513 695 3587 12,
711 3529 801 3596 quam
815 3509 938 3574 Israelis
953 3509 1167 3594 posteritatem
1183 3502 1387 3588 (nonTharae

62 3591 187 3678 Naho'ria)
198 3600 354 3664 afflictam
363 3618 431 3662 esse
440 3600 625 3684 inAegypto
635 3601 700 3664 400
711 3601 806 3676 annis,
821 3599 987 3664 redituram
995 3597 1097 3680 posti
1109 3604 1245 3671 aetates·
1254 3613 1387 3658 commo-

61 3691 141 3748 ratam
159 3687 358 3771 inAegppto
380 3687 445 3752 430
461 3690 567 3753 annis?
597 3689 660 3756 Gur
678 3690 728 3754 hic
748 3689 879 3754 discedis
901 3710 920 3752 a
938 3688 1053 3763 verbis,
1073 3685 1213 3750 Judicum
1227 3685 1322 3748 verba
1335 3703 1387 3748 re-

63 3771 143 3836 tines?
178 3773 265 3862 Quae
298 3795 392 3842 causa
415 3777 625 3842 diversitatis?
663 3779 770 3842 Movet
793 3787 825 3842 te
850 3780 929 3842 forte
952 3777 1065 3842 Paulus
1089 3776 1239 3856 interpres
1265 3773 1334 3837 Gal.
1358 3773 1387 3836 3.

63 3859 168 3928 lloveat
182 3885 256 3949 ergo
283 3873 317 3929 et
330 3865 404 3930 hiori
418 3867 558 3930 Judicnm
576 3869 728 3951 interpres
743 3867 903 3943 Salomon,
921 3866 971 3929 vel
992 3865 1056 3948 ejus
1076 3864 1221 3946 temporis
1240 3863 1388 3945 pontifex,

63 3951 100 4026 qui
118 3971 269 4018 numerum
296 3956 399 4038 prodit
420 3953 493 4020 480.
529 3957 679 4042 Utrinque
701 3965 755 4021 aut
775 3958 854 4020 idem
876 3955 1009 4039 Spiritus
1026 3962 1150 4017 sanctus
1170 3948 1213 4035 (si
1227 3953 1388 4033 theologos

62 4037 312 4109 minndsaimorum
334 4051 504 4109 assertores
520 4041 685 4129 sequimur)
708 4053 761 4109 aut
783 4047 889 4109 eadem
909 4045 957 4107 vis
978 4044 1100 4107 hnmani
1114 4040 1242 4124 ingenii,
1265 4042 1389 4126 quaein

63 4134 244 4212 eumundo
261 4133 416 4197 consistit
449 4135 550 4217 Major
564 4135 658 4198 ctiam
673 4134 828 4200 Salomoni
842 4133 956 4198 homini
969 4133 1045 4196 lides
1060 4151 1149 4215 quam
1162 4131 1273 4208 Paulo,
1292 4149 1386 4213 prop-

64 4222 131 4282 terea
144 4224 223 4304 quod
243 4241 356 4286 recens
371 4223 505 4304 judicum
524 4225 672 4298 memoria,
684 4223 854 4302 Salomoni,
871 4223 971 4287 *Paulo
991 4221 1148 4285 servitutis
1168 4220 1386 4303 antiquissima.

63 4303 151 4388 ltaque
165 4312 191 4375 si
205 4313 371 4376 verborum
390 4313 566 4377 biblicorom
586 4321 622 4377 ut
641 4332 775 4396 quaeque
795 4313 1005 4396 antiquissima
1025 4318 1228 4386 assertores,
1251 4315 1387 4372 aetatem

64 4397 146 4461 cunm
159 4403 258 4482 magis
274 4401 370 4465 etiam
385 4395 517 4482 an'gebis.
555 4402 610 4468 Sin
630 4403 812 4484 interpretes
829 4403 965 4486 juniores
981 4402 1131 4484 sequeris,
1152 4398 1288 4463 manebis
1303 4397 1387 4460 intra

63 4479 187 4570 tnengi
203 4509 360 4562 summam
393 4491 437 4554 Et
455 4499 558 4555 tamen
576 4492 690 4562 velsic
706 4489 799 4556 stiam
818 4491 943 4574 augebis
965 4499 1098 4554 aetatem
1112 4489 1214 4552 mundi
1230 4487 1272 4551 60
1289 4483 1385 4547 annis

64 4569 127 4636 Ntm
141 4596 215 4659 qnae
231 4579 310 4644 Gen.
329 4580 379 4653 ll,
397 4580 446 4642 12.
462 4581 646 4656 scribuntur,
665 4581 707 4644 ibi
723 4580 913 4663 Stephanum
927 4580 1124 4662 interpretem
1139 4580 1210 4643 Act
1227 4571 1256 4639 7.
1271 4571 1386 4647 audies,

63 4659 211 4730 Abramum
225 4678 344 4734 mortuo
360 4668 464 4732 Thana
478 4688 545 4732 cum
559 4671 619 4734 iret
633 4670 665 4733 in
680 4668 808 4734 Oanaan
822 4671 915 4734 fuisse
931 4665 973 4734 to
990 4687 1142 4732 annorum.
1174 4662 1301 4737 Quando
1317 4661 1385 4741 qni·

64 4745 125 4828 (lem,
139 4757 198 4818 etsi
213 4759 305 4838 primo
321 4760 391 4823 loco
408 4765 548 4822 censetur
562 4759 679 4824 Abram
693 4759 773 4822 inter
786 4759 898 4822 liberos
913 4758 1043 4833 Tharne,
1057 4775 1118 4819 non
1133 4763 1235 4818 men
1250 4749 1386 4831 sequitur

63 4839 142 4916 illm
162 4845 231 4910 loco
250 4857 370 4949 natum,
391 4866 471 4911 anno
487 4868 529 4912 ac.
543 4847 663 4914 Therae
679 4843 730 4911 70.
766 4849 846 4911 Nam
867 4856 901 4912 et
915 4845 989 4912 Sem
1007 4846 1102 4930 primo
1124 4843 1193 4906 loco
1214 4838 1386 4904 nominatur

107 4947 187 4996 ΜΗ
198 4949 266 5001 m
277 4954 314 4996 lv.
1161 4945 1177 4996 0
