3406 5542
598 313 757 422 'cesaree
782 267 993 406 veglensem.
1407 317 1471 386 365

125 497 180 562 555
199 497 258 560 per
274 499 373 542 annos
396 481 461 542 nati
478 479 609 544 Christi:
633 501 803 569 quanquam
825 501 885 546 uon
905 483 1011 545 statim
1025 487 1166 561 receptus
1180 482 1299 562 publice
1314 501 1381 544 mos
1396 483 1474 561 ipse,

125 587 178 631 nec
193 569 323 632 Eusebii
339 570 471 632 calculus
494 571 549 632 sed
571 572 648 634 51155
662 573 731 653 plus
746 573 798 636 illo
815 591 920 636 errans
935 571 1059 633 tandem
1075 568 1254 634 othnuerit'
1291 572 1384 635 Alter
1398 589 1472 632 vero

126 663 157 719 et
170 659 351 738 potissimus
373 659 486 740 gradus
508 680 527 721 a
547 661 665 740 gemino
690 662 846 742 consurgit
867 659 1076 736 frmdamento,
1099 681 1118 722 5
1139 661 1325 724 15555511515
1346 679 1472 740 compu-

125 748 276 810 tationem
291 747 479 830 paschalium
495 756 528 811 et
543 750 582 812 ab
597 750 731 813 utilitate
747 751 951 815 indictionum.
980 750 1145 812 Paschatis
1161 751 1272 812 festum
1287 750 1372 815 varie
1389 749 1471 812 cele-

125 836 293 900 braverunt
308 833 483 919 antiquitus,
500 838 705 902 occidentales
720 840 769 903 die
784 833 854 914 fixe,
869 847 904 901 ut
919 847 951 900 et
966 838 1156 902 orientalium
1170 838 1222 912 illi,
1239 839 1288 920 qui
1304 857 1383 901 anno
1393 839 1471 900 Per·
1558 845 1561 850 '

126 926 187 988 sico
211 927 362 1002 suetinsi,
392 925 504 990 Graeci
524 935 557 990 51
579 927 650 1011 Syri
672 937 705 991 et
725 929 873 1012 Aegyptii
895 929 1058 990 secuudum
1078 927 1211 990 Lunam:
1235 929 1314 1010 iique
1336 927 1416 990 inter
1439 947 1472 989 se
1496 942 1498 950 ·

125 1015 214 1077 divisi
230 1017 275 1079 sic
292 1023 396 1090 eraut,
418 1023 453 1078 ut
468 1015 588 1098 quidam
603 1018 764 1081 Iudaicum
780 1019 980 1082 observarent
992 1015 1125 1099 pascha3
1146 1017 1198 1080 alli
1221 1017 1399 1080 dominicam
1419 1035 1472 1078 se-

98 1156 101 1162 .
124 1113 267 1186 quentem
284 1113 316 1167 st
330 1123 465 1168 mensem
479 1106 666 1170 Xanthicum
687 1107 717 1170 iu
732 1107 866 1190 periodis
878 1107 1075 1170 Alexandrei.
1119 1107 1265 1168 Varietas
1287 1105 1473 1168 iutercalarii

125 1193 239 1258 mensis
254 1195 342 1257 initio
357 1213 412 1275 per
428 1196 635 1259 ectatteridas
649 1196 864 1279 inquirebatur,
880 1204 914 1258 ut
922 1197 1087 1278 Dionysius
1098 1195 1255 1276 episcopus
1264 1195 1472 1258 Alexandriae

124 1283 268 1346 factitare
284 1283 392 1346 solitus
409 1292 466 1346 est.
511 1286 599 1348 Hanc
616 1287 800 1370 Hippolytus
816 1286 997 1368 duplicavit,
1018 1295 1053 1348 ut
1075 1292 1159 1348 esset
1179 1284 1473 1358 hecoaedeeatteria

126 1372 280 1454 ediditque
302 1373 407 1436 harum
430 1381 547 1453 septem
573 1377 718 1438 summam
741 1394 885 1439 annorum
908 1375 970 1437 112
991 1375 1183 1438 continentes
1205 1374 1243 1436 ab
1260 1391 1339 1437 auno
1356 1372 1473 1438 Christi

125 1464 190 1524 222
206 1463 347 1544 usquein
363 1463 436 1548 333.
481 1463 607 1527 Interim
629 1474 698 1528 orta
719 1464 928 1528 controversia
949 1483 1045 1546 eaque
1067 1465 1159 1527 etiarn
1182 1464 1348 1544 composita
1370 1463 1401 1526 in
1417 1480 1472 1544 sy-

124 1552 205 1614 nodo
215 1551 343 1626 Nicaea,
359 1564 425 1614 cum
439 1557 568 1633 utraque
583 1553 725 1635 periodus
742 1562 826 1618 esset
840 1551 961 1628 vitiosa,
976 1554 1125 1618 Eusebius
1142 1553 1332 1618 octatterida
1347 1559 1380 1614 et
1393 1553 1471 1614 hen-

124 1638 321 1704 deoaeterida
337 1641 501 1722 conjunxit,
515 1649 551 1704 ut
566 1651 651 1706 esset
666 1644 951 1718 enneadecatteris,
976 1644 1060 1724 cujus
1077 1643 1256 1706 adminiculo
1272 1639 1473 1704 ecclesiastici

125 1731 251 1792 decreta
266 1730 386 1794 concilii
401 1742 607 1814 sequerentur.
642 1733 780 1796 Necdum
790 1733 918 1797 sublata
933 1733 1013 1796 omui
1029 1732 1236 1796 controversia
1252 1730 1398 1812 quomodo
1414 1730 1472 1792 hec

122 1827 207 1883 recte
223 1820 324 1894 fieret,
346 1819 530 1902 Theophilus
545 1823 752 1886 Alexandriae
769 1824 928 1904 episcopus
943 1822 1099 1903 periodum
1114 1841 1152 1884 ex
1168 1822 1188 1885 5
1205 1819 1471 1884 enneacaedecat-

122 1909 273 1972 teridibus
288 1910 487 1990 compositam
502 1911 579 1974 etin
595 1931 692 1974 anuos
708 1912 766 1988 95,
787 1921 822 1975 ut
842 1931 916 1975 vero
930 1912 1088 1974 Marianus
1104 1911 1135 1974 in
1152 1912 1214 1974 100
1227 1911 1407 1992 productam
1421 1909 1471 1970 in-

123 1998 280 2061 5111111511
296 1998 466 2062 5115382.
511 1998 644 2082 cyrillus
660 2002 794 2082 ejusdem
810 2002 891 2065 sedis
906 2001 1077 2082 Episcopus
1099 2002 1178 2064 hano
1198 1999 1353 2081 periodum
1373 2017 1471 2062 auno·
1507 2019 1513 2028 ’

122 2087 536 2164 1511955111515151115111,
556 2089 703 2172 iuprieus
726 2091 764 2154 ab
789 2091 861 2154 153.
883 2091 1086 2166 Diocletiani,
1105 2091 1155 2172 qui
1177 2097 1245 2152 erat
1261 2088 1377 2153 Christi
1397 2083 1472 2151 437.

124 2176 200 2240 Cum
223 2184 326 2240 autem
341 2176 471 2240 Romani
486 2179 646 2259 Theophili
667 2181 823 2261 periodum
846 2181 883 2242 ab
905 2199 984 2242 anuo
1000 2179 1074 2244 382.
1098 2185 1308 2261 sequerentur,
1330 2177 1471 2240 Pascha-

122 2267 204 2329 siuus
220 2266 391 2330 5115445.
407 2267 561 2330 consultus
577 2287 667 2350 super
682 2277 750 2332 orta
766 2269 974 2334 controversia
989 2270 1120 2332 recurrit
1135 2269 1174 2332 ad
1191 2267 1337 2341 octoada,
1360 2273 1395 2328 ut
1416 2266 1471 2341 ait,

122 2355 262 2436 legalem,
277 2363 351 2436 puto
366 2355 533 2419 Iudaicam.
578 2359 704 2421 Interim
725 2360 866 2422 Arrianus
889 2357 1059 2421 Monachus
1081 2359 1113 2421 in
1128 2358 1272 2440 Aegypto
1294 2356 1386 2430 vidit,
1408 2373 1470 2419 151

121 2445 186 2508 1511
200 2445 370 2526 plenariam
385 2448 616 2526 apocatastasin
626 2448 767 2511 feriarum
783 2449 841 2511 nisi
856 2448 1058 2530 multIplicato
1074 2447 1159 2528 cyclo
1170 2447 1274 2509 Lunae
1294 2444 1333 2509 19
1349 2446 1380 2508 11
1397 2463 1470 2525 cyc-

121 2535 182 2598 lum
198 2533 341 2598 Solis.28
357 2554 511 2610 annorum,
527 2534 586 2618 qu'a
600 2537 718 2600 ratione
733 2537 876 2619 periodus
892 2537 990 2619 surgit
1006 2537 1240 2600 5515111532.
1274 2534 1363 2597 Harre
1378 2534 1472 2614 igitur

121 2624 245 2688 Arriano
261 2623 369 2687 tribuit
384 2621 534 2706 Georgius
551 2625 669 2688 Tarasii
691 2627 886 2707 patriarchae
907 2626 1073 2708 syncellus,
1094 2627 1271 2690 Hervvartus
1287 2631 1320 2686 et
1336 2621 1470 2703 Georgio

121 2713 268 2776 Visiclae.
313 2712 410 2796 Igitur
422 2714 539 2778 Victor,
550 2713 713 2796 Capuaene
730 2723 762 2778 et
776 2715 954 2778 Victorinus
967 2715 1143 2797 Aquitanus
1166 2716 1204 2778 ab
1219 2713 1337 2778 Hilario
1352 2711 1470 2775 Romae

122 2803 266 2884 episcopo
281 2802 438 2878 invitatus,
452 2803 660 2885 utTheophili
676 2804 778 2887 cyclos
792 2805 909 2868 Romae
924 2806 1058 2868 usitatos
1073 2803 1247 2885 corrigeret,
1263 2803 1344 2867 circa
1359 2819 1471 2864 551111

121 2891 187 2954 460
202 2891 318 2955 Auiani
338 2893 494 2972 periodum
513 2893 578 2958 532
599 2911 746 2956 annorum
761 2893 871 2969 edidit,
886 2893 1034 2976 incipiens
1050 2913 1117 2956 eam
1133 2895 1172 2956 ab
1188 2911 1266 2956 anuo
1284 2891 1333 2974 15.
1349 2890 1470 2955 liberii.

122 2981 199 3046 Cum
215 2989 319 3065 autern
334 2989 367 3043 51
381 2982 430 3044 hio
446 2982 546 3064 aliqua
560 2983 685 3047 Nicenis
700 2983 865 3047 canonibus
879 2983 1125 3047 inconvenientia
1140 2981 1331 3056 admisisset,
1346 2980 1471 3044 tandem

120 3071 289 3152 Dionysius
312 3071 408 3134 abbas
429 3071 585 3136 Romanus
608 3073 735 3137 eandem
753 3083 895 3155 magnam
916 3073 1073 3155 periodum
1087 3073 1151 3136 532
1168 3089 1313 3134 annorum
1329 3070 1471 3143 correxit,

121 3169 154 3224 et
169 3161 210 3222 ab
226 3159 286 3222 allo
302 3159 397 3235 initio,
414 3181 455 3223 sc.
471 3161 694 3234 rettulisse
711 3163 849 3238 deduxit,
866 3181 989 3226 aureum
1005 3163 1097 3225 etiam
1113 3179 1266 3224 numerum
1284 3177 1337 3222 seu
1353 3177 1469 3222 ennea-

120 3249 375 3314 eaedecavterida
398 3249 503 3313 diebus
525 3252 597 3314 anni
611 3252 726 3316 Iuliani
742 3252 906 3334 adscripsit
925 3253 957 3316 iu
978 3251 1151 3315 calendario
1168 3251 1248 3315 circa
1264 3249 1469 3312 5115111115-

121 3339 247 3403 51511511
271 3338 352 3413 248,
377 3340 426 3421 551
450 3348 518 3403 5151
540 3339 656 3405 Christi
677 3341 812 3424 vulgaris
836 3341 916 3417 532,
942 3341 1060 3423 quaudo
1081 3361 1142 3404 una
1164 3341 1236 3403 15115
1251 3338 1393 3420 periodus
1405 3337 1471 3418 jam

120 3428 298 3492 liniebatur:
314 3427 372 3510 'quo
389 3429 473 3510 cyclo
488 3429 520 3492 in
534 3447 621 3492 usum
635 3439 759 3512 recepto
773 3431 844 3493 lites
860 3431 1022 3512 paschales
1038 3430 1281 3510 conquieverunt
1311 3427 1397 3490 Idem
1412 3427 1470 3490 ad-

116 3519 196 3600 jecit
210 3525 245 3580 51
259 3516 457 3581 indictiones:
481 3517 584 3600 cyclus
598 3527 648 3582 551
663 3539 808 3583 annorum
823 3519 1008 3601 quindecim,
1032 3519 1205 3582 institutum
1224 3523 1259 3578 ut
1274 3517 1398 3600 quidam
1411 3537 1470 3580 vo-

120 3608 189 3671 lunt
203 3607 379 3683 Iustiniani,
393 3614 428 3669 ut
444 3607 495 3670 5111
512 3607 708 3672 Constantini
724 3609 806 3672 51155
822 3627 933 3672 annum
950 3607 1065 3672 Christi
1081 3607 1276 3682 1120115111
1292 3605 1471 3688 antiquioris

122 3697 251 3778 alicujus
267 3697 434 3760 515111115
449 3697 522 3760 Julii
538 3697 699 3762 Caesaris:
716 3698 794 3781 quod
809 3697 955 3779 originem
970 3697 1104 3760 traxisse
1118 3697 1238 3759 videtur
1254 3695 1292 3758 ab
1307 3696 1470 3760 intervallo

121 3787 253 3869 5111555
269 3805 413 3848 annorum
428 3786 511 3848 inter
525 3787 600 3848 duos
616 3805 726 3850 census
748 3787 856 3850 civium
871 3787 1084 3850 Romanorum.
1129 3786 1197 3849 Hac
1210 3785 1305 3848 veluti
1322 3804 1472 3868 cynosura

119 3883 243 3940 veteres
265 3875 313 3938 151
335 3893 375 3937 ex
387 3876 481 3938 variis
497 3875 689 3956 imperiorum
704 3875 785 3939 inter
801 3895 833 3940 se
850 3877 1041 3939 confusorum
1061 3882 1116 3938 aut
1129 3874 1278 3938 hiantium
1292 3874 1470 3938 Maeandrio

121 3983 190 4029 sese
206 3965 337 4028 felleiter
352 3965 568 4049 explicuerunt
614 3962 703 4036 Quod
719 3984 786 4028 cum
800 3966 1002 4048 perpenderet
1016 3964 1191 4046 Dionysius,
1212 3965 1354 4046 apposuit
1369 3963 1467 4026 indic-

121 4055 236 4128 tionem
252 4054 291 4117 ad
308 4062 399 4134 caput
420 4054 506 4117 nnius
533 4053 675 4136 cujusque
698 4056 775 4138 cycli
790 4055 1088 4129 decemnovennalis,
1110 4071 1233 4135 quorum
1253 4055 1284 4117 11
1301 4053 1366 4134 ejus
1382 4052 1468 4134 cyclo

121 4163 232 4224 magno
250 4144 322 4206 su'nt
338 4143 388 4205 28.
417 4145 468 4206 115
483 4145 597 4206 factum
612 4143 740 4219 videtur,
755 4151 790 4206 ut
804 4145 929 4207 indictio
944 4144 1035 4225 vulgo
1051 4142 1210 4206 notissima
1225 4142 1468 4205 etnsitatissima

123 4234 248 4296 duceret
268 4233 397 4314 primum
419 4233 644 4297 ecclesiasticos
667 4232 707 4295 ad
721 4232 824 4315 capita
840 4235 991 4316 cyclomm
1007 4231 1338 4306 decemnovennalium,
1361 4230 1469 4312 quibus

123 4322 215 4404 cyclis
232 4341 308 4402 opus
325 4329 393 4384 erat
408 4323 447 4385 ad
463 4323 718 4403 computationem
733 4323 901 4404 paschatis.
944 4323 981 4385 In
1001 4322 1152 4405 cyclorum
1173 4340 1246 4383 vero
1268 4319 1404 4382 tabulam
1426 4319 1466 4381 il·

122 4411 187 4475 1515
203 4420 273 4474 5151
289 4411 385 4474 series
401 4431 547 4475 annorum
562 4433 581 4474 a
596 4420 670 4474 nato
687 4411 826 4488 Christo,
842 4431 1027 4493 consurgens
1044 4413 1082 4475 ab
1099 4429 1178 4474 anuo
1194 4409 1245 4473 46.
1261 4407 1393 4495 Iuliano,
1409 4425 1468 4489 quo

123 4521 200 4565 anno
215 4500 323 4564 Latini
338 4501 463 4582 ipseque
479 4502 555 4565 adeo
564 4501 738 4584 Dionysius,
754 4509 875 4564 veteres
890 4501 959 4588 illos
975 4508 1107 4576 secutus,
1124 4499 1277 4565 Christum
1285 4504 1390 4559 151111
1400 4513 1468 4558 esse

122 4597 306 4672 posueruutr
330 4606 397 4652 oum
412 4609 471 4653 nen
486 4591 632 4653 historias
648 4609 704 4653 nec
720 4589 822 4653 laxum
837 4591 1054 4672 Evangelistae
1070 4607 1224 4652 numerum
1239 4587 1366 4666 triginta
1382 4585 1469 4667 quasi
1508 4629 1513 4638 .

124 4697 282 4755 annornm,
304 4686 340 4741 ut
354 4678 516 4754 Eusebius,
535 4697 590 4761 pro
613 4680 752 4761 praeciso
769 4688 981 4761 sequerentur,
1006 4680 1060 4740 sed
1076 4675 1320 4742 circumstantias
1336 4693 1469 4756 concep-

124 4770 212 4834 tionis
228 4769 361 4833 Joaunis
377 4769 523 4831 confictas
539 4764 635 4851 (quod
650 4770 836 4832 15511151155
852 4765 903 4832 27.
919 4768 1006 4850 Sept.
1021 4767 1108 4831 Luna
1122 4762 1178 4847 X.)
1202 4783 1268 4828 cum
1290 4763 1384 4846 cyclis
1406 4765 1469 4828 suis

123 4865 353 4943 compararent:
384 4857 462 4939 quod
485 4875 552 4920 cum
572 4858 737 4941 Dionysius
761 4859 853 4922 etiam
875 4869 929 4920 555
951 4859 982 4920 11
1008 4857 1092 4938 cyclo
1114 4859 1242 4927 laceret,
1266 4853 1383 4916 invenit
1407 4872 1468 4917 155
