3406 5542
248 259 317 330 000
405 289 408 299 v
751 281 1090 346 nosmuauuounu

249 425 282 490 in
298 426 428 491 reditum
442 425 554 492 'liberii
570 425 765 492 consentiret.
803 427 920 494 Scribit
933 429 1010 492 baec
1025 426 1190 494 Suetonius
1212 425 1250 492 de
1265 426 1308 492 Μ.
1321 425 1422 492 Lemo
1435 434 1469 492 ut
1481 447 1573 512 super·

249 515 333 591 stite,
348 517 527 580 Paterculus
549 535 621 580 vero
637 524 764 582 mortem
778 518 820 582 bd.
838 517 928 582 101111
950 519 1082 582 collocat
1102 519 1184 584 intra
1198 535 1313 599 paucos
1329 517 1395 580 dies
1409 525 1478 598 post
1492 519 1573 584 collo-

249 605 349 687 quium
364 625 430 670 oum
439 605 578 670 Parthis:
595 606 750 670 dissensus
766 609 891 688 exiguus
907 615 939 670 et
955 608 1004 689 qui
1019 607 1093 670 nihil
1108 607 1148 672 ad
1156 614 1294 670 nostram
1309 607 1474 670 materiam.
1496 606 1575 688 cajus

249 715 281 758 re
304 695 335 757 in
356 695 502 759 Armenia
523 713 667 776 prospere
689 703 780 776 gesta
803 715 872 760 mox
894 698 925 762 in
948 695 1112 778 colloquio,
1148 695 1196 759 eui
1220 715 1254 758 se
1276 701 1390 758 temere
1414 696 1576 773 crediderat,

249 785 385 864 graviter
406 783 596 859 vulneratus,
620 803 658 848 ex
680 804 716 848 00
732 805 841 866 eorpus
865 785 962 848 minus
984 785 1086 848 habile
1101 785 1215 848 habore
1238 785 1354 866 eoepit,
1375 785 1480 848 maluit
1492 785 1520 848 in
1533 785 1575 849 illo

249 881 385 936 extremo
414 873 495 935 orbis
520 873 631 952 angulo
649 893 873 938 consenescere
905 891 993 956 quam
1017 873 1160 938 Romam'
1170 872 1278 937 redire.
1322 873 1461 938 ‘libarius
1482 893 1576 955 super·

246 961 373 1024 stitibus
388 960 535 1042 privignis
551 961 628 1042 Oajo
645 971 677 1026 et
691 963 786 1026 Lucio
800 962 930 1028 Romam
945 970 995 1026 est
1008 982 1158 1038 reversus,
1172 981 1240 1026 enm
1255 970 1373 1044 septem
1389 983 1483 1026 annos
1490 962 1578 1028 Rhodi
1678 953 1679 964 ¹

248 1050 371 1124 fnisset,
394 1057 503 1114 octavo
526 1071 616 1133 quam
638 1058 706 1115 erat
720 1052 819 1116 Roma
843 1053 1013 1133 digressus,
1035 1051 1155 1116 Vinicio
1171 1050 1253 1127 Cos,
1273 1071 1353 1114 anno
1369 1051 1461 1133 igitur
1475 1047 1523 1116 47.
1547 1053 1577 1116 10

247 1141 346 1202 Dione
362 1139 522 1202 omissione
539 1140 674 1204 adverbii
697 1138 779 1206 οὔπω
801 1141 984 1204 eontrarium
1006 1142 1134 1222 legimus
1156 1159 1331 1222 perperam,
1354 1159 1392 1204 ec
1413 1141 1440 1204 si
1455 1141 1578 1205 Tiberius

242 1229 307 1308 jam
328 1228 455 1291 mortuis
477 1229 623 1310 privignis
645 1230 785 1294 redisset
820 1231 868 1294 At
887 1231 1028 1296 mendum
1050 1230 1242 1312 scriptorium
1262 1231 1312 1292 vel
1333 1229 1403 1292 binc
1425 1229 1578 1311 agnoveris,

246 1318 325 1400 quod
341 1336 465 1380 eausam
480 1318 567 1382 addit
581 1319 670 1394 Dion,
686 1339 746 1382 non
762 1338 815 1384 cur
828 1319 971 1394 mortuis,
993 1319 1048 1382 sed
1070 1339 1123 1382 eur
1138 1319 1354 1400 superstitibus
1376 1318 1437 1382 illis
1452 1337 1577 1382 reuersus

246 1407 300 1470 sit:
329 1425 464 1489 0000000
485 1408 568 1470 enim
588 1407 798 1472 divinatoriae
826 1409 908 1472 ortis
927 1409 1035 1472 mania
1051 1409 1266 1490 praeadditus,
1294 1427 1374 1490 praua
1401 1405 1468 1471 ello
1493 1413 1580 1472 000000

243 1504 400 1561 domurn.

332 1585 408 1648 Fine
425 1585 495 1648 anni
511 1579 563 1650 47.
578 1585 690 1650 Lucius
705 1585 871 1662 Massiliae,
887 1587 952 1650 iens
967 1587 998 1650 in
1007 1586 1183 1668 Hispanias,
1199 1583 1294 1666 (lajas
1307 1584 1431 1648 ineunte
1446 1605 1521 1648 anno
1535 1583 1579 1648 49.

244 1674 275 1738 10
290 1674 386 1757 Lycia
408 1674 613 1738 decessemnt
657 1673 707 1738 Ita
722 1682 860 1738 tenemus
876 1675 1070 1751 Suetonium,
1092 1675 1142 1758 qui
1157 1675 1189 1738 in
1203 1675 1324 1740 Tiberio
1340 1681 1496 1756 utrumque
1509 1675 1580 1737 iutra

244 1763 413 1838 triennium,
428 1771 503 1843 puta
518 1758 802 1840 00000010110047,
817 1764 869 1840 48,
884 1764 937 1841 49,
953 1773 985 1828 00
999 1765 1185 1848 inAngnsto
1204 1764 1244 1828 18
1259 1764 1407 1826 mensium
1422 1763 1533 1846 spatio,
1554 1768 1581 1826 et

243 1853 454 1926 Patercnlum,
476 1853 527 1934 qni
542 1861 614 1916 ante
628 1873 740 1916 annum
755 1854 818 1916 dere
833 1853 916 1934 prius
931 1854 1056 1918 Lucium
1078 1873 1168 1936 quam
1182 1853 1292 1934 ssajum
1306 1861 1443 1918 mortuos
1459 1853 1579 1916 tradunt

243 1942 324 2006 Nam
338 1961 459 2004 menses
478 1941 518 2004 18
534 1950 566 2006 et
582 1961 679 2005 annus
695 1949 767 2005 sunt
789 1942 909 2006 circiter
924 1951 957 2006 et
972 1943 1125 2024 dispertiti
1148 1950 1220 2005 sunt
1235 1943 1266 2005 in
1281 1942 1385 2006 civiles
1401 1961 1498 2006 annos
1512 1949 1580 2004 tres:

244 2029 338 2111 Oajus
354 2031 433 2101 enim
455 2031 505 2093 din
520 2031 689 2094 reluctatus
710 2031 882 2113 invitusque
904 2039 1062 2095 revertens
1077 2033 1109 2096 in
1124 2031 1262 2107 Italiam,
1284 2051 1322 2094 ex
1337 2029 1431 2113 Syria
1446 2029 1581 2094 liburnica

243 2127 351 2182 vectus
366 2119 397 2182 in
412 2116 550 2201 Lyciam,
569 2119 612 2184 ibi
627 2120 769 2194 decessit,
791 2127 1024 2216 reportatusque
1040 2121 1071 2182 in
1087 2119 1208 2202 Syriam
1224 2127 1282 2196 est,
1303 2121 1355 2184 ubi
1370 2119 1437 2200 ejus
1451 2119 1580 2184 eondito-

160 2274 166 2288 ,
243 2209 319 2272 rium
334 2209 519 2272 recentiores
534 2210 722 2273 invenerunt
753 2208 830 2273 Cum
846 2228 918 2290 ergo
934 2209 1056 2272 fortuna
1071 2209 1263 2272 destituisset
1272 2211 1448 2288 Augustum
1462 2208 1589 2272 0000010

243 2299 420 2378 nepotibus,
442 2298 602 2379 Augustus
617 2297 768 2361 Tiberium
784 2298 953 2380 privignum
969 2298 1130 2379 adoptavit
1150 2317 1253 2360 mense
1268 2298 1375 2372 Junio,
1398 2297 1487 2362 Coss
1501 2296 1580 2360 Aelio

243 2385 323 2450 Oato
339 2395 371 2450 et
386 2385 510 2462 Sentio,
532 2381 575 2452 27
591 2387 678 2450 00010
694 2394 766 2450 ante
782 2389 971 2452 consulatum
986 2387 1098 2450 Vinicii
1120 2387 1279 2461 inclusive,
1301 2401 1373 2466 ergo
1389 2385 1497 2449 eodem
1511 2404 1581 2448 anuo

243 2475 295 2539 49.
317 2475 450 2540 Juliano.
496 2478 580 2540 Tunc
602 2477 695 2542 etiam
717 2475 918 2558 quinquennio
941 2484 1050 2538 exacto
1072 2497 1092 2538 a
1113 2472 1301 2556 relegatione
1321 2473 1439 2552 Juliae,
1464 2474 1581 2555 populus

243 2565 375 2628 extorsit
388 2566 547 2646 Augusto,
568 2573 604 2630 nt
619 2585 657 2628 ex
672 2565 817 2628 10001010
833 2565 1040 2628 continentem
1054 2565 1138 2630 illam
1153 2565 1255 2652 uenire
1271 2564 1474 2646 permitteret,
1494 2564 1583 2626 locum

241 2654 367 2716 'l'aoltus
391 2655 507 2718 indicat
527 2655 686 2736 Rhegium.
737 2655 803 2717 Nee
827 2661 930 2718 tumen
952 2653 1043 2716 rediit
1064 2653 1254 2734 ingratiam,
1276 2653 1332 2716 sed
1347 2660 1459 2716 exacto
1474 2652 1515 2716 ibi
1529 2651 1581 2714 alio

242 2743 387 2806 decennio
404 2751 618 2824 postmortem
631 2743 766 2824 Augusti
782 2744 913 2806 extorris
929 2743 1080 2806 aerumnis
1095 2750 1128 2806 et
1143 2744 1221 2807 lame
1237 2743 1378 2806 coniecta
1392 2742 1494 2822 periit

248 2875 253 2884 ,
330 2833 416 2894 Haec
435 2833 534 2896 series
548 2833 695 2896 historiae
710 2832 884 2908 Romanae,
906 2851 945 2895 ex
960 2851 1020 2913 qua
1035 2840 1180 2913 apparet,
1202 2829 1310 2912 cajum
1326 2831 1425 2894 adhuc
1446 2849 1524 2894 anno
1538 2827 1583 2892 44.

241 2920 342 2984 Roma
365 2921 493 2996 abiisse,
514 2941 569 3002 per
591 2941 687 2986 annos
707 2920 766 2996 45,
788 2919 831 2984 46
854 2929 887 2984 et
907 2940 1001 3002 usque
1024 2921 1065 2984 ad
1085 2928 1215 2984 mortem
1236 2921 1267 2985 in
1280 2920 1342 2984 Jnl
1358 2919 1411 2984 49.
1434 2919 1584 2984 absentem

121 3020 125 3030 “
243 3011 345 3074 luisse.
376 3009 444 3080 Quo
461 3011 588 3073 obtento
604 3011 743 3074 stabilita
759 3018 830 3074 0000
845 3017 974 3092 quatuor
996 3011 1152 3091 superiora
1167 3018 1346 3092 argumenta
1368 3010 1463 3072 ducta
1482 3007 1583 3072 exlo-

239 3101 354 3180 sepho,
377 3099 456 3181 quod
472 3100 611 3166 Herodes
626 3105 711 3162 certo
733 3106 805 3164 ante
820 3098 872 3161 44.
887 3099 1040 3163 Julianum
1063 3099 1104 3162 sit
1118 3105 1269 3174 mortuus,
1292 3106 1324 3162 et
1339 3099 1493 3162 dissoluta
1513 3103 1585 3171 sunt,

243 3208 319 3270 quae
337 3184 489 3253 Calvisius
504 3196 611 3251 eontra
627 3189 756 3269 excepit
801 3187 951 3269 Superest
965 3195 1001 3250 ut
1015 3187 1187 3262 videamus,
1209 3187 1280 3269 quid
1295 3188 1387 3276 tertio
1404 3208 1445 3250 ex
1459 3187 1519 3250 illis
1533 3205 1583 3266 op-

241 3279 379 3358 posuerit
395 3277 547 3342 0010101οε
564 3278 613 3340 101.
624 3275 836 3358 3013010001οο
852 3297 935 3340 suaet
957 3277 1179 3357 Argumentum
1193 3287 1322 3340 enervat
1337 3297 1381 3352 eo,
1398 3276 1583 3358 0000101000-

125 3363 133 3376 ”
241 3366 368 3430 minatio
384 3365 607 3430 urbisJuliadis
623 3365 1129 3430 010110000000101110001000οῐ
1145 3387 1164 3428 0
1178 3365 1314 3446 Josepbo
1331 3367 1421 3446 longe
1430 3365 1585 3448 posterius,

242 3453 332 3538 qnam
353 3463 437 3520 esset
458 3457 600 3537 relegata
613 3455 705 3519 Julia.
748 3454 814 3536 Ego
837 3473 909 3518 vero
926 3455 970 3520 sio
985 3454 1116 3518 10000001
1132 3461 1356 3535 argumentum,
1378 3463 1414 3518 ut
1429 3455 1489 3518 duo
1505 3451 1585 3516 simul

240 3545 379 3626 probem:
402 3545 538 3625 primum,
553 3545 634 3626 quod
646 3543 818 3617 Bethsaida
832 3539 892 3607 non
906 3543 1043 3624 potuerit
1057 3563 1077 3606 a
1089 3543 1173 3606 Julia
1189 3543 1378 3608 denominari
1392 3551 1468 3625 0000
1483 3561 1585 3608 annum
1615 3601 1616 3604 ,

242 3633 295 3708 44,
310 3653 368 3716 qno
383 3633 496 3696 Juliam
510 3633 670 3714 Angustus
684 3634 833 3696 vomicam
855 3641 888 3696 et
903 3632 1076 3696 carcinoma
1091 3651 1176 3696 suum
1203 3633 1359 3714 appellare
1375 3633 1489 3714 coepit,
1511 3632 1584 3696 alte-

240 3741 323 3797 rum,
344 3722 424 3804 quod
439 3744 459 3785 a
473 3722 609 3803 Josepho
625 3722 724 3809 relata
747 3722 810 3785 sint
825 3717 887 3786 ista
902 3721 968 3785 loco
983 3741 1044 3784 non
1060 3741 1132 3796 000,
1155 3721 1181 3786 01
1197 3719 1332 3786 ordinem
1345 3722 1496 3803 respicias
1512 3729 1585 3784 tem-

186 3807 189 3820 '
241 3812 333 3893 poris
362 3812 443 3874 Nam
458 3819 599 3893 utsupra
615 3811 736 3887 dietum,
750 3811 809 3876 hac
824 3811 855 3874 in
870 3817 958 3891 parte
972 3810 1119 3874 historiae
1133 3811 1287 3892 Jusepbns
1297 3818 1388 3889 certo
1404 3830 1466 3874 non
1483 3811 1584 3874 obser-

241 3901 329 3964 varit
350 3901 484 3964 ordinem
506 3901 667 3981 temporis,
689 3901 745 3964 esd
765 3900 900 3964 ordinem
919 3900 1068 3976 loeornm;
1098 3901 1225 3980 primum
1247 3900 1327 3970 enim
1348 3901 1500 3980 explicat,
1522 3895 1585 3980 qnid

242 3997 315 4071 post
329 3997 457 4052 mortem
471 3991 602 4056 Herodis
624 3996 743 4070 etpost
758 3990 979 4052 successionem
994 3989 1121 4052 filiorum
1137 3987 1201 4069 ejus
1217 3989 1364 4053 acciderit
1383 3988 1416 4052 10
1431 3989 1586 4070 potissima

135 4091 138 4099 '
241 4078 327 4159 regni
342 4085 446 4160 parte,
468 4099 510 4141 sc.
525 4079 556 4142 in
577 4079 714 4154 Judaea,
737 4097 794 4162 quo
815 4079 904 4142 modo
928 4077 1097 4142 etbnarcba
1118 4078 1271 4142 Archelao
1294 4077 1472 4142 inexilium
1494 4076 1585 4158 ejecto

242 4167 399 4249 provincia
415 4166 523 4250 Syriae
546 4168 721 4232 contributa
743 4175 776 4231 et
791 4167 829 4230 ab
844 4169 986 4248 Augusto
1001 4167 1192 4248 praesidibus
1208 4167 1368 4232 commissa
1390 4167 1585 4246 meritusque

242 4258 281 4322 ad
305 4257 370 4338 ejus
392 4257 515 4321 obitum.
550 4256 669 4320 Deinde
693 4256 856 4320 revertitur
877 4256 918 4320 ad
932 4255 1012 4319 idem
1026 4255 1204 4337 principium
1219 4256 1380 4338 temporis,
1402 4264 1610 4326 narraturus,-

242 4345 311 4429 quid
328 4347 358 4408 in
374 4346 497 4429 reliquis
513 4346 629 4409 duabus
645 4345 819 4409 tetrarchiis
834 4345 938 4408 eodem
953 4347 1098 4426 temporis
1114 4346 1214 4426 spatio
1230 4344 1439 4426 snbAugusto
1456 4354 1489 4408 et
1498 4345 1585 4407 Tibe·

240 4436 285 4498 rio
300 4435 392 4498 luerit
400 4442 528 4516 gestum.
552 4436 601 4498 Ae
616 4435 676 4498 etsi
685 4434 791 4516 negari
806 4455 867 4498 non
877 4440 989 4516 potest,
1004 4434 1094 4498 urbes
1104 4434 1173 4498 11100
1182 4453 1310 4499 000000
1323 4453 1406 4520 'anno
1423 4433 1585 4504 absolutas,

241 4524 295 4588 sed
309 4524 516 4588 continuatam
531 4531 715 4587 structuram
729 4543 823 4605 usque
839 4531 910 4605 post
922 4530 1050 4586 mortem
1063 4523 1205 4604 Augusti,
1226 4525 1336 4606 quippe
1351 4529 1385 4586 et
1397 4522 1539 4586 Herodes
1557 4519 1585 4580 in

241 4613 451 4676 aedificatione
463 4611 635 4678 Caesareae
652 4612 808 4677 duodecim
824 4631 919 4676 annos
936 4613 1114 4676 consumsit:
1138 4619 1241 4676 tamen
1256 4613 1378 4676 nomina
1392 4612 1469 4694 ipsis
1485 4607 1585 4674 stetim

170 4763 173 4772 ,
241 4701 271 4764 10
286 4701 385 4782 prima
407 4700 583 4764 fundatione
605 4702 709 4782 positu
731 4721 847 4767 summa
875 4702 954 4764 ratio
978 4701 1096 4764 suadet
1139 4701 1256 4784 Nempe
1284 4701 1421 4768 favorem
1447 4695 1585 4780 aucupati

241 4797 313 4852 sunt
326 4787 461 4871 Augusti
483 4789 621 4854 maximis
636 4790 781 4872 impensis
803 4799 836 4854 00
850 4790 1057 4856 ostentatione
1072 4809 1177 4854 earum
1197 4791 1376 4873 anticipata
1421 4787 1499 4864 Quis
1514 4785 1582 4850 mibi
