3400 5538
271 230 335 294 636
585 207 590 216 ⁸
758 228 787 280 111
805 229 888 294 Opere
905 229 1087 294 chronologica

150 403 156 412 '
269 415 432 482 ceteramae
451 409 541 477 urbes.
582 407 800 475 (Deterraillu
820 425 948 482 egressus
970 408 1059 464 estin
1077 415 1171 472 Assur,
1192 409 1231 464 sic
1251 409 1355 481 legitur
1375 429 1412 466 ex
1433 412 1584 483 Thargun,

271 491 310 547 sic
330 503 359 544 et
378 488 532 558 Augustino
559 487 704 558 legendum
730 487 856 552 videtur.)
897 490 950 544 Sed
978 489 1061 544 etiam
1087 489 1282 558 posterioribus
1308 491 1477 562 temporibus
1505 494 1586 555 Medi,

272 583 296 624 a'
309 570 402 624 111611
422 567 571 637 Japhetida
591 567 710 632 oriundi,
735 571 902 638 expulerunt
922 586 959 622 ex
978 569 1095 639 Assyria
1121 571 1310 627 veteresillos
1329 573 1492 626 monarchas
1515 571 1584 625 Cha·

270 649 351 704 milas
371 654 589 718 occuparuntque
609 653 638 702 et
657 649 799 718 Assyriam
820 657 849 702 et
867 650 1045 719 Babylonem,
1066 649 1182 702 testibus
1202 650 1323 704 historiis
1344 659 1372 706 ct
1392 653 1462 709 libro
1481 653 1585 712 Judith.

270 737 303 783 ut
321 729 364 784 ita
382 729 492 797 gemina
517 727 634 782 servitus
660 735 752 782 terrae
774 729 887 782 Censen
908 731 957 784 sub
978 729 1098 798 Assyriis
1118 737 1148 782 et
1167 730 1327 799 Babyloniis
1353 733 1440 800 possit
1467 721 1586 786 adscribi

268 808 419 878 dependis,
444 806 604 876 praesertim
630 824 689 860 cum
715 808 868 862 Samaritae
893 826 931 862 ex
950 809 1056 872 Media,
1081 809 1228 878 Jepetidae
1246 811 1340 864 1111611
1364 819 1453 876 sorte,
1480 813 1538 865 sint
1561 812 1585 866 in

270 891 359 943 lecum
379 886 566 942 israelitarum
588 887 738 942 introducti.
1336 905 1344 926 ·

359 967 404 1022 32.
434 965 496 1020 Jam
517 969 595 1020 atine
616 967 710 1022 diluvii
731 967 801 1022 ratio
824 984 954 1022 annorum
975 974 1018 1022 est
1038 975 1114 1022 certa
1134 984 1220 1039 usque
1240 971 1354 1026 16145.
1375 986 1475 1024 annum
1487 970 1584 1034 There,

268 1045 454 1120 1611111269
475 1053 537 1114 post
557 1053 649 1100 natum
659 1047 768 1118 Phaleg
788 1054 818 1101 et
827 1055 929 1118 terrem
949 1047 1070 1102 divisam.
1100 1049 1221 1102 lliccum
1236 1051 1338 1106 debeat
1357 1067 1417 1104 esse
1438 1053 1584 1104 secundum

195 1135 205 1146 “
270 1126 388 1182 Genesin
408 1143 493 1178 annus
517 1128 560 1181 15.
581 1125 707 1188 abrami,
728 1127 861 1182 Nechoris
886 1135 915 1183 et
934 1126 1033 1190 arani,
1055 1134 1086 1182 et
1103 1130 1252 1184 secundum
1271 1129 1455 1198 Stephanum,
1473 1135 1538 1185 Act
1560 1131 1584 1190 1,

269 1213 376 1262 tantum
396 1205 528 1260 Nucboris
549 1213 579 1259 et
593 1206 686 1268 Arani,
707 1225 760 1260 non
781 1224 846 1260 vero
865 1206 989 1269 Abremi,
1019 1207 1204 1262 Grammatice
1219 1211 1286 1264 dues
1306 1209 1409 1264 invenit
1429 1211 1583 1278 scrupulos:

272 1281 299 1350 1)
321 1287 452 1358 quomodo
473 1285 563 1338 'lhare
589 1288 736 1340 secundum
756 1286 874 1340 Genesin
900 1286 1018 1357 gignere
1042 1287 1164 1356 potuerit
1182 1289 1300 1351 Abram,
1321 1289 1431 1344 Nachcr
1451 1297 1481 1342 et
1501 1296 1585 1352 Aren,

269 1374 327 1422 tres
347 1368 400 1420 uho
422 1371 510 1420 asino?
538 1362 566 1424 2)
587 1367 718 1434 quomodo
739 1366 829 1420 There
856 1366 1009 1435 impleverit
1035 1383 1119 1420 annos
1145 1367 1220 1422 vitae
1242 1367 1313 1431 205,
1340 1377 1488 1440 autequam
1514 1369 1584 1423 filins

269 1447 328 1516 qius
347 1446 451 1501 Abram
471 1447 619 1498 excederet
639 1461 737 1500 annum
758 1445 859 1504 aetatis
877 1448 933 1502 151
953 1447 992 1500 Et
1010 1447 1145 1515 posterior
1163 1447 1208 1500 hic
1223 1448 1298 1502 dedit
1318 1449 1487 1504 occasionem
1509 1447 1584 1502 dubi·

269 1524 346 1582 1111161
371 1527 405 1578 de
423 1524 515 1594 priori.
556 1525 615 1580 Nisi
645 1525 714 1578 enirn
743 1525 897 1580 exstitisset
926 1525 1059 1580 dubitatio
1088 1525 1237 1596 posterior,
1266 1543 1344 1582 nemo
1370 1527 1528 1582 dubitasset
1553 1529 1585 1582 de

268 1605 367 1677 priore,
388 1620 465 1658 nemo
486 1611 626 1676 negasset,
647 1605 710 1675 quin
719 1607 826 1664 ecdem
846 1621 916 1660 anno
937 1605 992 1660 sirrt
1017 1605 1084 1660 editi
1103 1623 1195 1662 omnes
1215 1614 1286 1661 tres:
1313 1616 1342 1661 et
1361 1616 1428 1662 natu
1449 1607 1584 1662 maximus

268 1687 379 1746 abram,
400 1683 470 1738 sicut
489 1691 519 1738 et
537 1684 623 1753 primo
648 1685 819 1750 nominatur,
845 1685 939 1756 itaque
958 1686 1004 1740 vel
1024 1684 1169 1756 trigemino
1193 1693 1279 1756 partu
1305 1689 1483 1742 crederentur
1512 1687 1585 1750 editi,

268 1768 315 1822 vel
334 1784 351 1818 e
370 1763 415 1818 dn
418 1781 484 1818 ersrs
505 1764 645 1818 matribus.

357 1844 403 1899 33.
434 1844 544 1898 Certum
566 1843 636 1898 enim
652 1850 703 1906 est,
724 1845 814 1898 There
834 1843 918 1898 luisse
937 1843 1054 1914 plurimu
1075 1861 1191 1898 uxorum
1211 1846 1352 1906 11111ιί111111
1373 1847 1497 1916 suscepit
1517 1847 1585 1902 enim

267 1925 415 2002 ahramum
436 1930 465 1976 et
483 1923 565 1978 sarai
585 1941 622 1978 ex
642 1923 755 1978 diversis
776 1923 946 1994 conjugibus,
968 1931 997 1979 et
1016 1925 1088 1978 banc
1107 1923 1237 1979 decennio
1258 1935 1321 1995 post
1340 1926 1424 1982 illum.

357 2031 403 2085 34
433 2030 548 2084 Videtur
564 2037 593 2083 et
608 2029 675 2084 illud
690 2045 795 2102 augere
814 2029 1084 2093 verisimilitudinem,
1104 2032 1176 2100 qnod
1191 2032 1303 2094 Abram,
1322 2048 1384 2086 cum
1398 2041 1481 2102 patre
1496 2032 1585 2086 There

266 2111 409 2202 discedens
431 2127 466 2163 ex
477 2110 515 2164 Ur
525 2110 731 2172 Chaldaeorum
749 2127 804 2202 .¹¹⁰¹¹
821 2109 948 2164 adsciscit
961 2109 1115 2164 Nacborem
1130 2111 1253 2204 comitem
1270 2111 1385 2174 itineris,
1405 2113 1455 2165 sed
1471 2114 1585 2166 alterius

265 2271 385 2330 Nschor.

356 2351 402 2406 ³5.
433 2351 529 2420 ltaque
550 2350 657 2404 ridetur
677 2351 797 2404 Abrarno
819 2354 848 2403 et
868 2355 960 2406 Αιιιιιο
980 2347 1065 2404 husee
1091 2357 1182 2403 mater
1201 2350 1306 2413 eadem,
1325 2349 1447 2406 Nachcri
1467 2351 1585 2416 diversa

265 2437 298 2484 et
316 2431 418 2486 Abram
439 2429 514 2484 initio
535 2445 598 2483 snm
618 2435 707 2492 natus,
727 2435 804 2486 Aren
823 2431 884 2484 line.
916 2428 1002 2498 ¹Nihil
1021 2428 1108 2499 igitur
1129 2445 1230 2484 causae
1250 2429 1348 2484 fuisset
1367 2448 1404 2484 ex
1424 2430 1479 2484 hec
1499 2432 1586 2501 trige-

265 2511 338 2564 mino
360 2509 480 2578 ejusdem
507 2509 570 2563 enni
596 2517 694 2578 partu,
721 2525 770 2562 cur
789 2525 889 2562 annum
910 2509 955 2564 15.
976 2508 1078 2562 aetatis
1096 2508 1211 2565 Abrami
1236 2509 1427 2566 divelleremus
1454 2511 1492 2566 ab
1514 2527 1584 2566 aune

270 2591 334 2646 145.
356 2590 457 2644 aetatis
478 2590 575 2643 There.
1382 2651 1384 2654 ¹

355 2671 401 2724 36.
432 2671 473 2722 Ne
493 2668 608 2738 suspicio
630 2667 737 2738 quidem
753 2673 803 2730 est,
824 2683 894 2722 anno
916 2666 1017 2722 aetatis
1025 2669 1140 2724 abrami
1162 2669 1226 2724 160.
1247 2669 1375 2724 transiise
1395 2671 1491 2739 plures
1506 2685 1587 2740 quam

269 2749 326 2806 160
347 2765 365 2804 a
384 2757 449 2803 nato
475 2755 576 2806 hreno.
617 2747 725 2802 Etenim
744 2753 820 2802 Αιιιιι
845 2747 1101 2816 genuit.Melcam,
1130 2748 1200 2802 haec
1228 2749 1336 2804 1111118
1363 2747 1445 2804 iratri
1470 2750 1585 2806 abrami

266 2829 395 2884 Nachori·
407 2828 484 2894 (Gen.
505 2820 625 2890 111111),
646 2835 676 2880 et
694 2828 766 2881 inter
785 2827 835 2880 hos
854 2827 1025 2882 Bathuelem.
1066 2827 1118 2882 Hic
1143 2844 1209 2882 vero
1229 2829 1397 2893 Rebeccam,
1419 2843 1494 2901 quae
1515 2846 1584 2884 anno

268 2903 368 2964 aetatis
389 2908 501 2964 Abranri
513 2910 567 2964 166
588 2906 681 2977 nupsit
700 2909 777 2962 lseco
798 2907 989 2976 sexagenario.
1021 2907 1122 2969 Quodsi
1140 2907 1268 2962 Rebecca
1287 2909 1324 2961 sit
1343 2915 1411 2964 nata
1431 2910 1584 2964 1111111311.

264 2989 379 3046 Abrami
400 2997 429 3042 et
444 2989 568 3042 Bathuel
589 3005 659 3043 anno
681 2987 727 3042 86.
749 2992 777 3040 et
798 2988 888 3042 Melea
908 3002 978 3040 anno
1001 2988 1052 3042 50:
1081 3003 1116 3040 es
1135 2988 1238 3041 nubere
1257 2988 1348 3058 potuit
1367 2988 1491 3042 Nachori
1511 3005 1584 3042 anno

269 3069 314 3125 16.
336 3068 448 3124 Abrami
469 3068 556 3121 etsie
578 3074 641 3122 ante
662 3067 809 3122 discessum
817 3065 930 3122 abrami
950 3083 986 3119 ex
997 3067 1100 3120 Harae.
1130 3067 1207 3120 Haec
1228 3067 1318 3122 omnia
1337 3067 1494 3122 difficiliora
1513 3070 1585 3130 fient,

267 3148 293 3204 si
310 3147 501 3218 dispertiamur
527 3147 597 3202 inter
624 3147 694 3202 hoec
719 3153 803 3216 gesta
828 3161 913 3233 annos
939 3145 1048 3216 insuper
1069 3148 1122 3210 60,
1149 3145 1188 3200 sie
1212 3153 1244 3200 ut
1262 3148 1366 3202 Abram
1386 3148 1423 3202 sit
1444 3154 1529 3202 uatus
1549 3149 1585 3204 66

267 3229 345 3284 abab
365 3235 428 3298 post
447 3234 531 3284 Aren.

300 3308 402 3364 31.
433 3309 470 3362 Ut
489 3324 543 3361 non
563 3305 659 3368 dicam,
679 3320 761 3376 quam
782 3307 877 3360 durum
897 3303 934 3358 sit
954 3309 1085 3368 statuere,
1107 3307 1178 3376 qued
1192 3305 1290 3370 Moses,
1311 3304 1358 3377 qui
1378 3305 1405 3360 in
1426 3323 1585 3362 commemo·

266 3388 375 3454 ratione
393 3395 516 3442 aetatum
537 3395 691 3440 ceterarum
711 3391 856 3440 accuratus
877 3385 1053 3448 omninoluit,
1073 3385 1147 3440 circa
1156 3385 1322 3455 praecipuae
1335 3393 1427 3440 tamen
1441 3401 1586 3456 pessuma

232 3471 236 3490 ⁸
265 3467 393 3531 Abrami,
424 3473 545 3522 aetatem
566 3466 714 3520 Israelitae
735 3481 785 3535 per
805 3471 847 3520 tot
872 3466 966 3522 secula
994 3481 1080 3536 usque
1105 3465 1140 3520 ad
1161 3463 1263 3520 Christi
1287 3467 1435 3520 adventum
1455 3465 1484 3521 in
1505 3467 1586 3520 dubio

265 3548 340 3602 circa
360 3551 397 3602 60
419 3563 503 3602 annos
523 3546 672 3617 reliquerit.

270 3631 279 3654 '
355 3628 401 3682 36.
431 3629 548 3697 Propter
568 3641 666 3680 causae
685 3625 737 3700 has
757 3622 1019 3696 praegnautlssimas
1039 3623 1148 3678 videtur
1168 3623 1377 3688 Grammaticos,
1397 3620 1583 3696 quaerendam

265 3723 326 3761 esse
353 3707 604 3777 interpretationem
631 3705 750 3776 aliquam
776 3705 942 3758 commodam
967 3703 1112 3758 verborum
1132 3703 1187 3758 divi
1212 3703 1421 3776 protomartyris
1443 3705 1518 3773 (Act.
1540 3701 1586 3768 1.),
1670 3735 1671 3738 ¹

265 3803 322 3859 qua
340 3787 567 3856 interpretatione
587 3785 764 3840 concilientur
785 3784 834 3838 illa
853 3800 914 3838 cum
934 3783 1034 3838 Genesi
1054 3784 1224 3838 commodius.

354 3885 400 3939 39.
431 3886 583 3940 Occurrunt
607 3889 699 3948 autern
726 3881 927 3936 conciliationes
954 3880 1038 3934 istaes
1068 3875 1094 3944 1)
1115 3880 1248 3952 Stephani
1273 3880 1443 3952 prepositum
1472 3881 1582 3936 videtur

264 3964 374 4019 dillerre
395 3981 413 4018 1
433 3967 570 4034 proposito
589 3964 680 4020 Moris.
721 3961 773 4016 Hic
799 3961 870 4015 enim
895 3977 1026 4014 annorum
1050 3963 1196 4031 sequelam,
1215 3977 1253 4016 ex
1271 3961 1395 4031 professo
1415 3961 1584 4024 11111811-
1670 3963 1671 4020 l

264 4045 372 4114 phenus
392 4061 456 4099 nero
485 4045 637 4116 ingreditur
662 4041 826 4102 oraticnem,
853 4039 955 4110 inqua
979 4043 1059 4094 fidem
1078 4041 1230 4096 Abrahami
1250 4048 1280 4095 et
1298 4040 1523 4109 patriarcharum
1544 4049 1585 4094 est
1670 4071 1671 4076 κ

265 4127 507 4180 commendaturus.
549 4125 616 4193 111111
642 4123 703 4177 lldei
725 4127 891 4191 argumenta
915 4120 1018 4189 repetit
1044 4137 1062 4174 a
1081 4120 1175 4190 primis
1200 4120 1379 4175 incunabulis.
1420 4121 1489 4190 Cum
1516 4122 1586 4174 enim

266 4205 293 4258 in
315 4205 352 4258 Ur
372 4205 573 4260 Chaldaeorum
600 4203 750 4257 serviretur
770 4200 829 4254 lliis
849 4199 960 4260 alienis,
981 4200 1070 4269 prima
1088 4199 1152 4254 fidei
1171 4199 1322 4256 Abraharui
1348 4199 1483 4254 tortitudo
1504 4201 1532 4255 in
1553 4219 1584 4254 eo

265 4284 373 4347 enituit,
400 4287 469 4354 qnod
492 4287 527 4337 ad
548 4284 667 4337 divinum
695 4281 823 4334 monitum
851 4279 972 4334 deseruit
998 4297 1058 4334 cum
1084 4285 1164 4348 patre
1184 4280 1303 4349 patriam
1323 4281 1362 4333 Ur
1383 4281 1584 4334 Chaldaeorum

265 4364 405 4435 exivitque
426 4365 557 4418 lanran
578 4362 792 4436 peregrinatum,
813 4377 861 4414 seu
876 4359 965 4428 potius
986 4361 1136 4422 exulatum,
1158 4360 1246 4414 animo
1268 4359 1375 4430 quidem
1394 4360 1582 4451 prqliciscendi

265 4442 294 4497 in
315 4444 497 4506 Cananaeam,
519 4452 549 4497 ut
569 4443 670 4496 diserte
690 4440 824 4495 indicatur
846 4455 904 4507 cap.
926 4441 974 4494 Xl.
995 4441 1056 4494 line.
1096 4439 1172 4502 Etsi,
1193 4455 1252 4494 cum
1273 4439 1411 4494 venissent
1431 4439 1459 4494 in
1479 4442 1584 4501 Haran,

264 4523 305 4577 ibi
324 4523 492 4596 habitarunt,
513 4525 557 4576 vel
583 4530 694 4591 propter
721 4520 933 4574 imbecillitatem
954 4521 1058 4581 There,
1085 4521 1129 4574 sel
1150 4519 1257 4589 quinis
1277 4515 1445 4574 armoenitate
1465 4520 1532 4582 loci,
1553 4527 1584 4572 ut

265 4586 1581 4672 1111116111,οιριυιιοιιιιιιριοςιοιι.61111111111111111111111111111111,

260 4685 441 4752 fecerunta.
463 4683 704 4774 aliqaqtnnimoe
725 4683 757 4734 in
776 4679 882 4732 Herae
901 4678 1022 4734 fanniae
1036 4681 1140 4743 Abram
1159 4685 1188 4734 et
1207 4679 1281 4734 Loth
1302 4678 1380 4747 (Gen.
1395 4673 1479 4742 xm).
1514 4681 1582 4734 Inde

264 4761 472 4816 succedentibus
499 4762 576 4816 annis
596 4751 699 4816 Abram
725 4759 808 4816 etiem
829 4761 925 4814 Harae
950 4760 1075 4822 deserta,
1102 4765 1219 4816 vocante
1238 4775 1345 4816 rursum
1365 4761 1440 4824 Deo,
1460 4759 1535 4814 reuit
1554 4758 1581 4812 iu
1670 4761 1671 4774 ¹
