3406 5542
554 297 690 366 cepam.
714 297 993 355 ermemmarus.
1334 297 1338 302 ·
1381 268 1446 346 317

119 439 200 526 priori
212 441 354 522 praeside
370 439 470 506 Grato
485 441 516 506 in
534 440 677 508 Galilaea
689 441 822 506 Herodis
842 441 1011 506 tetrarchia
1032 439 1146 504 factum
1168 439 1223 516 sit3
1246 438 1384 503 Tiberias
1404 459 1448 502 sc.

121 531 267 596 aedificem
284 531 324 594 ab
339 531 470 596 Herode.
499 532 605 596 Tertio
628 531 666 594 ad
681 531 815 596 Parthos
838 525 909 611 (sub
925 529 1030 612 qnibns
1045 527 1155 592 Judaei
1168 527 1328 610 Babylonii
1344 530 1447 602 erant)

121 640 149 685 ss
162 617 258 695 vertit,
276 639 314 684 ea
329 639 524 703 prosequens,
540 639 617 701 qnae
632 637 750 684 rursum
764 619 820 682 sub
831 618 929 684 Grato
938 616 1075 683 Judaeae
1090 617 1229 700 praeside
1243 617 1313 680 inde
1328 637 1348 680 a
1362 615 1447 698 prin·
1544 673 1546 678 .

120 709 186 792 cipio
199 708 313 772 'liberii
328 728 382 790 per
397 729 493 776 annos
507 707 567 773 Jul.
578 707 634 786 60,
656 707 696 774 61
714 709 902 784 acciderunt,
924 709 1020 772 donec
1036 706 1234 771 Germanicus
1254 706 1285 770 iu
1301 706 1448 768 orientem

118 799 285 862 mitteretur.
331 795 449 870 Quarto
471 809 550 862 nunc
566 800 683 863 dernnm
699 797 739 862 ad
753 806 892 881 tempora
906 797 1001 861 Pilati
1015 796 1113 872 venit,
1135 815 1277 870 narrans,
1299 813 1375 876 quae
1392 794 1447 858 suh

118 889 162 952 illo
181 889 262 950 lacta
276 887 474 969 Jerosolymis
494 887 641 970 principio
663 887 862 968 magistratus
884 905 964 950 anno
979 886 1100 948 inimo
1116 879 1175 949 72:
1198 885 1236 946 de
1258 883 1365 966 aquilis
1380 884 1447 948 Ro-

117 976 211 1052 manis,
227 976 265 1043 de
283 977 482 1058 aquaeductu,
499 977 536 1040 de
550 976 627 1040 Jesn
642 975 776 1042 Christo.
816 973 929 1047 Quinto
941 975 1156 1051 ‚inseritnnum
1172 973 1292 1058 aliquid,
1308 973 1448 1038 omissum

116 1066 189 1147 prius
203 1067 390 1148 temporibus
406 1064 513 1141 Grati,
535 1065 575 1128 ad
597 1085 674 1147 qnae
695 1065 844 1146 pertinat;
867 1085 938 1130 nam
954 1071 986 1128 et
999 1063 1059 1129 loci
1080 1065 1198 1128 ratione
1213 1062 1339 1150 multum
1353 1081 1446 1144 sepa-

116 1162 203 1220 ratum
218 1163 289 1218 erat
311 1176 331 1219 a
353 1155 464 1220 ceteris
479 1155 584 1222 rebus:
608 1155 718 1241 Judaei
741 1155 796 1218 snb
812 1155 931 1218 'liberio
942 1153 1046 1241 ¹Roma
1062 1152 1167 1234 ejecti,
1188 1161 1221 1216 et
1236 1151 1273 1214 ds
1289 1149 1447 1216 Saturnini

115 1263 198 1308 unere
211 1243 322 1310 Fulvia
336 1244 480 1320 Paulina,
503 1263 580 1327 quae
604 1263 670 1308 oum
683 1242 810 1308 Judaeis
832 1244 967 1308 habebat
987 1243 1120 1324 negotia
1162 1243 1249 1306 Haec
1270 1239 1348 1322 igiur
1362 1241 1447 1306 lacta

114 1333 223 1396 iuliano
245 1333 298 1396 64.
322 1341 393 1396 ante
408 1332 501 1398 Pilati
523 1334 744 1415 magistratum.
789 1329 886 1397 Sexto
902 1351 1042 1396 reversus
1064 1331 1104 1394 ad
1118 1330 1289 1414 posteriora
1311 1336 1449 1412 tempora

114 1421 204 1498 Pilati,
217 1429 327 1486 narrat
340 1423 438 1486 victos
455 1422 494 1486 ab
510 1441 546 1486 eo
563 1421 734 1486 Samarites
750 1440 844 1504 eoque
859 1422 993 1486 Pilatum
1009 1427 1185 1485 accusatum
1200 1418 1280 1501 apud
1294 1418 1447 1482 ‘liberium

115 1520 143 1574 et
155 1511 281 1576 Romam
296 1509 438 1586 missum,
460 1517 491 1574 et
506 1530 583 1593 qnae
599 1513 717 1576 interea
732 1509 842 1593 Syriae
856 1530 983 1593 praeses
998 1509 1141 1574 Vitellius
1155 1507 1352 1590 ierosolymis
1374 1525 1448 1589 ges·

115 1601 181 1664 serit
207 1601 264 1666 sub
288 1618 446 1665 excessum
467 1600 580 1664 Tiberii
602 1619 682 1664 anno
704 1599 756 1664 82.
801 1600 938 1681 Septimo
962 1599 1108 1664 absolutis
1128 1595 1393 1680 ierosolymitanis
1416 1602 1449 1660 et
1554 1615 1557 1628 ¹

113 1687 238 1753 iudaeae
261 1689 354 1754 rebus
381 1690 438 1758 sub
459 1689 785 1776 posteriorilpraeside
805 1691 907 1754 Pilato
930 1688 1020 1752 factis
1047 1688 1210 1752 revertitur
1233 1687 1271 1750 ad
1292 1685 1448 1760 Parthica,

115 1797 344 1844 commemorans
361 1798 398 1842 ea
413 1797 490 1860 qnae
506 1779 620 1844 ultimis
636 1780 748 1843 Tiberii
763 1778 850 1844 annis
866 1777 1042 1852 acciderint,
1057 1797 1181 1860 quornm
1196 1795 1289 1840 eausa
1303 1774 1448 1838 Vitellius

112 1867 298 1932 incidentem
313 1868 432 1932 missos.
477 1867 616 1932 Tiberim
633 1867 711 1934 enim
724 1868 864 1932 Albanos
886 1869 917 1932 in
930 1867 1089 1931 Parthiam
1105 1874 1171 1930 arte
1186 1865 1318 1940 induxit3
1342 1871 1374 1928 st
1387 1863 1448 1926 Vi-

112 1957 203 2021 tellius
217 1957 338 2021 Partho
353 1957 515 2021 insidiatus
531 1958 681 2022 exterruit
694 1956 787 2033 illum,
807 1964 843 2021 nt
857 1957 929 2038 fuga
944 1975 977 2020 se
991 1955 1010 2020 e
1025 1974 1119 2038 regno
1135 1954 1303 2037 proripiens
1319 1953 1447 2018 collecto

112 2047 235 2111 exercitu
249 2047 376 2110 rediret.
420 2047 558 2110 Tiberius
574 2045 677 2129 itaque
692 2046 819 2110 Vitellio
835 2045 967 2128 scripsit,
980 2064 1087 2128 pacem
1103 2063 1170 2108 cnm
1184 2044 1299 2108 Partho
1315 2044 1447 2116 facerem

113 2135 153 2199 cni
174 2135 354 2200 tractationi
368 2135 508 2200 Herodes
525 2134 684 2200 Galilaeae
707 2136 865 2201 tetrarcha
878 2136 1024 2211 interfuit,
1045 2134 1167 2198 Juliano
1184 2133 1234 2196 81.
1280 2131 1400 2196 Octauo
1416 2137 1449 2192 et

111 2223 152 2288 his
166 2225 254 2288 rebus
273 2224 426 2306 expeditis
441 2223 481 2288 ad
497 2224 587 2289 aliam
602 2225 808 2302 Herodiadpm
822 2225 1007 2307 prouinciam
1022 2225 1115 2297 venit,
1136 2221 1381 2287 trachonitidem
1396 2239 1449 2294 sc,

111 2315 234 2377 referens
251 2314 327 2396 quid
341 2313 535 2398 memorabile
551 2314 606 2377 snb
616 2315 718 2378 Pilato
727 2314 864 2378 Judaeae
873 2313 1014 2398 praeside
1031 2313 1202 2393 contigerit,
1216 2329 1296 2375 mors
1311 2308 1448 2372 nimirum

110 2403 232 2486 Philippi
246 2404 436 2480 tetrarchae,
450 2403 571 2468 Julieno
588 2397 639 2467 78.
656 2410 689 2467 et
704 2403 768 2484 ejus
783 2403 957 2487 provinciae
973 2419 1039 2466 cnm
1049 2401 1141 2484 Syria
1157 2399 1346 2482 conjunctio.⁴
1358 2399 1447 2462 Nono
1520 2457 1525 2470 ,

113 2492 229 2574 deniqne
245 2493 317 2556 loeo
333 2499 367 2554 et
376 2491 547 2559 Galilaeam
562 2492 677 2556 lustrat
692 2513 758 2558 cum
766 2493 894 2568 Peraea,
909 2511 1037 2556 nameus
1052 2491 1163 2554 bellum
1177 2488 1316 2566 Herodis,
1331 2494 1447 2550 tetrar-

111 2581 178 2644 chae
191 2583 353 2664 regionum
362 2581 489 2657 illarum,
505 2601 572 2646 cum
582 2581 746 2657 Arabibns,
762 2581 849 2646 annis
859 2581 912 2658 80,
926 2580 978 2656 81,
994 2580 1045 2656 82,
1061 2578 1139 2662 qnod
1155 2586 1289 2660 tempore
1306 2575 1449 2640 coincidit

111 2689 169 2736 cnm
188 2672 283 2736 rebus
297 2669 417 2734 Vitellii
438 2670 469 2733 in
482 2670 619 2746 Judaea,
640 2668 781 2756 Samaria
797 2671 873 2736 etin
889 2670 1018 2735 Parthia
1033 2669 1146 2751 gestis,
1167 2666 1326 2749 dequibus
1342 2681 1447 2747 snpra:

110 2779 162 2841 qua
182 2761 334 2825 decanea
356 2760 485 2836 facturn,
507 2767 542 2823 nt
556 2759 603 2824 bis
625 2761 792 2825 referretur
812 2760 892 2824 idem
906 2759 1026 2824 Vitellii
1049 2759 1198 2822 adrentus
1219 2753 1448 2836 ierosolymam

109 2847 210 2936 Vides,
231 2847 405 2930 Josephum
427 2867 465 2912 ex
486 2849 534 2912 bis
556 2848 681 2914 9rebus
702 2867 941 2932 unamquemque
957 2848 1084 2912 seorsim
1106 2869 1126 2911 a
1143 2845 1289 2929 principio
1305 2843 1449 2908 adfinem

109 2939 263 3021 persequi,
280 2945 316 3002 ut
332 2937 450 3019 quidem
465 2946 498 3000 et
511 2937 571 3002 lcoi
585 2939 706 3003 ratione
721 2939 785 3002 fere
801 2938 1012 3020 disseparatae
1033 2943 1129 3002 erant
1172 2937 1243 3000 Nou
1257 2935 1360 3016 itaque
1376 2932 1449 2996 licet

109 3027 142 3090 ab
163 3029 265 3092 ordine
293 3026 532 3108 consignationis
554 3028 759 3110 argumentari
781 3028 821 3094 ad
843 3027 978 3092 ordinem
999 3026 1160 3108 temporis,
1182 3024 1261 3107 quod
1280 3020 1449 3104 particulas

108 3117 213 3182 attinet
226 3115 455 3192 narrationum
479 3117 632 3199 multoque
647 3117 744 3180 minus
760 3117 920 3200 appositos
935 3135 1079 3198 expresse
1095 3116 1288 3179 characteres
1303 3109 1449 3191 temporis
1516 3195 1518 3200 Ι

109 3213 137 3268 et
149 3225 290 3270 numeros
306 3224 452 3269 annornm
468 3225 507 3270 ex
521 3205 753 3288 conscriptionis
769 3205 847 3270 serie
863 3206 1014 3287 corrigere
1028 3207 1076 3269 las
1092 3212 1149 3268 est

187 3295 329 3362 Tandem
344 3293 471 3376 legimns
487 3295 518 3358 in
532 3294 632 3358 Dione
655 3316 735 3360 anno
748 3295 869 3360 Juliano
886 3295 943 3359 bl:
966 3295 1120 3359 Heredem
1135 3293 1283 3375 quendam
1296 3289 1412 3352 Romae
1429 3307 1449 3351 a

108 3385 244 3450 iratribus
268 3391 448 3448 accusatum
470 3391 556 3448 trans
571 3384 669 3466 Alpes
689 3385 721 3448 in
743 3385 864 3470 exilium
886 3403 955 3448 esse
977 3384 1109 3446 missum.
1155 3379 1278 3446 Certum
1300 3385 1362 3452 est,
1386 3396 1447 3440 non

109 3473 192 3536 aium
206 3494 276 3538 esse
293 3491 386 3556 quam
400 3471 585 3538 Archelaum
598 3473 730 3537 Herodis
746 3474 853 3550 lilium,
875 3473 923 3536 cai
937 3473 1043 3554 procul
1060 3471 1149 3535 dnbio
1164 3467 1278 3534 Herodi
1291 3465 1447 3558 Archelao

107 3581 207 3628 nornen
229 3563 305 3640 init3
337 3579 407 3626 nam
435 3561 570 3644 plerique
591 3562 719 3626 tiliorum
746 3568 779 3625 et
801 3569 992 3644 posterorum
1015 3559 1147 3624 Herodis
1170 3555 1371 3640 progenitoris
1401 3553 1448 3618 sui

107 3669 207 3715 nomen
221 3657 397 3734 gesserunt
440 3651 488 3714 Ile
509 3649 568 3716 hcc
583 3669 655 3714 vero
669 3651 824 3718 Archelao
845 3650 937 3714 etiam
952 3647 1106 3732 Josephns
1127 3655 1248 3712 namat:
1272 3651 1447 3710 accusatum

105 3761 122 3802 a
140 3741 323 3822 primatibus
337 3736 523 3804 Judaeorom
545 3740 626 3821 apud
640 3741 829 3821 Augustum,
851 3757 945 3821 regno
969 3747 1082 3802 motum
1103 3746 1136 3801 et
1150 3737 1301 3801 Viennam
1316 3731 1448 3810 Galliae,

105 3827 156 3892 hoe
170 3839 221 3894 est
236 3838 328 3896 trans
341 3828 441 3910 Alpes
455 3829 623 3908 relegatum
640 3848 709 3892 erse
725 3849 804 3894 anuo
820 3823 872 3892 3⁷.
892 3846 1011 3910 pugnae
1025 3825 1185 3891 Actiacae.
1227 3824 1316 3889 Adde
1332 3821 1447 3886 solidos

104 3917 142 3982 36
164 3919 203 3984 ad
225 3926 410 3985 currentem,
431 3916 665 3994 luibitanem,
696 3937 754 4000 quo
782 3925 950 4000 pugnaturn
980 3918 1019 3981 ad
1039 3917 1180 3992 Actium,
1200 3913 1303 3998 prodit
1323 3929 1448 3976 currens

105 4006 316 4082 bl.Julinnus,
336 4025 484 4070 consensu
503 4006 704 4088 pulcherrimo
719 4006 846 4089 Josepbi
861 4026 928 4070 cnm
943 4007 1050 4069 Dione.
1093 4006 1204 4070 Mirum
1219 4023 1272 4068 cur
1286 3999 1448 4074 Calvisius,

104 4097 164 4178 spis
184 4097 400 4171 historiarum,
422 4103 486 4160 tam
508 4093 598 4160 facile
613 4096 784 4160 dissimulet
805 4095 899 4160 cellas
915 4103 949 4158 et
961 4095 1053 4158 mella
1066 4095 1189 4170 Dionia;
1214 4112 1266 4157 cur
1286 4089 1448 4172 componat

103 4185 315 4252 hidulianum
331 4203 399 4248 cum
407 4179 459 4248 31.
473 4203 603 4268 pugnae,
618 4205 780 4250 numerans
796 4183 896 4250 omnia
906 4184 1055 4266 complete
1072 4175 1446 4257 contremeremJosephi,

102 4275 258 4354 probatum
274 4274 378 4356 eapite
394 4275 589 4339 antecedenti
594 4292 604 4352 ;
626 4275 686 4339 imo
703 4295 755 4338 cur
770 4293 901 4356 pugnam
910 4273 1071 4338 Actiacam
1087 4274 1254 4337 contundat
1269 4287 1335 4334 curu
1348 4272 1446 4329 morte
1580 4269 1583 4276 '

102 4364 223 4430 Antonii
247 4373 282 4430 et
299 4361 498 4444 Cleopatrae,
520 4364 571 4446 qui
593 4365 651 4428 dno
668 4384 757 4428 casus
772 4365 892 4445 integro
914 4383 994 4426 anno
1010 4362 1135 4426 dietant
1179 4363 1260 4426 Nam
1279 4357 1356 4440 qnod
1371 4371 1445 4435 pro-

102 4461 188 4518 vocat
206 4455 249 4519 ad
271 4470 421 4518 canonem
441 4453 610 4517 Ptolemaei
640 4454 888 4518 mathematicum
909 4451 1159 4534 manuscriptum:
1190 4455 1363 4530 suspectam
1383 4459 1448 4505 rem

103 4541 172 4606 iecit
193 4543 362 4608 omissione
383 4543 543 4606 verborum
563 4533 617 4624 ²¹).
661 4543 704 4606 Et
718 4543 790 4626 qnid
811 4543 838 4607 si
853 4547 960 4606 auctor
973 4539 1141 4623 Josephum
1161 4537 1288 4602 Judaice
1311 4537 1447 4596 utentem

103 4631 184 4696 annis
199 4631 354 4698 Actiacae
369 4630 516 4695 uictoriae
529 4631 716 4696 intellexerit
724 4631 934 4714 Aegyptiace?
955 4630 1092 4713 Josepbo
1109 4629 1188 4696 enim
1203 4643 1298 4690 annus
1314 4619 1446 4685 aNisan

102 4719 212 4802 incipit,
224 4720 396 4802 Aegyptiis
414 4741 434 4783 a
448 4717 635 4801 Septembri:
658 4721 852 4785 Ptolemaeus
867 4739 939 4784 vero
949 4719 1122 4802 Aegyptius
1137 4717 1209 4793 init3
1232 4732 1289 4778 nec
1304 4710 1382 4775 enim
1397 4715 1448 4806 est
1510 4731 1511 4739 ι

102 4809 168 4874 nihi
182 4809 367 4886 uerisimile,
393 4808 603 4876 Ptolemaeum
623 4809 710 4876 osum
723 4829 794 4875 ease
810 4829 883 4876 aera
897 4807 1036 4886 Juliaua,
1058 4817 1092 4874 ut
1107 4823 1250 4889 expresse
1267 4801 1399 4866 affirmet
1412 4804 1448 4860 ut
