3406 5542
238 311 302 381 356
651 349 655 362 ·
739 329 779 382 ne
791 329 1077 391 intremescere.

325 474 411 539 Setis
426 475 519 557 igitur
534 475 773 538 demonstratum
787 481 877 555 puto:
899 481 1021 537 veteres
1036 475 1154 550 Patres,
1170 473 1322 537 diversum
1337 495 1356 536 e
1370 491 1419 536 me
1435 471 1582 536 calculum

237 571 374 639 secutos,
395 583 584 646 nequaquem
599 563 651 626 ¹sic
673 581 741 626 esse
763 563 922 644 legendos,
944 571 980 626 ut
1001 564 1110 646 quiex
1133 564 1287 626 destinato
1304 563 1489 626 contrariom
1510 561 1583 624 mihi

236 653 419 717 seutentiam
433 655 633 736 profiteantur
648 659 682 716 et
694 661 901 734 propugnent3
925 671 1018 735 quare
1033 653 1148 718 frustra
1161 652 1231 716 illos
1252 654 1290 716 eb
1306 652 1492 716 adversariis
1508 651 1584 713 meis

235 743 264 806 in
281 737 353 806 suos
374 751 479 826 portes
494 743 639 826 pertrahi.
684 742 790 824 Neque
814 743 892 806 euim
906 742 1018 805 Patres
1033 759 1131 806 mecm
1153 743 1379 824 reprehendunt
1393 743 1583 822 interprete-

235 833 348 896 tionem
370 832 484 896 numeri
509 832 622 914 „praei
641 831 809 914 ceptior,
832 832 888 895 sed
909 831 967 913 ipsi
983 832 1063 896 omni
1085 829 1150 912 ejus
1165 832 1419 914 interpretatione
1436 847 1582 912 superse-

194 991 199 1002 ,
234 921 352 996 demut,
367 923 438 1004 quio
451 922 483 985 in
497 941 615 998 censes,
630 939 684 985 cur
699 929 783 984 esset
796 921 1010 1003 interpretatio
1026 923 1207 1005 quaerenda,
1223 941 1283 985 uon
1297 921 1478 996 inciderunt,
1495 939 1583 984 secus

234 1029 324 1094 quam
339 1031 394 1074 nos
410 1011 507 1074 hodie.
1366 1020 1369 1030 ·

322 1098 438 1171 Quodsi
459 1099 628 1182 perrexerit
644 1096 795 1163 Calvisius
819 1099 904 1164 abuti
925 1105 1045 1181 petrum
1069 1098 1268 1174 auctoritate,
1292 1099 1375 1162 dicet
1396 1099 1492 1180 igitur
1508 1115 1583 1178 quos

234 1189 336 1272 potins
352 1190 515 1271 sequetur?
545 1173 626 1252 Num
639 1189 761 1269 primos,
785 1188 835 1271 qui
851 1207 962 1252 annum
976 1189 1029 1252 43.
1044 1189 1197 1252 Julianum
1208 1187 1348 1266 ‚habenti
1377 1190 1429 1253 An
1444 1188 1582 1270 posteri-

236 1298 313 1354 ores,
329 1281 378 1362 qui
394 1298 505 1344 annum
520 1278 583 1341 44?
613 1279 666 1342 An
680 1279 759 1342 forto
775 1275 938 1359 Sulpitium
953 1277 1108 1353 Severum,
1131 1279 1180 1362 qui
1197 1295 1307 1341 anuum
1322 1277 1386 1341 42?
1416 1279 1469 1340 An
1485 1277 1583 1358 magis

234 1367 382 1432 ecclesiae
398 1368 594 1432 occidentalis
611 1385 789 1430 consensum
804 1367 886 1430 mille
903 1385 1057 1442 ennomm,
1074 1386 1150 1449 qnae
1166 1386 1276 1431 annum
1291 1368 1354 1431 45?
1384 1367 1436 1433 An
1452 1367 1583 1448 denique

232 1457 419 1540 Dionysium,
435 1457 500 1538 ejus
510 1458 673 1533 doctorem,
689 1455 743 1520 sed
759 1475 917 1538 perperam
932 1457 1127 1533 intellectum,
1142 1457 1192 1540 qui
1202 1477 1313 1520 annum
1328 1455 1380 1520 46.
1396 1457 1583 1531 tradideret,

233 1553 268 1609 ut
290 1547 487 1631 sequeretur?
518 1545 598 1618 Quin
617 1546 677 1610 imo
694 1552 857 1628 supersunt
878 1545 972 1610 multo
993 1547 1094 1628 plures
1119 1547 1275 1627 opiniones
1291 1553 1426 1609 aetatem
1448 1561 1484 1608 et
1497 1546 1583 1628 ipsse

233 1636 399 1712 hebentes,
429 1636 598 1701 incredibili
624 1653 769 1699 annorum
792 1654 916 1699 numero
947 1635 1153 1700 enormissime
1183 1655 1219 1698 ec
1244 1636 1372 1698 invicem
1397 1635 1583 1708 differentes,

233 1725 414 1806 scriptorum
428 1725 641 1790 historicorum
664 1732 696 1788 et
711 1724 998 1801 ecclesiasticorum,
1021 1725 1102 1788 inter
1118 1743 1229 1788 annum
1244 1723 1361 1790 Christi
1376 1725 1443 1788 400
1459 1733 1494 1786 et
1510 1723 1583 1798 900,

233 1833 308 1897 ques
322 1815 402 1891 ride,
424 1816 450 1878 si
465 1814 558 1891 lubet,
580 1815 661 1896 epod
675 1815 872 1878 Heruerdum
886 1815 976 1898 inque
992 1814 1204 1896 chronologico
1220 1833 1327 1877 recens
1344 1813 1437 1877 edito:
1484 1811 1583 1884 Quem

229 1903 325 1985 igitur
338 1904 528 1986 potissimum
545 1923 669 1986 sequar,
690 1902 814 1980 Calvisi,
831 1905 856 1967 si
871 1903 1000 1986 pindum
1015 1921 1163 1967 consensu
1180 1903 1343 1967 standum?
1368 1904 1474 1967 desine
1490 1903 1584 1984 igitur

233 1999 266 2054 et
282 2000 318 2056 tu
333 2012 436 2057 ceram
454 1994 631 2056 hodiemem
651 1993 746 2056 totius
763 1993 929 2057 occidentis
950 2015 1007 2058 usu
1023 1994 1229 2057 confirmetc'm
1251 1994 1350 2056 ditare
1370 1993 1503 2057 biennio.
1550 1991 1582 2054 Si

232 2082 453 2166 antiquiorum?
485 2102 537 2146 cur
551 2083 645 2164 igitur
659 2089 764 2146 estete
779 2082 839 2146 illis
855 2083 985 2158 maximi,
1002 2084 1168 2146 sanctitate
1183 2101 1283 2165 peres,
1303 2083 1473 2146 eruditione
1490 2099 1582 2163 supe-

233 2171 330 2234 riores
345 2171 414 2235 illos
431 2172 528 2236 secuti
543 2181 604 2235 non
620 2172 712 2234 sunt?
734 2169 820 2243 Quae
829 2174 906 2236 heco
921 2192 1008 2248 nova,
1021 2171 1145 2248 Calvisi,
1160 2173 1275 2255 religio,
1291 2191 1380 2254 quem
1391 2173 1430 2235 eb
1439 2169 1583 2245 Eusebio,

231 2261 425 2345 Hieronymo,
441 2261 599 2344 Dionysio,
613 2259 763 2336 Mariano,
772 2261 938 2343 Reginone,
947 2262 1097 2337 Aunonio,
1112 2263 1287 2325 Hermanno
1298 2261 1478 2336 Oontracto,
1489 2259 1582 2342 Sigo-

230 2349 327 2426 bertc,
342 2351 476 2414 Maximo
486 2350 646 2426 Mouecho,
662 2350 787 2414 infinitis
803 2349 1023 2433 eliis,'dcnique
1039 2351 1251 2414 abuniverseli
1268 2351 1436 2414 occidentis
1451 2350 1583 2414 ecclesie

231 2457 291 2502 nou
308 2439 485 2504 didicimus?
517 2439 579 2505 Gur
593 2439 683 2503 hodie
699 2440 816 2504 facinus
831 2440 926 2502 estin
940 2441 1102 2523 primorum
1117 2441 1244 2504 Petmm
1260 2440 1406 2504 calculum
1421 2441 1582 2524 inquirere,

231 2527 310 2610 quod
334 2529 470 2594 omnibus
493 2537 577 2592 retro
600 2527 709 2592 seculis
732 2531 865 2592 secunde
887 2530 968 2592 semo
982 2529 1068 2592 licuit
1089 2530 1322 2612 factitetumque
1344 2537 1394 2592 est
1408 2537 1502 2594 tento
1517 2547 1582 2592 oum

230 2612 400 2695 verietate,
423 2637 489 2682 cum
504 2637 593 2682 nemo
608 2619 809 2701 posteriorum
825 2625 933 2682 contre
947 2619 1082 2682 rationes
1105 2628 1332 2682 autecessorum
1348 2619 1467 2682 calculo
1484 2617 1582 2682 teneri

230 2706 347 2770 vellet?
379 2707 434 2772 Sin
458 2716 560 2772 entem
580 2707 649 2771 ideo
669 2707 832 2790 primorum
846 2709 973 2776 Petrum
988 2708 1104 2771 calculo
1121 2709 1263 2771 standum
1279 2709 1447 2785 existimo,
1471 2708 1543 2792 quio
1556 2708 1582 2771 is

230 2796 399 2860 rationibus
419 2797 529 2874 vincit,
553 2798 657 2860 desine
679 2797 917 2880 igitur·crepere
933 2797 1152 2874 auctoritatem
1175 2797 1215 2861 ed
1237 2799 1410 2861 conflictum
1427 2795 1581 2862 rationum

231 2885 383 2949 descende
401 2885 534 2950 sinehoc
549 2889 710 2950 comitatu:
727 2886 797 2970 quin
812 2887 871 2950 imo
887 2889 986 2951 uictus
1002 2909 1021 2950 e
1036 2905 1084 2950 me
1098 2888 1268 2951 rationibus
1277 2887 1462 2963 melioribus,
1479 2889 1581 2950 desine

229 2975 302 3039 mihi
319 2995 422 3039 creare
436 2975 579 3040 iuvidiam
596 2977 634 3040 ob
649 2976 759 3039 Patres
776 2977 923 3050 desertos.
952 2976 1120 3058 Perpende,
1136 2977 1281 3059 quantulo
1296 2985 1331 3040 tu
1345 2995 1393 3040 me
1411 2977 1455 3042 sis
1473 2985 1580 3041 ancto-

230 3065 372 3132 ritctibus
394 3065 589 3142 instructior,
612 3066 757 3147 quantulo
779 3065 875 3146 major
898 3066 987 3130 turba
1012 3083 1129 3142 eorum,
1151 3085 1170 3128 o
1193 3067 1299 3149 quibus
1319 3065 1386 3149 ipse
1409 3067 1582 3131 dissentio?

231 3153 340 3218 Nonne
355 3155 451 3232 uides,
466 3161 531 3219 tres
548 3155 588 3219 ed
604 3173 748 3218 summum
764 3161 818 3218 eut
832 3161 962 3237 quotuor
977 3155 1158 3219 altrinsecus
1173 3155 1359 3220 desiderari?

792 3509 910 3612 Caput
935 3509 1018 3608 XV.

279 3683 349 3760 Quo
364 3689 513 3767 tempore,
535 3687 646 3768 quihus
661 3687 875 3750 occasionibus
896 3695 926 3751 et
946 3707 1005 3770 quo
1021 3695 1147 3751 auctore
1167 3689 1306 3763 invento,
1329 3709 1390 3773 quo
1411 3693 1490 3755 item
1503 3693 1539 3755 in

337 3793 429 3837 rerum
443 3783 567 3858 recepto
586 3777 631 3839 sit
650 3797 673 3840 o
687 3774 878 3841 Christianis
892 3771 1134 3841 occidentalibus
1148 3797 1226 3841 cero
1240 3799 1384 3855 croceo,
1410 3799 1477 3862 quc

575 3865 725 3948 hodieque
738 3867 869 3976 mimoq:
892 3868 947 3930 cdi
960 3875 992 3930 et
1006 3867 1044 3930 de
1062 3867 1238 3933 creauerit.

259 4033 262 4044 '
322 4039 439 4104 Contra
459 4042 586 4106 Petrum
614 4045 828 4109 auctoritatem
856 4043 1043 4126 excepimus,
1073 4046 1280 4128 excipiendum
1304 4065 1382 4110 nnnc
1408 4055 1460 4110 est
1486 4049 1578 4112 etiam

235 4133 341 4192 contre
356 4129 555 4194 universalem
570 4133 717 4196 ecclesiae
739 4133 902 4198 hodiernae
919 4143 1105 4218 computum3
1130 4137 1209 4217 qnod
1225 4155 1316 4218 supra
1331 4137 1453 4218 quidem
1476 4139 1579 4221 capite
1691 4121 1692 4142 ³

233 4217 288 4281 IV.
303 4220 470 4299 coepimus,
491 4221 538 4284 usi
553 4222 664 4285 adhoc
681 4226 864 4287 auctoritate
886 4226 944 4288 hec
959 4227 1027 4308 ipso
1041 4227 1169 4288 Petmm
1184 4226 1401 4308 antiquiorum:
1421 4227 1491 4308 jam
1506 4245 1578 4289 vero

235 4307 505 4373 consummabimus
521 4311 690 4375 detectione
706 4314 829 4394 originis
845 4315 962 4378 erronei
978 4314 1093 4377 calculi.

323 4395 413 4469 Quod
428 4400 507 4462 enim
527 4419 607 4463 eme
622 4401 754 4484 meisque
771 4403 944 4468 doctoribus
962 4404 1100 4486 postulat
1116 4402 1283 4480 Calvisius,
1305 4411 1340 4467 ut
1360 4406 1578 4468 auctoritatem
1690 4413 1691 4434 ³

174 4497 179 4510 '
234 4487 361 4551 Petrum
376 4489 472 4552 secuti
486 4489 621 4554 rationes
637 4509 740 4554 omnes
755 4491 915 4558 obstantes
931 4499 1170 4556 contemnemus:
1194 4493 1226 4556 id
1246 4493 1411 4578 scriptores
1428 4494 1577 4559 ecclesie-

236 4575 315 4654 etici,
331 4577 471 4660 equibus
486 4577 662 4642 hodiernam
678 4599 779 4644 aerem
795 4588 917 4645 constet
931 4582 1149 4658 introductam,
1170 4601 1358 4666 nequaquem
1374 4583 1432 4647 sibi
1449 4603 1577 4648 serven-
1689 4621 1690 4624 =

236 4663 306 4728 dnm
322 4685 390 4729 esse
406 4675 600 4731 censuerunt:
623 4669 799 4751 posthabito
822 4671 900 4734 enirn
916 4673 1052 4752 exemplo
1068 4672 1246 4735 Tertulliani
1262 4679 1506 4755 ceterorumque,
1530 4671 1577 4754 qni
1689 4679 1690 4718 t

236 4755 365 4836 triginta
385 4757 540 4837 praecisos
563 4777 658 4820 annos
681 4759 719 4822 cb
742 4779 820 4822 suno
839 4761 887 4823 lt.
903 4761 1016 4824 Tiberii
1037 4769 1119 4824 retro
1135 4761 1345 4838 extenderent,
1366 4763 1425 4844 ipsi
1441 4765 1577 4825 rationes

237 4841 342 4906 Lunae
367 4845 463 4906 secuti
486 4845 644 4910 artificiale
666 4848 767 4930 potins
789 4849 965 4933 minimeque
986 4849 1139 4916 historicis
1153 4851 1282 4932 iosephi
1301 4852 1505 4914 monumentis
1526 4856 1577 4912 eut
1688 4847 1689 4852 ’
