3412 5538
600 268 988 372 memoratorum.
1223 311 1227 322 ‘
1407 283 1469 356 lbl

123 445 216 530 011111
231 441 338 524 Solis,
353 443 416 512 -s'ed
428 443 495 514 'tna
507 454 675 514 meteornm
696 467 756 512 non
777 444 966 534 infrequens,
988 455 1061 514 tnnc
1082 469 1155 515 vero
1175 450 1307 536 prodigii
1329 449 1397 516 loco
1415 469 1469 516 ac-

202 627 290 692 Ante
307 624 368 691 Oh.
386 625 457 692 192.
493 623 581 692 Coss
594 624 695 692 Acilio
712 623 878 692 Glabrione
900 633 935 692 et
954 628 989 694 P.
1009 627 1153 711 Scipione
1174 631 1291 694 Nasica
1314 631 1354 693 ad
1369 631 1409 694 V.
1425 629 1471 694 Id

123 715 272 788 Quintiles
288 713 399 780 Solem
414 715 563 780 defecisse
578 733 618 778 ex
632 715 722 782 lastis
738 713 921 798 Capitolinis
937 726 1067 782 annotat
1082 715 1229 800 Scaliger.
1243 720 1350 804 Atqui
1365 719 1470 784 Livius

123 807 261 870 dissentit
276 806 311 868 in
326 825 424 882 anno,
444 806 540 870 refert
554 803 633 870 enirn
647 805 727 897 hanc
744 807 869 889 eclipsin
884 806 924 870 ad
940 805 1028 872 Coss.
1044 815 1222 890 sequentes,
1244 807 1280 872 1..
1296 807 1472 874 0011011111

122 894 292 978 Scipionem
314 903 350 958 et
371 894 567 961 0110111.
605 893 649 958 Et
668 895 697 958 J.
714 893 920 978 Obsequens,
937 896 1066 978 diligens
1087 898 1293 980 prodigiorum
1317 899 1471 974 collector,

121 1005 175 1050 non
188 985 289 1048 refert
303 984 387 1050 hunc
402 985 553 1050 deiectum
569 984 623 1047 snb
639 984 688 1048 his
704 983 792 1049 0000.
828 985 936 1070 Itaque
958 1003 1054 1068 neque
1069 987 1101 1049 in
1117 988 1304 1051 astronomia
1318 988 1472 1052 idvenitur

120 1075 224 1140 idonea
240 1073 384 1156 eclipsis,
405 1094 483 1157 quae
497 1074 530 1138 11
544 1070 711 1146 Quintilem
724 1066 929 1156 Popilianum,
950 1076 979 1140 h.
995 1095 1021 1138 e.
1036 1076 1067 1138 in
1081 1076 1198 1161 Majum
1211 1076 1365 1141 Juliannm
1385 1095 1470 1140 com·

119 1171 201 1246 petat
214 1183 319 1246 neque
335 1164 394 1228 hoc
409 1183 507 1246 neque
522 1163 717 1228 antecedenti
732 1183 827 1239 anno,
848 1172 881 1228 at
896 1185 993 1248 neque
1009 1164 1162 1250 sequenti,
1184 1172 1220 1230 ut
1235 1166 1360 1230 dicetur.
1389 1168 1470 1232 Puto

118 1254 213 1336 igitur,
229 1259 394 1317 auctorem
407 1254 556 1317 fastorum
572 1251 713 1334 Capitol,
734 1253 954 1330 animadverso,
976 1253 1103 1336 eclipsin
1118 1275 1137 1318 a
1151 1255 1239 1336 Livio
1253 1273 1309 1338 per
1324 1263 1470 1339 transpo-

119 1344 256 1410 sitionem
272 1343 410 1426 aliquam
430 1361 590 1424 perperam
610 1341 783 1424 appositam
806 1341 894 1410 0000.
918 1343 1128 1426 sequentibus,
1150 1345 1283 1409 voluisse
1298 1345 1357 1409 hoo
1373 1347 1470 1410 corri-
1518 1373 1522 1385 a

119 1451 197 1515 gere,
221 1439 256 1495 et
270 1432 458 1513 traiectione
473 1438 597 1496 tentata
617 1433 803 1514 pervertisse
821 1433 964 1514 amplius,
985 1434 1140 1498 translata
1162 1433 1268 1516 eclipsi
1283 1435 1342 1498 hac
1358 1454 1419 1498 non
1433 1441 1470 1497 nt

120 1523 250 1604 oportuit
264 1522 308 1586 sd
326 1521 415 1588 (ioss.
431 1521 542 1586 abhinc
556 1521 675 1596 tertios,
691 1522 740 1605 qui
755 1521 884 1604 Liuiano
899 1522 1010 1586 indicio
1026 1523 1240 1598 succedebant,
1255 1525 1311 1588 sed
1326 1524 1365 1587 ad
1380 1524 1470 1604 hujus

115 1612 173 1694 jam
188 1611 376 1687 01110000,
391 1611 441 1696 qui
455 1611 683 1693 praecedebant
690 1611 851 1674 Livianum
867 1611 1015 1693 eclipseos
1031 1631 1157 1676 annum:
1178 1613 1218 1676 ad
1233 1632 1322 1696 quem
1338 1632 1471 1676 errorem
1555 1653 1560 1668 .

120 1701 195 1766 num
215 1701 402 1764 invitaverit
423 1700 503 1764 salsa
523 1701 600 1766 haec
623 1700 812 1781 conjectura,
836 1701 917 1784 quod
938 1701 1026 1764 Livio
1048 1701 1239 1782 trajectionis
1264 1722 1358 1781 00100
1379 1703 1472 1768 luerit

121 1791 194 1854 alter
207 1791 371 1854 consulum
387 1797 420 1852 et
432 1789 523 1871 th'us
538 1797 571 1852 et
586 1789 741 1872 sequentis
757 1783 951 1854 anni'eodem
967 1789 1120 1872 Scipionis
1135 1793 1255 1858 nomine
1270 1798 1470 1873 nuncupatus.

120 1879 194 1946 num
206 1880 306 1962 igitur
322 1879 403 1942 male
425 1880 463 1942 de
485 1898 579 1943 causa
601 1878 712 1943 erroris
726 1879 846 1944 Liviani
862 1880 1008 1960 conjecit,
1030 1880 1109 1943 male
1126 1882 1220 1945 etiam
1235 1883 1383 1964 cumipse
1399 1887 1469 1945 c'or·
1515 1881 1518 1884 ’

119 1970 206 2034 rexit:
230 1977 265 2032 et
279 1969 315 2032 in
331 1969 504 2033 universum
520 1968 653 2032 calculus
668 1970 890 2032 astronomicus
905 1976 1065 2051 praestare
1087 1989 1148 2035 non
1164 1977 1288 2035 tenetur
1307 1972 1388 2035 hunc
1404 1970 1470 2035 dis-
1574 2016 1578 2028 .

121 2077 234 2122 sensnm
250 2065 424 2144 auctomm.
459 2059 526 2122 Aut
539 2059 634 2141 igitur
654 2058 823 2140 prodigium
845 2059 903 2122 fuit
924 2059 1093 2142 falsumque
1115 2060 1196 2124 dixit
1209 2060 1330 2137 Livius,
1352 2061 1471 2124 Lunam

121 2149 169 2212 snb
184 2149 291 2214 orbem
307 2146 393 2212 Solis
409 2147 551 2224 subiisse,
575 2155 629 2211 aut
644 2147 670 2210 si
686 2147 808 2229 eclipsis
823 2147 894 2224 fuit,
918 2148 978 2211 alio
995 2168 1074 2213 anno
1090 2149 1148 2212 luit
1163 2149 1282 2233 alioque
1299 2151 1356 2212 die.
1384 2149 1428 2213 Et
1444 2150 1471 2214 si

119 2237 179 2314 1100,
193 2239 395 2320 conjecturae
411 2245 483 2301 sunt
497 2237 635 2320 geminae
658 2255 696 2299 ex
711 2238 830 2319 gemino
845 2236 925 2301 Livir
948 2257 1050 2300 errore
1077 2238 1243 2301 desumtae.
1272 2238 1374 2302 Primo
1391 2240 1471 2302 enim

121 2328 302 2403 memineris,
327 2333 400 2392 ante
416 2346 512 2390 annos
528 2327 638 2390 abhinc
655 2327 709 2402 12,
732 2325 1047 2392 0110011209111.
1065 2325 1110 2390 Ol.
1126 2329 1258 2402 Nerone,
1280 2329 1322 2390 M.
1339 2327 1469 2392 Servilio
1555 2365 1557 2376 ι

124 2415 245 2480 Gemino
262 2415 358 2482 cosa.
382 2417 496 2493 ,Ludis
510 2415 740 2498 Apollinaribus
762 2410 830 2498 (qni
852 2423 923 2480 suat
945 2417 984 2478 ad
1006 2417 1061 2480 III.
1076 2417 1156 2480 Non.
1172 2415 1342 2489 Quintiles)
1365 2415 1470 2480 Gumis

124 2505 218 2570 orbern
237 2503 279 2585 Θ
297 2507 394 2573 minui
409 2498 536 2582 visum“,
550 2523 618 2568 cnm
628 2501 731 2586 Scipio
741 2504 906 2568 Africanus
921 2523 971 2567 res
986 2505 1017 2568 11
1032 2505 1140 2570 Africa
1156 2513 1287 2586 gereret
1311 2507 1362 2568 An
1377 2505 1471 2588 igitur

122 2596 193 2678 qnod
207 2603 283 2660 tunc
301 2597 432 2670 factum,
454 2593 558 2658 idhuc
573 2594 680 2658 retulit
694 2592 820 2658 Livius?
855 2594 958 2657 Rarus
972 2595 1110 2676 profecto
1127 2614 1217 2658 casus
1233 2602 1297 2670 est,
1320 2603 1355 2657 nt
1369 2595 1469 2657 inter-

122 2685 198 2750 stitio
212 2686 254 2749 12
265 2703 416 2750 annornm
426 2687 447 2748 2
459 2684 588 2765 eclipses
600 2702 730 2764 magnae
744 2681 826 2748 Solis
838 2683 868 2746 in
882 2683 1005 2746 eosdem
1016 2683 1104 2746 ludos
1116 2682 1313 2765 Apollinares
1322 2684 1469 2766 incidant

120 2773 229 2838 Deinde
251 2781 388 2858 apparet
410 2793 449 2838 ex
474 2780 620 2836 contentu
642 2773 736 2849 Livii,
758 2773 906 2836 insertam
929 2792 997 2836 esse
1021 2773 1101 2836 hanc
1122 2773 1279 2854 periodum
1302 2774 1340 2836 de
1364 2771 1470 2856 eclipsi

121 2863 192 2926 inter
205 2864 432 2946 profectionem
448 2861 614 2929 Consulum
628 2869 661 2925 et
676 2863 711 2926 L.
720 2861 843 2928 Aemilii
859 2861 972 2942 Regilli
987 2863 1139 2943 praetoris
1155 2862 1285 2936 classici,
1300 2863 1470 2945 importune
1521 2881 1526 2890 ’

123 2953 234 3034 quidem
250 2961 285 3017 et
302 2973 342 3016 ex
356 2954 523 3035 inopinato.
559 2953 641 3016 Nam
655 2953 764 3016 verber
791 2951 1010 3027 „L.'Aemilius
1033 2951 1140 3015 eodem
1162 2959 1299 3035 tempore
1314 2953 1470 3034 profectus

123 3041 182 3105 est“
198 3043 379 3108 immediate
396 3040 605 3124 subjungenda
619 3041 761 3104 videntm
775 3040 851 3104 illisa
878 3039 968 3118 „Cos
984 3040 1148 3122 paludatus
1171 3041 1210 3104 ab
1224 3041 1299 3104 urbe
1314 3043 1471 3122 proiectus

124 3138 178 3208 est;
201 3134 240 3196 ad
262 3132 399 3198 omillia
419 3132 544 3195 exeunti
559 3129 630 3196 cos.
653 3131 775 3195 nomina
797 3129 939 3194 dedere“.
975 3132 1083 3211 Itaque
1106 3130 1228 3194 dubium
1250 3130 1378 3207 nullum,
1400 3131 1472 3213 quin

122 3221 191 3286 haee
214 3223 288 3286 01111
315 3221 407 3286 fuerit
429 3220 525 3286 veluti
539 3220 715 3306 marginalis
740 3221 914 3296 annotatio,
945 3239 1021 3302 quae
1046 3227 1157 3301 postea
1171 3219 1347 3292 intextum
1370 3219 1470 3302 irrep-

124 3312 199 3377 serit.

201 3402 240 3468 A.
257 3399 318 3468 oh
335 3399 414 3466 leo:
437 3399 571 3482 Eclipsis
586 3398 669 3465 Solis
685 3398 792 3462 totalis
807 3398 865 3462 init
882 3398 932 3462 14.
946 3399 1054 3464 Martii
1067 3398 1198 3475 1111011,
1220 3400 1271 3482 qui
1286 3406 1355 3463 erat
1369 3399 1472 3481 Maius

125 3489 289 3556 1011111110
305 3491 491 3573 Popilianns.
520 3489 564 3552 Et
579 3490 617 3553 de
631 3491 690 3555 hae
704 3489 825 3551 videtur
840 3489 922 3571 loqui
936 3488 1042 3552 Livius
1057 3489 1109 3552 lib.
1124 3489 1210 3554 VIII.
1240 3489 1289 3552 De
1304 3490 1363 3554 hac
1379 3491 1473 3554 etiarn

124 3580 197 3663 loqui
210 3589 288 3664 puto
304 3581 424 3646 Livium
440 3580 495 3644 sub
512 3577 600 3645 Coss.
620 3579 770 3661 prioribus
787 3569 831 3658 (v.
847 3572 896 3659 0.).
929 3577 1042 3660 Cogita
1057 3579 1167 3653 etiam,
1189 3577 1363 3660 Scipionem
1379 3599 1472 3662 supe-

126 3669 204 3734 rioris
219 3672 294 3736 anni
311 3670 383 3735 cos.
397 3671 447 3734 hic
457 3671 524 3751 jam
539 3669 631 3732 fuisse
647 3668 877 3744 Proconsnlem3
902 3669 943 3732 ad
958 3687 1045 3750 quem
1062 3667 1116 3732 On
1132 3667 1266 3732 Manlius
1282 3669 1378 3750 primo
1400 3689 1473 3733 vere

126 3761 253 3824 venitin
268 3759 394 3825 Asiam:
418 3759 490 3842 quid
511 3759 538 3821 si
560 3777 632 3840 ergo
658 3777 732 3839 „per
754 3775 807 3820 eos
823 3756 903 3833 dies,
926 3757 1034 3840 quibus
1051 3757 1122 3822 Cos.
1137 3758 1272 3822 Manlius
1294 3759 1332 3821 ad
1348 3759 1473 3822 Procos.

128 3847 295 3931 Sn'pionern
308 3850 465 3931 proiectus
481 3855 530 3912 est
545 3849 586 3910 ad
599 3845 748 3912 bellnm“:
778 3847 827 3910 vel
852 3867 925 3928 „per
947 3866 1001 3910 eos
1017 3847 1100 3922 dies,
1122 3847 1230 3928 quibus
1247 3848 1381 3918 decessit
1396 3867 1471 3929 pro-

127 3936 359 4004 11101οΡ100οο
375 3937 516 4019 Scipio“;
540 3943 594 4000 aut
611 3937 738 4020 „quibus
753 3936 885 4004 Manlius
902 3934 973 4001 Oos.
989 3959 1008 4000 a
1024 3935 1168 4018 Scipione
1177 3937 1301 4002 Procos.
1316 3937 1473 4019 profectus

129 4035 172 4090 est
185 4029 222 4092 ad
235 4029 353 4094 bellam
368 4035 475 4092 contra
491 4025 754 4108 Gallograecos“?
778 4025 822 4090 Ut
836 4027 881 4089 ita
895 4026 1093 4089 hallucinatio
1110 4026 1166 4089 sit:
1181 4027 1350 4090 Proconsul
1360 4025 1474 4109 Scipio,

129 4135 189 4196 pro:
213 4118 286 4184 Cos.
302 4116 416 4200 Scipio.
447 4115 624 4199 Quicunque
640 4133 725 4180 error
741 4115 797 4190 sit,
821 4115 898 4178 satis
914 4115 964 4178 vel
985 4115 1051 4178 sine
1072 4117 1260 4179 astronomia
1281 4117 1475 4197 redarguitur

131 4225 147 4267 a
167 4207 357 4272 1110εο101010
383 4214 555 4282 anctorum,
583 4225 640 4270 nec
662 4205 753 4269 ahter
774 4205 833 4268 nisi
854 4205 913 4268 hoc
930 4203 996 4286 jam
1018 4223 1097 4268 anno
1123 4211 1156 4268 et
1180 4205 1239 4268 hac
1262 4206 1367 4288 eclipsi
1390 4205 1473 4268 reri-

208 4387 247 4452 A.
264 4383 300 4452 O.
318 4385 390 4451 189.
430 4385 501 4462 „Ad
516 4384 572 4449 On.
586 4383 734 4448 Manlium
747 4385 871 4446 Procos.
885 4381 1056 4463 legationes
1077 4383 1213 4465 gentium
1234 4373 1402 4447 venerunt“
1424 4379 1473 4446 Ol.

132 4494 155 4536 a
175 4475 202 4539 4.
224 4467 350 4559 (Polyb.
371 4469 464 4556 Iria).
516 4475 715 4555 „Priusquam
742 4472 774 4536 in
802 4471 975 4554 provincias
1004 4472 1075 4535 novi
1105 4475 1306 4554 magistratus
1333 4471 1473 4552 proficis-

132 4573 281 4642 cerentur,
302 4564 474 4648 prodigium
489 4562 660 4645 expiatum,
682 4562 761 4646 quod
776 4562 843 4624 luce
858 4563 940 4626 inter
955 4561 984 4624 h.
999 4561 1030 4624 3.
1046 4567 1079 4624 et
1092 4561 1122 4626 4.
1145 4562 1209 4625 iere
1225 4560 1369 4625 tenebrae
1387 4566 1474 4624 ortae

133 4652 263 4719 inerant“
288 4649 372 4735 (Iiv.
395 4661 428 4716 et
443 4649 648 4735 Obsequens).
694 4650 792 4723 Quale
813 4652 873 4716 hoo
894 4650 1064 4732 prodigium
1086 4651 1192 4728 luerit,
1215 4649 1348 4714 calculus
1369 4655 1473 4713 astro-

134 4745 258 4808 nomicus
273 4761 356 4808 auno
371 4742 525 4824 superiore
540 4742 701 4807 indicavit:
718 4741 839 4824 eclipsis
854 4740 992 4804 nimirum
1003 4739 1085 4804 Solis
1102 4740 1208 4804 totalis
1227 4737 1377 4802 1011110
1393 4739 1475 4806 inter

134 4829 159 4895 h
173 4833 192 4898 8
206 4841 239 4899 01
251 4829 283 4900 9.
299 4838 373 4898 ante
393 4830 550 4900 meridiem
563 4851 646 4899 more
661 4829 810 4909 nostrati,
832 4829 912 4916 quod
928 4835 978 4896 est
991 4830 1021 4896 h.
1036 4831 1066 4896 3.
1082 4849 1107 4895 0.
1121 4847 1205 4894 more
1219 4827 1368 4894 Romano.
1396 4828 1475 4896 Erat
