<?xml version="1.0" encoding="UTF-8"?>
<!DOCTYPE html PUBLIC "-//W3C//DTD XHTML 1.0 Transitional//EN"
    "http://www.w3.org/TR/xhtml1/DTD/xhtml1-transitional.dtd">
<html xmlns="http://www.w3.org/1999/xhtml" xml:lang="en" lang="en">
 <head>
  <title>
</title>
<meta http-equiv="Content-Type" content="text/html;charset=utf-8" />
  <meta name='ocr-system' content='tesseract 3.04.00' />
  <meta name='ocr-capabilities' content='ocr_page ocr_carea ocr_par ocr_line ocrx_word'/>
</head>
<body>
  <div class='ocr_page' id='page_1' title='image "./joanniskepleria00unkngoog_0192.png"; bbox 0 0 3412 5538; ppageno 0'>
   <div class='ocr_carea' id='block_1_1' title="bbox 519 314 1491 398">
    <p class='ocr_par' dir='ltr' id='par_1_1' title="bbox 519 314 1491 398">
     <span class='ocr_line' id='line_1_1' title="bbox 519 314 1491 398; baseline 0.001 -19"><span class='ocrx_word' id='word_1_1' title='bbox 519 322 523 335; x_wconf 88' lang='grc'>’</span> <span class='ocrx_word' id='word_1_2' title='bbox 624 327 729 396; x_wconf 81' lang='lat' dir='ltr'><strong>Kepleri</strong></span> <span class='ocrx_word' id='word_1_3' title='bbox 741 341 816 395; x_wconf 84' lang='lat' dir='ltr'><strong>opera</strong></span> <span class='ocrx_word' id='word_1_4' title='bbox 827 330 1008 398; x_wconf 80' lang='lat' dir='ltr'><strong>chronologica.</strong></span> <span class='ocrx_word' id='word_1_5' title='bbox 1428 314 1491 382; x_wconf 84' lang='grc'><strong>173</strong></span> 
     </span>
    </p>
   </div>
   <div class='ocr_carea' id='block_1_2' title="bbox 129 463 1490 642">
    <p class='ocr_par' dir='ltr' id='par_1_2' title="bbox 129 463 1490 642">
     <span class='ocr_line' id='line_1_2' title="bbox 129 463 1490 558; baseline 0.012 -34"><span class='ocrx_word' id='word_1_6' title='bbox 129 463 257 542; x_wconf 82' lang='lat' dir='ltr'><strong>praefixi</strong></span> <span class='ocrx_word' id='word_1_7' title='bbox 287 465 418 531; x_wconf 78' lang='lat' dir='ltr'><strong>inerint</strong></span> <span class='ocrx_word' id='word_1_8' title='bbox 444 469 558 533; x_wconf 89' lang='lat' dir='ltr'><strong>indices</strong></span> <span class='ocrx_word' id='word_1_9' title='bbox 585 471 712 558; x_wconf 76' lang='lat' dir='ltr'><strong>ordinis,</strong></span> <span class='ocrx_word' id='word_1_10' title='bbox 741 491 829 554; x_wconf 89' lang='lat' dir='ltr'><strong>quem</strong></span> <span class='ocrx_word' id='word_1_11' title='bbox 856 474 1048 538; x_wconf 78' lang='lat' dir='ltr'><strong>amanuensis</strong></span> <span class='ocrx_word' id='word_1_12' title='bbox 1074 474 1106 538; x_wconf 92' lang='lat' dir='ltr'><strong>in</strong></span> <span class='ocrx_word' id='word_1_13' title='bbox 1134 475 1331 540; x_wconf 89' lang='lat' dir='ltr'><strong>exscribendo</strong></span> <span class='ocrx_word' id='word_1_14' title='bbox 1361 483 1490 554; x_wconf 89' lang='lat' dir='ltr'><strong>teneret,</strong></span> 
     </span>
     <span class='ocr_line' id='line_1_3' title="bbox 129 551 829 642; baseline 0.016 -29"><span class='ocrx_word' id='word_1_15' title='bbox 129 551 200 614; x_wconf 83' lang='lat' dir='ltr'>nihil</span> <span class='ocrx_word' id='word_1_16' title='bbox 216 552 321 634; x_wconf 87' lang='lat' dir='ltr'><strong>igitur</strong></span> <span class='ocrx_word' id='word_1_17' title='bbox 337 560 419 621; x_wconf 91' lang='lat' dir='ltr'><strong>ultra</strong></span> <span class='ocrx_word' id='word_1_18' title='bbox 435 560 473 622; x_wconf 88' lang='lat' dir='ltr'><strong>ab</strong></span> <span class='ocrx_word' id='word_1_19' title='bbox 489 560 526 622; x_wconf 89' lang='lat' dir='ltr'><strong>iis</strong></span> <span class='ocrx_word' id='word_1_20' title='bbox 542 569 712 642; x_wconf 80' lang='lat' dir='ltr'>exspectes.</span> <span class='ocrx_word' id='word_1_21' title='bbox 741 563 829 625; x_wconf 73' lang='lat' dir='ltr'><strong>Vale,</strong></span> 
     </span>
    </p>
   </div>
   <div class='ocr_carea' id='block_1_3' title="bbox 128 669 1561 952">
    <p class='ocr_par' dir='ltr' id='par_1_3' title="bbox 128 669 1561 952">
     <span class='ocr_line' id='line_1_4' title="bbox 197 669 1561 773; baseline 0.015 -37"><span class='ocrx_word' id='word_1_22' title='bbox 197 685 306 739; x_wconf 65' lang='lat' dir='ltr'><strong>nesse</strong></span> <span class='ocrx_word' id='word_1_23' title='bbox 335 691 364 742; x_wconf 75' lang='lat' dir='ltr'><strong>s</strong></span> <span class='ocrx_word' id='word_1_24' title='bbox 388 693 457 742; x_wconf 68' lang='lat' dir='ltr'><strong>aru</strong></span> <span class='ocrx_word' id='word_1_25' title='bbox 478 693 545 744; x_wconf 61' lang='lat' dir='ltr'><strong>rsa:</strong></span> <span class='ocrx_word' id='word_1_26' title='bbox 570 685 756 749; x_wconf 75' lang='lat' dir='ltr'><strong>Admonitu.</strong></span> <span class='ocrx_word' id='word_1_27' title='bbox 797 689 834 750; x_wconf 78' lang='lat' dir='ltr'><strong>ru</strong></span> <span class='ocrx_word' id='word_1_28' title='bbox 859 669 991 750; x_wconf 67' lang='lat' dir='ltr'><strong>numeru</strong></span> <span class='ocrx_word' id='word_1_29' title='bbox 1015 689 1231 770; x_wconf 68' lang='lat' dir='ltr'>marginalibus</span> <span class='ocrx_word' id='word_1_30' title='bbox 1257 693 1370 754; x_wconf 83' lang='lat' dir='ltr'><strong>nullum</strong></span> <span class='ocrx_word' id='word_1_31' title='bbox 1391 692 1490 756; x_wconf 72' lang='lat' dir='ltr'><strong>lectur</strong></span> <span class='ocrx_word' id='word_1_32' title='bbox 1557 767 1561 773; x_wconf 54' lang='grc'><em>,</em></span> 
     </span>
     <span class='ocr_line' id='line_1_5' title="bbox 129 769 1489 861; baseline 0.011 -32"><span class='ocrx_word' id='word_1_33' title='bbox 129 769 271 848; x_wconf 78' lang='lat' dir='ltr'><strong>quaerito</strong></span> <span class='ocrx_word' id='word_1_34' title='bbox 289 773 481 854; x_wconf 76' lang='lat' dir='ltr'><strong>mysterium</strong></span> <span class='ocrx_word' id='word_1_35' title='bbox 517 777 654 838; x_wconf 75' lang='lat' dir='ltr'><strong>Fuerunt</strong></span> <span class='ocrx_word' id='word_1_36' title='bbox 677 776 754 838; x_wconf 92' lang='lat' dir='ltr'><strong>enim</strong></span> <span class='ocrx_word' id='word_1_37' title='bbox 775 775 860 838; x_wconf 90' lang='lat' dir='ltr'><strong>initio</strong></span> <span class='ocrx_word' id='word_1_38' title='bbox 876 795 932 858; x_wconf 90' lang='lat' dir='ltr'><strong>per</strong></span> <span class='ocrx_word' id='word_1_39' title='bbox 951 777 1019 858; x_wconf 89' lang='lat' dir='ltr'><strong>ipsa</strong></span> <span class='ocrx_word' id='word_1_40' title='bbox 1041 781 1231 861; x_wconf 86' lang='lat' dir='ltr'><strong>autographa</strong></span> <span class='ocrx_word' id='word_1_41' title='bbox 1247 781 1443 861; x_wconf 90' lang='lat' dir='ltr'><strong>epistolarum</strong></span> <span class='ocrx_word' id='word_1_42' title='bbox 1458 781 1489 847; x_wconf 92' lang='lat' dir='ltr'><strong>in</strong></span> 
     </span>
     <span class='ocr_line' id='line_1_6' title="bbox 128 859 1489 952; baseline 0.012 -35"><span class='ocrx_word' id='word_1_43' title='bbox 128 876 194 918; x_wconf 86' lang='lat' dir='ltr'><strong>eam</strong></span> <span class='ocrx_word' id='word_1_44' title='bbox 207 859 308 922; x_wconf 88' lang='lat' dir='ltr'><strong>linem</strong></span> <span class='ocrx_word' id='word_1_45' title='bbox 327 861 472 944; x_wconf 88' lang='lat' dir='ltr'><strong>dispersi,</strong></span> <span class='ocrx_word' id='word_1_46' title='bbox 493 871 529 926; x_wconf 97' lang='grc' dir='ltr'><strong>ιιι</strong></span> <span class='ocrx_word' id='word_1_47' title='bbox 544 867 736 928; x_wconf 80' lang='lat' dir='ltr'><strong>amanuensis</strong></span> <span class='ocrx_word' id='word_1_48' title='bbox 757 867 861 941; x_wconf 89' lang='lat' dir='ltr'><strong>sciret,</strong></span> <span class='ocrx_word' id='word_1_49' title='bbox 885 886 942 948; x_wconf 91' lang='lat' dir='ltr'><strong>qno</strong></span> <span class='ocrx_word' id='word_1_50' title='bbox 966 867 1070 929; x_wconf 86' lang='lat' dir='ltr'><strong>ordine</strong></span> <span class='ocrx_word' id='word_1_51' title='bbox 1092 870 1258 952; x_wconf 84' lang='lat' dir='ltr'><strong>quemlibet</strong></span> <span class='ocrx_word' id='word_1_52' title='bbox 1279 872 1415 952; x_wconf 85' lang='lat' dir='ltr'><strong>eclogem</strong></span> <span class='ocrx_word' id='word_1_53' title='bbox 1432 891 1489 934; x_wconf 92' lang='lat' dir='ltr'><strong>ex·</strong></span> 
     </span>
    </p>
   </div>
   <div class='ocr_carea' id='block_1_4' title="bbox 124 947 1488 1116">
    <p class='ocr_par' dir='ltr' id='par_1_4' title="bbox 124 947 1488 1116">
     <span class='ocr_line' id='line_1_7' title="bbox 127 947 1488 1100; baseline 0.012 -92"><span class='ocrx_word' id='word_1_54' title='bbox 127 947 298 1100; x_wconf 48' lang='grc' dir='ltr'>ιοιιίῐιιιίθιεη</span> <span class='ocrx_word' id='word_1_55' title='bbox 326 971 402 1033; x_wconf 90' lang='lat' dir='ltr'><strong>quos</strong></span> <span class='ocrx_word' id='word_1_56' title='bbox 425 953 495 1034; x_wconf 87' lang='lat' dir='ltr'><strong>quia</strong></span> <span class='ocrx_word' id='word_1_57' title='bbox 516 954 667 1038; x_wconf 82' lang='lat' dir='ltr'><strong>interdum</strong></span> <span class='ocrx_word' id='word_1_58' title='bbox 690 955 822 1037; x_wconf 79' lang='lat' dir='ltr'><strong>allegavi</strong></span> <span class='ocrx_word' id='word_1_59' title='bbox 843 956 874 1018; x_wconf 94' lang='lat' dir='ltr'><strong>in</strong></span> <span class='ocrx_word' id='word_1_60' title='bbox 896 955 1098 1037; x_wconf 86' lang='lat' dir='ltr'><strong>marginibus,</strong></span> <span class='ocrx_word' id='word_1_61' title='bbox 1121 959 1261 1022; x_wconf 89' lang='lat' dir='ltr'><strong>omittere</strong></span> <span class='ocrx_word' id='word_1_62' title='bbox 1284 961 1412 1042; x_wconf 91' lang='lat' dir='ltr'><strong>amplius</strong></span> <span class='ocrx_word' id='word_1_63' title='bbox 1428 981 1488 1025; x_wconf 94' lang='lat' dir='ltr'><strong>non</strong></span> 
     </span>
     <span class='ocr_line' id='line_1_8' title="bbox 124 1052 218 1116; baseline 0.011 -19"><span class='ocrx_word' id='word_1_64' title='bbox 124 1052 163 1116; x_wconf 91' lang='lat' dir='ltr'><strong>po</strong></span> <span class='ocrx_word' id='word_1_65' title='bbox 210 1083 218 1098; x_wconf 92' lang='lat'>.</span> 
     </span>
    </p>
   </div>
   <div class='ocr_carea' id='block_1_5' title="bbox 123 1180 1488 1546">
    <p class='ocr_par' dir='ltr' id='par_1_5' title="bbox 123 1180 1488 1461">
     <span class='ocr_line' id='line_1_9' title="bbox 193 1180 1488 1253; baseline 0.008 -21"><span class='ocrx_word' id='word_1_66' title='bbox 193 1180 330 1232; x_wconf 77' lang='lat' dir='ltr'><strong>Ultimum</strong></span> <span class='ocrx_word' id='word_1_67' title='bbox 348 1197 448 1243; x_wconf 83' lang='lat' dir='ltr'><strong>eorum,</strong></span> <span class='ocrx_word' id='word_1_68' title='bbox 467 1199 528 1248; x_wconf 84' lang='lat' dir='ltr'><strong>quos</strong></span> <span class='ocrx_word' id='word_1_69' title='bbox 545 1187 691 1250; x_wconf 87' lang='lat' dir='ltr'><strong>conscripsit</strong></span> <span class='ocrx_word' id='word_1_70' title='bbox 701 1184 829 1249; x_wconf 81' lang='lat' dir='ltr'><strong>Keplerue</strong></span> <span class='ocrx_word' id='word_1_71' title='bbox 846 1186 877 1238; x_wconf 89' lang='lat' dir='ltr'><strong>de</strong></span> <span class='ocrx_word' id='word_1_72' title='bbox 897 1188 1068 1253; x_wconf 69' lang='lat' dir='ltr'><strong>chonologia,</strong></span> <span class='ocrx_word' id='word_1_73' title='bbox 1082 1189 1199 1240; x_wconf 71' lang='lat' dir='ltr'><strong>‘libellum</strong></span> <span class='ocrx_word' id='word_1_74' title='bbox 1219 1189 1297 1241; x_wconf 81' lang='lat' dir='ltr'><strong>edidit</strong></span> <span class='ocrx_word' id='word_1_75' title='bbox 1314 1191 1372 1241; x_wconf 88' lang='lat' dir='ltr'><strong>licto</strong></span> <span class='ocrx_word' id='word_1_76' title='bbox 1390 1192 1488 1242; x_wconf 85' lang='lat' dir='ltr'><strong>nornine</strong></span> 
     </span>
     <span class='ocr_line' id='line_1_10' title="bbox 124 1250 1488 1328; baseline 0.01 -26"><span class='ocrx_word' id='word_1_77' title='bbox 124 1250 259 1317; x_wconf 79' lang='lat' dir='ltr'><strong>,Kleopae</strong></span> <span class='ocrx_word' id='word_1_78' title='bbox 272 1253 429 1314; x_wconf 81' lang='lat' dir='ltr'><strong>Herennius,</strong></span> <span class='ocrx_word' id='word_1_79' title='bbox 442 1255 518 1306; x_wconf 77' lang='lat' dir='ltr'><strong>aliis:</strong></span> <span class='ocrx_word' id='word_1_80' title='bbox 530 1255 646 1308; x_wconf 85' lang='lat' dir='ltr'><strong>Phalaris</strong></span> <span class='ocrx_word' id='word_1_81' title='bbox 657 1267 705 1309; x_wconf 80' lang='lat' dir='ltr'><strong>uon</strong></span> <span class='ocrx_word' id='word_1_82' title='bbox 714 1255 844 1308; x_wconf 59' lang='lat' dir='ltr'><strong>Nee-sev</strong></span> <span class='ocrx_word' id='word_1_83' title='bbox 856 1261 1013 1324; x_wconf 85' lang='lat' dir='ltr'><strong>transpositis</strong></span> <span class='ocrx_word' id='word_1_84' title='bbox 1025 1258 1104 1310; x_wconf 84' lang='lat' dir='ltr'><strong>literis</strong></span> <span class='ocrx_word' id='word_1_85' title='bbox 1115 1263 1220 1314; x_wconf 90' lang='lat' dir='ltr'><strong>nominis</strong></span> <span class='ocrx_word' id='word_1_86' title='bbox 1230 1261 1356 1313; x_wconf 86' lang='lat' dir='ltr'><strong>lohannes</strong></span> <span class='ocrx_word' id='word_1_87' title='bbox 1363 1261 1488 1328; x_wconf 85' lang='lat' dir='ltr'><strong>Keplerus</strong></span> 
     </span>
     <span class='ocr_line' id='line_1_11' title="bbox 123 1327 1487 1402; baseline 0.007 -28"><span class='ocrx_word' id='word_1_88' title='bbox 123 1327 274 1388; x_wconf 83' lang='lat' dir='ltr'><strong>composito,</strong></span> <span class='ocrx_word' id='word_1_89' title='bbox 297 1341 375 1390; x_wconf 86' lang='lat' dir='ltr'><strong>quem</strong></span> <span class='ocrx_word' id='word_1_90' title='bbox 387 1327 468 1376; x_wconf 87' lang='lat' dir='ltr'><strong>lusum</strong></span> <span class='ocrx_word' id='word_1_91' title='bbox 481 1328 635 1378; x_wconf 85' lang='lat' dir='ltr'><strong>continuarit</strong></span> <span class='ocrx_word' id='word_1_92' title='bbox 647 1328 830 1381; x_wconf 87' lang='lat' dir='ltr'><strong>dedicationem</strong></span> <span class='ocrx_word' id='word_1_93' title='bbox 843 1330 1000 1382; x_wconf 79' lang='lat' dir='ltr'><strong>subscribens</strong></span> <span class='ocrx_word' id='word_1_94' title='bbox 1012 1331 1138 1390; x_wconf 80' lang='lat' dir='ltr'><strong>,Helenor</strong></span> <span class='ocrx_word' id='word_1_95' title='bbox 1147 1330 1308 1402; x_wconf 84' lang='lat' dir='ltr'><strong>Kapuensis“</strong></span> <span class='ocrx_word' id='word_1_96' title='bbox 1321 1339 1348 1384; x_wconf 87' lang='lat' dir='ltr'><strong>et</strong></span> <span class='ocrx_word' id='word_1_97' title='bbox 1358 1335 1385 1384; x_wconf 92' lang='lat' dir='ltr'><strong>in</strong></span> <span class='ocrx_word' id='word_1_98' title='bbox 1396 1334 1446 1385; x_wconf 85' lang='lat' dir='ltr'><strong>tine</strong></span> <span class='ocrx_word' id='word_1_99' title='bbox 1458 1334 1487 1384; x_wconf 91' lang='lat' dir='ltr'><strong>li-</strong></span> 
     </span>
     <span class='ocr_line' id='line_1_12' title="bbox 124 1395 1308 1461; baseline 0.008 -15"><span class='ocrx_word' id='word_1_100' title='bbox 124 1395 198 1451; x_wconf 71' lang='lat' dir='ltr'><strong>betur</strong></span> <span class='ocrx_word' id='word_1_101' title='bbox 216 1397 358 1461; x_wconf 78' lang='lat' dir='ltr'><strong>Respinus</strong></span> <span class='ocrx_word' id='word_1_102' title='bbox 369 1397 509 1449; x_wconf 66' lang='lat' dir='ltr'><strong>ducheleo.¹</strong></span> <span class='ocrx_word' id='word_1_103' title='bbox 528 1395 583 1450; x_wconf 84' lang='lat' dir='ltr'><strong>Noe</strong></span> <span class='ocrx_word' id='word_1_104' title='bbox 594 1399 695 1460; x_wconf 75' lang='lat' dir='ltr'><strong>Alknin,</strong></span> <span class='ocrx_word' id='word_1_105' title='bbox 707 1400 823 1452; x_wconf 69' lang='lat' dir='ltr'><strong>Praeces-</strong></span> <span class='ocrx_word' id='word_1_106' title='bbox 874 1415 882 1431; x_wconf 79' lang='lat'><strong><em>‘</em></strong></span> <span class='ocrx_word' id='word_1_107' title='bbox 1305 1419 1308 1426; x_wconf 86' lang='lat'>·</span> 
     </span>
    </p>

    <p class='ocr_par' dir='ltr' id='par_1_6' title="bbox 191 1467 1037 1546">
     <span class='ocr_line' id='line_1_13' title="bbox 191 1467 1037 1546; baseline 0.004 -27"><span class='ocrx_word' id='word_1_108' title='bbox 191 1467 349 1530; x_wconf 74' lang='lat' dir='ltr'><strong>Rationem</strong></span> <span class='ocrx_word' id='word_1_109' title='bbox 362 1482 413 1534; x_wconf 81' lang='lat' dir='ltr'><strong>qna</strong></span> <span class='ocrx_word' id='word_1_110' title='bbox 424 1476 506 1520; x_wconf 87' lang='lat' dir='ltr'><strong>motus</strong></span> <span class='ocrx_word' id='word_1_111' title='bbox 517 1486 607 1546; x_wconf 80' lang='lat' dir='ltr'><strong>nomen</strong></span> <span class='ocrx_word' id='word_1_112' title='bbox 615 1487 688 1522; x_wconf 85' lang='lat' dir='ltr'><strong>suum</strong></span> <span class='ocrx_word' id='word_1_113' title='bbox 700 1472 872 1530; x_wconf 83' lang='lat' dir='ltr'><strong>occultaverit,</strong></span> <span class='ocrx_word' id='word_1_114' title='bbox 884 1473 950 1524; x_wconf 83' lang='lat' dir='ltr'><strong>hano</strong></span> <span class='ocrx_word' id='word_1_115' title='bbox 963 1474 1037 1526; x_wconf 82' lang='lat' dir='ltr'><strong>dicit:</strong></span> 
     </span>
    </p>
   </div>
   <div class='ocr_carea' id='block_1_6' title="bbox 122 1558 1488 2270">
    <p class='ocr_par' dir='ltr' id='par_1_7' title="bbox 122 1558 1488 2270">
     <span class='ocr_line' id='line_1_14' title="bbox 213 1558 1488 1648; baseline 0.006 -27"><span class='ocrx_word' id='word_1_116' title='bbox 213 1558 268 1622; x_wconf 88' lang='lat' dir='ltr'><strong>De</strong></span> <span class='ocrx_word' id='word_1_117' title='bbox 287 1559 495 1623; x_wconf 88' lang='lat' dir='ltr'><strong>numeralibus</strong></span> <span class='ocrx_word' id='word_1_118' title='bbox 511 1561 669 1642; x_wconf 89' lang='lat' dir='ltr'><strong>prophetis</strong></span> <span class='ocrx_word' id='word_1_119' title='bbox 678 1568 782 1626; x_wconf 85' lang='lat' dir='ltr'><strong>exstet</strong></span> <span class='ocrx_word' id='word_1_120' title='bbox 789 1562 909 1624; x_wconf 88' lang='lat' dir='ltr'><strong>libellus</strong></span> <span class='ocrx_word' id='word_1_121' title='bbox 920 1563 1149 1648; x_wconf 90' lang='lat' dir='ltr'><strong>chronologicus</strong></span> <span class='ocrx_word' id='word_1_122' title='bbox 1158 1564 1321 1629; x_wconf 86' lang='lat' dir='ltr'><strong>vemeculo</strong></span> <span class='ocrx_word' id='word_1_123' title='bbox 1339 1583 1488 1644; x_wconf 88' lang='lat' dir='ltr'><strong>sermone,</strong></span> 
     </span>
     <span class='ocr_line' id='line_1_15' title="bbox 123 1647 1487 1737; baseline 0.007 -29"><span class='ocrx_word' id='word_1_124' title='bbox 123 1647 177 1709; x_wconf 91' lang='lat' dir='ltr'><strong>sed</strong></span> <span class='ocrx_word' id='word_1_125' title='bbox 201 1667 277 1710; x_wconf 91' lang='lat' dir='ltr'><strong>cum</strong></span> <span class='ocrx_word' id='word_1_126' title='bbox 303 1648 395 1712; x_wconf 91' lang='lat' dir='ltr'><strong>titulo</strong></span> <span class='ocrx_word' id='word_1_127' title='bbox 412 1649 536 1713; x_wconf 83' lang='lat' dir='ltr'><strong>frontali</strong></span> <span class='ocrx_word' id='word_1_128' title='bbox 557 1651 730 1714; x_wconf 86' lang='lat' dir='ltr'><strong>Kanones</strong></span> <span class='ocrx_word' id='word_1_129' title='bbox 745 1651 928 1726; x_wconf 89' lang='lat' dir='ltr'><strong>Pueriles,</strong></span> <span class='ocrx_word' id='word_1_130' title='bbox 950 1651 1058 1716; x_wconf 87' lang='lat' dir='ltr'><strong>Ulmae</strong></span> <span class='ocrx_word' id='word_1_131' title='bbox 1080 1655 1261 1736; x_wconf 87' lang='lat' dir='ltr'><strong>impressus,</strong></span> <span class='ocrx_word' id='word_1_132' title='bbox 1283 1654 1315 1718; x_wconf 92' lang='lat' dir='ltr'><strong>in</strong></span> <span class='ocrx_word' id='word_1_133' title='bbox 1338 1674 1394 1737; x_wconf 92' lang='lat' dir='ltr'><strong>quo</strong></span> <span class='ocrx_word' id='word_1_134' title='bbox 1412 1655 1487 1718; x_wconf 90' lang='lat' dir='ltr'><strong>dnos</strong></span> 
     </span>
     <span class='ocr_line' id='line_1_16' title="bbox 122 1735 1488 1826; baseline 0.007 -27"><span class='ocrx_word' id='word_1_135' title='bbox 122 1735 320 1800; x_wconf 77' lang='lat' dir='ltr'><strong>Feulhaberi</strong></span> <span class='ocrx_word' id='word_1_136' title='bbox 336 1737 450 1800; x_wconf 90' lang='lat' dir='ltr'><strong>similes</strong></span> <span class='ocrx_word' id='word_1_137' title='bbox 464 1739 727 1820; x_wconf 82' lang='lat' dir='ltr'><strong>Felgenhauerum</strong></span> <span class='ocrx_word' id='word_1_138' title='bbox 743 1739 937 1822; x_wconf 78' lang='lat' dir='ltr'><strong>etlilnerum</strong></span> <span class='ocrx_word' id='word_1_139' title='bbox 953 1743 1136 1808; x_wconf 85' lang='lat' dir='ltr'><strong>novissimae</strong></span> <span class='ocrx_word' id='word_1_140' title='bbox 1153 1745 1212 1807; x_wconf 91' lang='lat' dir='ltr'><strong>diei</strong></span> <span class='ocrx_word' id='word_1_141' title='bbox 1226 1745 1488 1826; x_wconf 78' lang='lat' dir='ltr'><strong>pervestigatores</strong></span> 
     </span>
     <span class='ocr_line' id='line_1_17' title="bbox 122 1827 1488 1906; baseline 0.004 -18"><span class='ocrx_word' id='word_1_142' title='bbox 122 1827 221 1906; x_wconf 89' lang='lat' dir='ltr'><strong>pulso.</strong></span> <span class='ocrx_word' id='word_1_143' title='bbox 261 1828 389 1890; x_wconf 88' lang='lat' dir='ltr'><strong>Nomen</strong></span> <span class='ocrx_word' id='word_1_144' title='bbox 406 1847 480 1890; x_wconf 90' lang='lat' dir='ltr'><strong>vero</strong></span> <span class='ocrx_word' id='word_1_145' title='bbox 501 1835 533 1890; x_wconf 88' lang='lat' dir='ltr'><strong>et</strong></span> <span class='ocrx_word' id='word_1_146' title='bbox 553 1831 608 1893; x_wconf 89' lang='lat' dir='ltr'><strong>snb</strong></span> <span class='ocrx_word' id='word_1_147' title='bbox 623 1830 676 1892; x_wconf 92' lang='lat' dir='ltr'><strong>illo</strong></span> <span class='ocrx_word' id='word_1_148' title='bbox 692 1831 1008 1900; x_wconf 68' lang='lat' dir='ltr'><strong>tituloqunscm</strong></span> <span class='ocrx_word' id='word_1_149' title='bbox 1017 1837 1138 1892; x_wconf 69' lang='lat' dir='ltr'><strong>Pueriles</strong></span> <span class='ocrx_word' id='word_1_150' title='bbox 1146 1842 1488 1906; x_wconf 63' lang='lat' dir='ltr'><strong>ammonernonsiserum</strong></span> 
     </span>
     <span class='ocr_line' id='line_1_18' title="bbox 124 1918 1486 2007; baseline 0.01 -33"><span class='ocrx_word' id='word_1_151' title='bbox 124 1923 187 1984; x_wconf 81' lang='lat' dir='ltr'><strong>dant</strong></span> <span class='ocrx_word' id='word_1_152' title='bbox 196 1921 325 1976; x_wconf 76' lang='lat' dir='ltr'><strong>Jouaaes</strong></span> <span class='ocrx_word' id='word_1_153' title='bbox 337 1924 480 2000; x_wconf 74' lang='lat' dir='ltr'><strong>Kepieras)</strong></span> <span class='ocrx_word' id='word_1_154' title='bbox 498 1926 530 1980; x_wconf 90' lang='lat' dir='ltr'><strong>et</strong></span> <span class='ocrx_word' id='word_1_155' title='bbox 546 1919 601 1982; x_wconf 92' lang='lat' dir='ltr'><strong>sub</strong></span> <span class='ocrx_word' id='word_1_156' title='bbox 617 1918 685 1982; x_wconf 89' lang='lat' dir='ltr'><strong>aliis</strong></span> <span class='ocrx_word' id='word_1_157' title='bbox 700 1919 989 2000; x_wconf 88' lang='lat' dir='ltr'><strong>transpositionibus</strong></span> <span class='ocrx_word' id='word_1_158' title='bbox 1006 1922 1164 1998; x_wconf 86' lang='lat' dir='ltr'><strong>occultavi,</strong></span> <span class='ocrx_word' id='word_1_159' title='bbox 1180 1942 1217 1985; x_wconf 92' lang='lat' dir='ltr'><strong>ne</strong></span> <span class='ocrx_word' id='word_1_160' title='bbox 1234 1924 1388 2007; x_wconf 88' lang='lat' dir='ltr'><strong>quisalius</strong></span> <span class='ocrx_word' id='word_1_161' title='bbox 1404 1925 1486 2005; x_wconf 88' lang='lat' dir='ltr'><strong>ejus-</strong></span> 
     </span>
     <span class='ocr_line' id='line_1_19' title="bbox 124 2005 1488 2089; baseline 0.007 -21"><span class='ocrx_word' id='word_1_162' title='bbox 124 2005 207 2068; x_wconf 91' lang='lat' dir='ltr'><strong>modi</strong></span> <span class='ocrx_word' id='word_1_163' title='bbox 230 2027 286 2070; x_wconf 92' lang='lat' dir='ltr'><strong>me</strong></span> <span class='ocrx_word' id='word_1_164' title='bbox 305 2006 379 2088; x_wconf 90' lang='lat' dir='ltr'><strong>joco</strong></span> <span class='ocrx_word' id='word_1_165' title='bbox 402 2007 690 2088; x_wconf 86' lang='lat' dir='ltr'><strong>seriodepecteret,</strong></span> <span class='ocrx_word' id='word_1_166' title='bbox 705 2007 746 2072; x_wconf 85' lang='lat' dir='ltr'><strong>&#39;ut</strong></span> <span class='ocrx_word' id='word_1_167' title='bbox 761 2027 817 2089; x_wconf 87' lang='lat' dir='ltr'><strong>ego</strong></span> <span class='ocrx_word' id='word_1_168' title='bbox 834 2016 882 2084; x_wconf 88' lang='lat' dir='ltr'><strong>te,</strong></span> <span class='ocrx_word' id='word_1_169' title='bbox 904 2016 958 2072; x_wconf 87' lang='lat' dir='ltr'><strong>eut</strong></span> <span class='ocrx_word' id='word_1_170' title='bbox 973 2029 1010 2072; x_wconf 92' lang='lat' dir='ltr'><strong>ne</strong></span> <span class='ocrx_word' id='word_1_171' title='bbox 1026 2011 1089 2077; x_wconf 89' lang='lat' dir='ltr'><strong>litis</strong></span> <span class='ocrx_word' id='word_1_172' title='bbox 1105 2010 1223 2076; x_wconf 88' lang='lat' dir='ltr'><strong>initium</strong></span> <span class='ocrx_word' id='word_1_173' title='bbox 1236 2014 1325 2076; x_wconf 87' lang='lat' dir='ltr'><strong>tieret</strong></span> <span class='ocrx_word' id='word_1_174' title='bbox 1344 2031 1392 2076; x_wconf 90' lang='lat' dir='ltr'><strong>me</strong></span> <span class='ocrx_word' id='word_1_175' title='bbox 1407 2015 1488 2078; x_wconf 92' lang='lat' dir='ltr'><strong>inter</strong></span> 
     </span>
     <span class='ocr_line' id='line_1_20' title="bbox 127 2097 1488 2178; baseline 0.007 -20"><span class='ocrx_word' id='word_1_176' title='bbox 127 2103 158 2158; x_wconf 90' lang='lat' dir='ltr'><strong>et</strong></span> <span class='ocrx_word' id='word_1_177' title='bbox 181 2097 293 2160; x_wconf 90' lang='lat' dir='ltr'><strong>dictos</strong></span> <span class='ocrx_word' id='word_1_178' title='bbox 316 2103 466 2159; x_wconf 89' lang='lat' dir='ltr'><strong>auctores.</strong></span> <span class='ocrx_word' id='word_1_179' title='bbox 510 2097 688 2178; x_wconf 84' lang='lat' dir='ltr'><strong>Exemplum</strong></span> <span class='ocrx_word' id='word_1_180' title='bbox 703 2117 764 2162; x_wconf 91' lang='lat' dir='ltr'><strong>non</strong></span> <span class='ocrx_word' id='word_1_181' title='bbox 778 2099 891 2174; x_wconf 90' lang='lat' dir='ltr'><strong>habeo,</strong></span> <span class='ocrx_word' id='word_1_182' title='bbox 914 2106 947 2162; x_wconf 89' lang='lat' dir='ltr'><strong>et</strong></span> <span class='ocrx_word' id='word_1_183' title='bbox 969 2099 994 2164; x_wconf 90' lang='lat' dir='ltr'><strong>si</strong></span> <span class='ocrx_word' id='word_1_184' title='bbox 1016 2100 1176 2177; x_wconf 87' lang='lat' dir='ltr'><strong>haberem,</strong></span> <span class='ocrx_word' id='word_1_185' title='bbox 1198 2104 1444 2166; x_wconf 90' lang='lat' dir='ltr'><strong>metuendumne</strong></span> <span class='ocrx_word' id='word_1_186' title='bbox 1461 2103 1488 2167; x_wconf 87' lang='lat' dir='ltr'><strong>si</strong></span> 
     </span>
     <span class='ocr_line' id='line_1_21' title="bbox 125 2185 1126 2270; baseline 0.005 -22"><span class='ocrx_word' id='word_1_187' title='bbox 125 2185 255 2248; x_wconf 87' lang='lat' dir='ltr'><strong>mittam</strong></span> <span class='ocrx_word' id='word_1_188' title='bbox 273 2193 308 2248; x_wconf 86' lang='lat' dir='ltr'><strong>tu</strong></span> <span class='ocrx_word' id='word_1_189' title='bbox 323 2186 396 2249; x_wconf 88' lang='lat' dir='ltr'><strong>milri</strong></span> <span class='ocrx_word' id='word_1_190' title='bbox 410 2186 499 2267; x_wconf 84' lang='lat' dir='ltr'><strong>paria</strong></span> <span class='ocrx_word' id='word_1_191' title='bbox 513 2187 638 2262; x_wconf 80' lang='lat' dir='ltr'><strong>referas,</strong></span> <span class='ocrx_word' id='word_1_192' title='bbox 653 2189 763 2270; x_wconf 89' lang='lat' dir='ltr'><strong>qnippe</strong></span> <span class='ocrx_word' id='word_1_193' title='bbox 779 2207 839 2250; x_wconf 92' lang='lat' dir='ltr'><strong>non</strong></span> <span class='ocrx_word' id='word_1_194' title='bbox 854 2187 952 2252; x_wconf 90' lang='lat' dir='ltr'><strong>minus</strong></span> <span class='ocrx_word' id='word_1_195' title='bbox 967 2189 1085 2253; x_wconf 85' lang='lat' dir='ltr'><strong>merito.</strong></span> <span class='ocrx_word' id='word_1_196' title='bbox 1118 2225 1126 2240; x_wconf 40' lang='grc' dir='ltr'>ι</span> 
     </span>
    </p>
   </div>
   <div class='ocr_carea' id='block_1_7' title="bbox 120 2339 1516 4918">
    <p class='ocr_par' dir='ltr' id='par_1_8' title="bbox 123 2339 1499 2772">
     <span class='ocr_line' id='line_1_22' title="bbox 192 2339 1499 2416; baseline 0.004 -18"><span class='ocrx_word' id='word_1_197' title='bbox 192 2345 247 2398; x_wconf 80' lang='lat' dir='ltr'><strong>His</strong></span> <span class='ocrx_word' id='word_1_198' title='bbox 263 2359 329 2412; x_wconf 90' lang='lat' dir='ltr'><strong>quae</strong></span> <span class='ocrx_word' id='word_1_199' title='bbox 343 2347 507 2398; x_wconf 86' lang='lat' dir='ltr'><strong>desumsimus</strong></span> <span class='ocrx_word' id='word_1_200' title='bbox 520 2361 533 2397; x_wconf 91' lang='lat' dir='ltr'><strong>e</strong></span> <span class='ocrx_word' id='word_1_201' title='bbox 546 2347 624 2398; x_wconf 86' lang='lat' dir='ltr'><strong>literis</strong></span> <span class='ocrx_word' id='word_1_202' title='bbox 634 2347 738 2412; x_wconf 84' lang='lat' dir='ltr'><strong>Kepleri</strong></span> <span class='ocrx_word' id='word_1_203' title='bbox 751 2347 899 2416; x_wconf 84' lang='lat' dir='ltr'><strong>sdPetrum</strong></span> <span class='ocrx_word' id='word_1_204' title='bbox 910 2339 1049 2415; x_wconf 82' lang='lat' dir='ltr'><strong>Gruger&#39;um</strong></span> <span class='ocrx_word' id='word_1_205' title='bbox 1060 2349 1251 2409; x_wconf 83' lang='lat' dir='ltr'><strong>Dentiscanum,</strong></span> <span class='ocrx_word' id='word_1_206' title='bbox 1265 2350 1332 2402; x_wconf 84' lang='lat' dir='ltr'><strong>datis</strong></span> <span class='ocrx_word' id='word_1_207' title='bbox 1345 2352 1369 2402; x_wconf 89' lang='lat' dir='ltr'><strong>d.</strong></span> <span class='ocrx_word' id='word_1_208' title='bbox 1378 2349 1421 2402; x_wconf 80' lang='lat'><strong>28.</strong></span> <span class='ocrx_word' id='word_1_209' title='bbox 1429 2352 1499 2403; x_wconf 62' lang='grc' dir='ltr'>ἤι’</span> 
     </span>
     <span class='ocr_line' id='line_1_23' title="bbox 125 2417 1486 2487; baseline 0.005 -19"><span class='ocrx_word' id='word_1_210' title='bbox 125 2417 203 2479; x_wconf 76' lang='lat'>1624.</span> <span class='ocrx_word' id='word_1_211' title='bbox 217 2421 289 2470; x_wconf 75' lang='lat' dir='ltr'><strong>haec</strong></span> <span class='ocrx_word' id='word_1_212' title='bbox 303 2419 419 2468; x_wconf 82' lang='lat' dir='ltr'><strong>addenda</strong></span> <span class='ocrx_word' id='word_1_213' title='bbox 431 2425 496 2469; x_wconf 85' lang='lat' dir='ltr'><strong>sunt.</strong></span> <span class='ocrx_word' id='word_1_214' title='bbox 517 2419 656 2483; x_wconf 85' lang='lat' dir='ltr'><strong>Respondit</strong></span> <span class='ocrx_word' id='word_1_215' title='bbox 663 2417 789 2483; x_wconf 85' lang='lat' dir='ltr'><strong>Keplerus</strong></span> <span class='ocrx_word' id='word_1_216' title='bbox 802 2419 924 2485; x_wconf 68' lang='lat' dir='ltr'><strong>(luigero,</strong></span> <span class='ocrx_word' id='word_1_217' title='bbox 941 2423 983 2486; x_wconf 91' lang='lat' dir='ltr'><strong>qui</strong></span> <span class='ocrx_word' id='word_1_218' title='bbox 995 2421 1131 2487; x_wconf 82' lang='lat' dir='ltr'><strong>Nagelium</strong></span> <span class='ocrx_word' id='word_1_219' title='bbox 1147 2423 1254 2472; x_wconf 82' lang='lat' dir='ltr'><strong>dixerat</strong></span> <span class='ocrx_word' id='word_1_220' title='bbox 1263 2423 1328 2473; x_wconf 90' lang='lat' dir='ltr'><strong>inter</strong></span> <span class='ocrx_word' id='word_1_221' title='bbox 1341 2429 1428 2484; x_wconf 79' lang='lat' dir='ltr'><strong>,rates</strong></span> <span class='ocrx_word' id='word_1_222' title='bbox 1440 2439 1486 2475; x_wconf 92' lang='lat' dir='ltr'><strong>nu·</strong></span> 
     </span>
     <span class='ocr_line' id='line_1_24' title="bbox 123 2489 1487 2558; baseline 0.001 -16"><span class='ocrx_word' id='word_1_223' title='bbox 123 2489 260 2542; x_wconf 75' lang='lat' dir='ltr'><strong>msrales⁸</strong></span> <span class='ocrx_word' id='word_1_224' title='bbox 276 2491 442 2555; x_wconf 88' lang='lat' dir='ltr'><strong>praecipuum</strong></span> <span class='ocrx_word' id='word_1_225' title='bbox 453 2489 615 2556; x_wconf 87' lang='lat' dir='ltr'><strong>Kepleroque</strong></span> <span class='ocrx_word' id='word_1_226' title='bbox 631 2493 809 2550; x_wconf 84' lang='lat' dir='ltr'><strong>nunciaverat,</strong></span> <span class='ocrx_word' id='word_1_227' title='bbox 829 2507 856 2542; x_wconf 89' lang='lat' dir='ltr'><strong>se</strong></span> <span class='ocrx_word' id='word_1_228' title='bbox 868 2489 970 2556; x_wconf 79' lang='lat' dir='ltr'><strong>Nagelii</strong></span> <span class='ocrx_word' id='word_1_229' title='bbox 989 2507 1084 2543; x_wconf 87' lang='lat' dir='ltr'><strong>errores</strong></span> <span class='ocrx_word' id='word_1_230' title='bbox 1102 2494 1201 2558; x_wconf 87' lang='lat' dir='ltr'><strong>publice</strong></span> <span class='ocrx_word' id='word_1_231' title='bbox 1219 2495 1377 2558; x_wconf 79' lang='lat' dir='ltr'><strong>increpuisse.</strong></span> <span class='ocrx_word' id='word_1_232' title='bbox 1414 2492 1487 2555; x_wconf 79' lang='lat' dir='ltr'><strong>Quod</strong></span> 
     </span>
     <span class='ocr_line' id='line_1_25' title="bbox 125 2561 1487 2632; baseline 0.002 -19"><span class='ocrx_word' id='word_1_233' title='bbox 125 2577 181 2613; x_wconf 84' lang='lat' dir='ltr'><strong>cum</strong></span> <span class='ocrx_word' id='word_1_234' title='bbox 192 2563 316 2628; x_wconf 80' lang='lat' dir='ltr'><strong>Keplero</strong></span> <span class='ocrx_word' id='word_1_235' title='bbox 327 2563 410 2611; x_wconf 80' lang='lat' dir='ltr'><strong>minut</strong></span> <span class='ocrx_word' id='word_1_236' title='bbox 427 2562 576 2626; x_wconf 80' lang='lat' dir='ltr'><strong>placuisset,</strong></span> <span class='ocrx_word' id='word_1_237' title='bbox 597 2576 654 2612; x_wconf 91' lang='lat' dir='ltr'><strong>cum</strong></span> <span class='ocrx_word' id='word_1_238' title='bbox 666 2561 802 2627; x_wconf 85' lang='lat' dir='ltr'><strong>Nagelinm</strong></span> <span class='ocrx_word' id='word_1_239' title='bbox 821 2578 870 2613; x_wconf 91' lang='lat' dir='ltr'><strong>non</strong></span> <span class='ocrx_word' id='word_1_240' title='bbox 882 2563 985 2627; x_wconf 85' lang='lat' dir='ltr'><strong>dignum</strong></span> <span class='ocrx_word' id='word_1_241' title='bbox 997 2571 1111 2615; x_wconf 88' lang='lat' dir='ltr'><strong>censeret</strong></span> <span class='ocrx_word' id='word_1_242' title='bbox 1121 2566 1291 2629; x_wconf 86' lang='lat' dir='ltr'><strong>responsione,</strong></span> <span class='ocrx_word' id='word_1_243' title='bbox 1310 2572 1336 2616; x_wconf 90' lang='lat' dir='ltr'><strong>et</strong></span> <span class='ocrx_word' id='word_1_244' title='bbox 1348 2565 1487 2632; x_wconf 75' lang='lat' dir='ltr'><strong>(ludgerum</strong></span> 
     </span>
     <span class='ocr_line' id='line_1_26' title="bbox 125 2631 1486 2704; baseline 0.003 -20"><span class='ocrx_word' id='word_1_245' title='bbox 125 2635 308 2701; x_wconf 71' lang='lat' dir='ltr'><strong>mampulsset,</strong></span> <span class='ocrx_word' id='word_1_246' title='bbox 322 2635 364 2698; x_wconf 91' lang='lat' dir='ltr'><strong>qui</strong></span> <span class='ocrx_word' id='word_1_247' title='bbox 376 2647 404 2682; x_wconf 87' lang='lat' dir='ltr'><strong>se</strong></span> <span class='ocrx_word' id='word_1_248' title='bbox 415 2635 442 2684; x_wconf 91' lang='lat' dir='ltr'><strong>in</strong></span> <span class='ocrx_word' id='word_1_249' title='bbox 453 2641 581 2684; x_wconf 89' lang='lat' dir='ltr'><strong>certamen</strong></span> <span class='ocrx_word' id='word_1_250' title='bbox 590 2631 846 2694; x_wconf 87' lang='lat' dir='ltr'><strong>·‚,lutulentissimum“</strong></span> <span class='ocrx_word' id='word_1_251' title='bbox 860 2634 987 2684; x_wconf 87' lang='lat' dir='ltr'><strong>demiserit</strong></span> <span class='ocrx_word' id='word_1_252' title='bbox 997 2636 1129 2702; x_wconf 77' lang='lat' dir='ltr'><strong>negligens</strong></span> <span class='ocrx_word' id='word_1_253' title='bbox 1142 2637 1226 2686; x_wconf 82' lang='lat' dir='ltr'><strong>ismae</strong></span> <span class='ocrx_word' id='word_1_254' title='bbox 1240 2635 1383 2704; x_wconf 88' lang='lat' dir='ltr'><strong>decorisque</strong></span> <span class='ocrx_word' id='word_1_255' title='bbox 1397 2640 1442 2697; x_wconf 86' lang='lat' dir='ltr'><strong>eui,</strong></span> <span class='ocrx_word' id='word_1_256' title='bbox 1459 2639 1486 2688; x_wconf 91' lang='lat' dir='ltr'><strong>in</strong></span> 
     </span>
     <span class='ocr_line' id='line_1_27' title="bbox 126 2704 1015 2772; baseline -0.001 -15"><span class='ocrx_word' id='word_1_257' title='bbox 126 2708 292 2772; x_wconf 86' lang='lat' dir='ltr'><strong>responsione</strong></span> <span class='ocrx_word' id='word_1_258' title='bbox 306 2720 354 2756; x_wconf 87' lang='lat' dir='ltr'><strong>sua</strong></span> <span class='ocrx_word' id='word_1_259' title='bbox 362 2709 451 2768; x_wconf 82' lang='lat' dir='ltr'><strong>J&#39;ocsue</strong></span> <span class='ocrx_word' id='word_1_260' title='bbox 462 2708 543 2764; x_wconf 88' lang='lat' dir='ltr'><strong>timet,</strong></span> <span class='ocrx_word' id='word_1_261' title='bbox 555 2721 588 2756; x_wconf 90' lang='lat' dir='ltr'><strong>ne</strong></span> <span class='ocrx_word' id='word_1_262' title='bbox 601 2704 727 2771; x_wconf 84' lang='lat' dir='ltr'><strong>Griigerus</strong></span> <span class='ocrx_word' id='word_1_263' title='bbox 738 2707 785 2770; x_wconf 88' lang='lat' dir='ltr'><strong>ipsi</strong></span> <span class='ocrx_word' id='word_1_264' title='bbox 797 2707 885 2770; x_wconf 85' lang='lat' dir='ltr'><strong>„paria</strong></span> <span class='ocrx_word' id='word_1_265' title='bbox 895 2704 1015 2757; x_wconf 84' lang='lat' dir='ltr'><strong>reierat.“</strong></span> 
     </span>
    </p>

    <p class='ocr_par' dir='ltr' id='par_1_9' title="bbox 195 2775 1478 2841">
     <span class='ocr_line' id='line_1_28' title="bbox 195 2775 1478 2841; baseline -0.003 -12"><span class='ocrx_word' id='word_1_266' title='bbox 195 2778 304 2829; x_wconf 73' lang='lat' dir='ltr'><strong>Verba:</strong></span> <span class='ocrx_word' id='word_1_267' title='bbox 323 2775 476 2828; x_wconf 76' lang='lat' dir='ltr'><strong>Paulhab&#39;eri</strong></span> <span class='ocrx_word' id='word_1_268' title='bbox 488 2777 581 2828; x_wconf 86' lang='lat' dir='ltr'><strong>similes</strong></span> <span class='ocrx_word' id='word_1_269' title='bbox 593 2775 639 2827; x_wconf 80' lang='lat' dir='ltr'><strong>lte.</strong></span> <span class='ocrx_word' id='word_1_270' title='bbox 651 2779 691 2827; x_wconf 87' lang='lat' dir='ltr'><strong>his</strong></span> <span class='ocrx_word' id='word_1_271' title='bbox 704 2777 866 2841; x_wconf 86' lang='lat' dir='ltr'><strong>explicentur.</strong></span> <span class='ocrx_word' id='word_1_272' title='bbox 1016 2780 1020 2799; x_wconf 74' lang='grc'><strong>“</strong></span> <span class='ocrx_word' id='word_1_273' title='bbox 1472 2797 1478 2806; x_wconf 89' lang='grc'><em>·</em></span> 
     </span>
    </p>

    <p class='ocr_par' dir='ltr' id='par_1_10' title="bbox 120 2846 1516 4918">
     <span class='ocr_line' id='line_1_29' title="bbox 195 2846 1474 2902; baseline 0 -1"><span class='ocrx_word' id='word_1_274' title='bbox 195 2849 315 2901; x_wconf 76' lang='lat' dir='ltr'><strong>ioannes</strong></span> <span class='ocrx_word' id='word_1_275' title='bbox 333 2846 506 2899; x_wconf 79' lang='lat' dir='ltr'><strong>Faulhaberus</strong></span> <span class='ocrx_word' id='word_1_276' title='bbox 524 2848 650 2900; x_wconf 86' lang='lat' dir='ltr'><strong>Ulmensis</strong></span> <span class='ocrx_word' id='word_1_277' title='bbox 668 2849 861 2900; x_wconf 81' lang='lat' dir='ltr'><strong>mathematicus</strong></span> <span class='ocrx_word' id='word_1_278' title='bbox 881 2855 913 2900; x_wconf 75' lang='lat' dir='ltr'><strong>et¹</strong></span> <span class='ocrx_word' id='word_1_279' title='bbox 925 2853 1036 2898; x_wconf 86' lang='lat' dir='ltr'><strong>metator</strong></span> <span class='ocrx_word' id='word_1_280' title='bbox 1053 2849 1121 2899; x_wconf 90' lang='lat' dir='ltr'><strong>initio</strong></span> <span class='ocrx_word' id='word_1_281' title='bbox 1140 2863 1190 2901; x_wconf 90' lang='lat' dir='ltr'><strong>sec.</strong></span> <span class='ocrx_word' id='word_1_282' title='bbox 1208 2849 1288 2900; x_wconf 85' lang='lat' dir='ltr'><strong>xvn.</strong></span> <span class='ocrx_word' id='word_1_283' title='bbox 1308 2849 1389 2901; x_wconf 87' lang='lat' dir='ltr'><strong>multa</strong></span> <span class='ocrx_word' id='word_1_284' title='bbox 1406 2851 1474 2902; x_wconf 89' lang='lat' dir='ltr'><strong>edidi</strong></span> 
     </span>
     <span class='ocr_line' id='line_1_30' title="bbox 128 2915 1486 2986; baseline 0 -13"><span class='ocrx_word' id='word_1_285' title='bbox 128 2923 319 2974; x_wconf 82' lang='lat' dir='ltr'><strong>mathematica</strong></span> <span class='ocrx_word' id='word_1_286' title='bbox 330 2927 357 2969; x_wconf 90' lang='lat' dir='ltr'><strong>et</strong></span> <span class='ocrx_word' id='word_1_287' title='bbox 368 2919 517 2970; x_wconf 85' lang='lat' dir='ltr'><strong>mechanica</strong></span> <span class='ocrx_word' id='word_1_288' title='bbox 529 2921 630 2984; x_wconf 80' lang='lat' dir='ltr'><strong>scripta,</strong></span> <span class='ocrx_word' id='word_1_289' title='bbox 644 2922 772 2986; x_wconf 88' lang='lat' dir='ltr'><strong>inquibus</strong></span> <span class='ocrx_word' id='word_1_290' title='bbox 789 2928 869 2970; x_wconf 88' lang='lat' dir='ltr'><strong>artem</strong></span> <span class='ocrx_word' id='word_1_291' title='bbox 885 2915 1039 2983; x_wconf 81' lang='lat' dir='ltr'><strong>analyticam</strong></span> <span class='ocrx_word' id='word_1_292' title='bbox 1053 2933 1262 2986; x_wconf 84' lang='lat' dir='ltr'><strong>numerorumque</strong></span> <span class='ocrx_word' id='word_1_293' title='bbox 1279 2921 1486 2974; x_wconf 83' lang='lat' dir='ltr'><strong>combinationem</strong></span> 
     </span>
     <span class='ocr_line' id='line_1_31' title="bbox 127 2988 1485 3060; baseline 0 -16"><span class='ocrx_word' id='word_1_294' title='bbox 127 2995 214 3046; x_wconf 87' lang='lat' dir='ltr'><strong>multis</strong></span> <span class='ocrx_word' id='word_1_295' title='bbox 226 2993 372 3044; x_wconf 84' lang='lat' dir='ltr'><strong>nominibus</strong></span> <span class='ocrx_word' id='word_1_296' title='bbox 385 2991 493 3042; x_wconf 88' lang='lat' dir='ltr'><strong>excoluit</strong></span> <span class='ocrx_word' id='word_1_297' title='bbox 506 2988 594 3056; x_wconf 90' lang='lat' dir='ltr'><strong>(comp.</strong></span> <span class='ocrx_word' id='word_1_298' title='bbox 607 2992 745 3043; x_wconf 85' lang='lat' dir='ltr'><strong>Keestneri</strong></span> <span class='ocrx_word' id='word_1_299' title='bbox 755 2991 822 3042; x_wconf 88' lang='lat' dir='ltr'><strong>Hist.</strong></span> <span class='ocrx_word' id='word_1_300' title='bbox 835 2991 915 3042; x_wconf 80' lang='lat' dir='ltr'><strong>Man.</strong></span> <span class='ocrx_word' id='word_1_301' title='bbox 929 2991 977 3052; x_wconf 58' lang='grc' dir='ltr'><strong>ΗΕ</strong></span> <span class='ocrx_word' id='word_1_302' title='bbox 986 2991 1021 3042; x_wconf 88' lang='grc'><strong>29</strong></span> <span class='ocrx_word' id='word_1_303' title='bbox 1031 2989 1083 3056; x_wconf 81' lang='lat' dir='ltr'><strong>ss).</strong></span> <span class='ocrx_word' id='word_1_304' title='bbox 1114 2992 1198 3060; x_wconf 85' lang='lat' dir='ltr'><strong>Multa</strong></span> <span class='ocrx_word' id='word_1_305' title='bbox 1213 3007 1271 3044; x_wconf 89' lang='lat' dir='ltr'><strong>rerc</strong></span> <span class='ocrx_word' id='word_1_306' title='bbox 1289 3007 1374 3044; x_wconf 90' lang='lat' dir='ltr'><strong>eorum</strong></span> <span class='ocrx_word' id='word_1_307' title='bbox 1389 3009 1485 3045; x_wconf 86' lang='lat' dir='ltr'><strong>merum</strong></span> 
     </span>
     <span class='ocr_line' id='line_1_32' title="bbox 126 3063 1487 3131; baseline 0.001 -16"><span class='ocrx_word' id='word_1_308' title='bbox 126 3065 250 3117; x_wconf 72' lang='lat' dir='ltr'><strong>esurirent</strong></span> <span class='ocrx_word' id='word_1_309' title='bbox 258 3077 419 3115; x_wconf 86' lang='lat' dir='ltr'><strong>numerorum</strong></span> <span class='ocrx_word' id='word_1_310' title='bbox 428 3063 517 3122; x_wconf 87' lang='lat' dir='ltr'><strong>lusum,</strong></span> <span class='ocrx_word' id='word_1_311' title='bbox 530 3065 602 3128; x_wconf 88' lang='lat' dir='ltr'><strong>eique</strong></span> <span class='ocrx_word' id='word_1_312' title='bbox 616 3077 672 3114; x_wconf 90' lang='lat' dir='ltr'><strong>cum</strong></span> <span class='ocrx_word' id='word_1_313' title='bbox 683 3065 757 3114; x_wconf 88' lang='lat' dir='ltr'><strong>nimie</strong></span> <span class='ocrx_word' id='word_1_314' title='bbox 768 3064 910 3130; x_wconf 76' lang='lat' dir='ltr'><strong>indulgeret</strong></span> <span class='ocrx_word' id='word_1_315' title='bbox 922 3070 949 3113; x_wconf 91' lang='lat' dir='ltr'><strong>et</strong></span> <span class='ocrx_word' id='word_1_316' title='bbox 960 3077 1018 3114; x_wconf 91' lang='lat' dir='ltr'><strong>enm</strong></span> <span class='ocrx_word' id='word_1_317' title='bbox 1030 3065 1063 3115; x_wconf 87' lang='lat' dir='ltr'><strong>sd</strong></span> <span class='ocrx_word' id='word_1_318' title='bbox 1075 3067 1252 3115; x_wconf 82' lang='lat' dir='ltr'><strong>astronomiam</strong></span> <span class='ocrx_word' id='word_1_319' title='bbox 1263 3071 1291 3115; x_wconf 89' lang='lat' dir='ltr'><strong>et</strong></span> <span class='ocrx_word' id='word_1_320' title='bbox 1303 3064 1487 3131; x_wconf 82' lang='lat' dir='ltr'><strong>chronologiam</strong></span> 
     </span>
     <span class='ocr_line' id='line_1_33' title="bbox 126 3133 1516 3202; baseline 0.001 -14"><span class='ocrx_word' id='word_1_321' title='bbox 126 3139 271 3195; x_wconf 79' lang='lat' dir='ltr'><strong>adhiberet,</strong></span> <span class='ocrx_word' id='word_1_322' title='bbox 284 3137 322 3186; x_wconf 86' lang='lat' dir='ltr'><strong>ita</strong></span> <span class='ocrx_word' id='word_1_323' title='bbox 330 3141 361 3184; x_wconf 86' lang='lat' dir='ltr'><strong>nt</strong></span> <span class='ocrx_word' id='word_1_324' title='bbox 373 3133 431 3184; x_wconf 89' lang='lat' dir='ltr'><strong>inde</strong></span> <span class='ocrx_word' id='word_1_325' title='bbox 439 3135 472 3184; x_wconf 86' lang='lat' dir='ltr'><strong>sd</strong></span> <span class='ocrx_word' id='word_1_326' title='bbox 482 3135 612 3185; x_wconf 84' lang='lat' dir='ltr'><strong>cabbalem</strong></span> <span class='ocrx_word' id='word_1_327' title='bbox 622 3140 648 3185; x_wconf 88' lang='lat' dir='ltr'><strong>et</strong></span> <span class='ocrx_word' id='word_1_328' title='bbox 656 3149 772 3186; x_wconf 88' lang='lat' dir='ltr'><strong>numeros</strong></span> <span class='ocrx_word' id='word_1_329' title='bbox 782 3134 1044 3186; x_wconf 85' lang='lat' dir='ltr'><strong>literarumsacrarum</strong></span> <span class='ocrx_word' id='word_1_330' title='bbox 1051 3139 1169 3199; x_wconf 86' lang='lat' dir='ltr'><strong>mysticos</strong></span> <span class='ocrx_word' id='word_1_331' title='bbox 1180 3140 1300 3188; x_wconf 86' lang='lat' dir='ltr'><strong>transiret</strong></span> <span class='ocrx_word' id='word_1_332' title='bbox 1313 3143 1486 3202; x_wconf 81' lang='lat' dir='ltr'><strong>semotamque</strong></span> <span class='ocrx_word' id='word_1_333' title='bbox 1513 3181 1516 3190; x_wconf 84' lang='lat'><em>.</em></span> 
     </span>
     <span class='ocr_line' id='line_1_34' title="bbox 126 3205 1486 3273; baseline -0.001 -13"><span class='ocrx_word' id='word_1_334' title='bbox 126 3211 187 3260; x_wconf 85' lang='lat' dir='ltr'><strong>suni</strong></span> <span class='ocrx_word' id='word_1_335' title='bbox 202 3208 282 3260; x_wconf 88' lang='grc'>1618.</span> <span class='ocrx_word' id='word_1_336' title='bbox 298 3207 331 3257; x_wconf 88' lang='lat' dir='ltr'><strong>ad</strong></span> <span class='ocrx_word' id='word_1_337' title='bbox 342 3207 398 3256; x_wconf 86' lang='lat' dir='ltr'><strong>illos</strong></span> <span class='ocrx_word' id='word_1_338' title='bbox 410 3206 515 3256; x_wconf 79' lang='lat' dir='ltr'><strong>referret</strong></span> <span class='ocrx_word' id='word_1_339' title='bbox 527 3205 588 3265; x_wconf 80' lang='lat' dir='ltr'><strong>dic,</strong></span> <span class='ocrx_word' id='word_1_340' title='bbox 607 3209 676 3259; x_wconf 85' lang='lat' dir='ltr'><strong>haud</strong></span> <span class='ocrx_word' id='word_1_341' title='bbox 688 3209 777 3257; x_wconf 89' lang='lat' dir='ltr'><strong>mirum</strong></span> <span class='ocrx_word' id='word_1_342' title='bbox 788 3208 899 3267; x_wconf 87' lang='lat' dir='ltr'><strong>videtur,</strong></span> <span class='ocrx_word' id='word_1_343' title='bbox 919 3207 1013 3272; x_wconf 89' lang='lat' dir='ltr'><strong>passim</strong></span> <span class='ocrx_word' id='word_1_344' title='bbox 1025 3207 1210 3258; x_wconf 82' lang='lat' dir='ltr'><strong>Faullraberum</strong></span> <span class='ocrx_word' id='word_1_345' title='bbox 1227 3210 1325 3273; x_wconf 88' lang='lat' dir='ltr'><strong>scriptis</strong></span> <span class='ocrx_word' id='word_1_346' title='bbox 1342 3209 1446 3272; x_wconf 90' lang='lat' dir='ltr'><strong>publicis</strong></span> <span class='ocrx_word' id='word_1_347' title='bbox 1459 3213 1486 3258; x_wconf 91' lang='lat' dir='ltr'><strong>et</strong></span> 
     </span>
     <span class='ocr_line' id='line_1_35' title="bbox 125 3276 1483 3348; baseline 0 -18"><span class='ocrx_word' id='word_1_348' title='bbox 125 3282 233 3345; x_wconf 82' lang='lat' dir='ltr'><strong>privatis</strong></span> <span class='ocrx_word' id='word_1_349' title='bbox 252 3279 418 3329; x_wconf 88' lang='lat' dir='ltr'><strong>vehementer</strong></span> <span class='ocrx_word' id='word_1_350' title='bbox 435 3279 593 3342; x_wconf 85' lang='lat' dir='ltr'><strong>reprobatum</strong></span> <span class='ocrx_word' id='word_1_351' title='bbox 613 3284 639 3328; x_wconf 88' lang='lat' dir='ltr'><strong>et</strong></span> <span class='ocrx_word' id='word_1_352' title='bbox 661 3285 779 3329; x_wconf 81' lang='lat' dir='ltr'><strong>vexatum</strong></span> <span class='ocrx_word' id='word_1_353' title='bbox 798 3293 862 3330; x_wconf 88' lang='lat' dir='ltr'><strong>esse.</strong></span> <span class='ocrx_word' id='word_1_354' title='bbox 893 3279 923 3328; x_wconf 91' lang='lat' dir='ltr'><strong>In</strong></span> <span class='ocrx_word' id='word_1_355' title='bbox 939 3276 1178 3348; x_wconf 32' lang='lat' dir='ltr'><strong>Calendario&#39;ldl&#39;l.</strong></span> <span class='ocrx_word' id='word_1_356' title='bbox 1196 3281 1373 3344; x_wconf 82' lang='lat' dir='ltr'><strong>pronunciasse</strong></span> <span class='ocrx_word' id='word_1_357' title='bbox 1386 3295 1413 3330; x_wconf 88' lang='lat' dir='ltr'><strong>se</strong></span> <span class='ocrx_word' id='word_1_358' title='bbox 1426 3295 1483 3330; x_wconf 90' lang='lat' dir='ltr'><strong>ccu-</strong></span> 
     </span>
     <span class='ocr_line' id='line_1_36' title="bbox 126 3351 1485 3417; baseline 0 -14"><span class='ocrx_word' id='word_1_359' title='bbox 126 3355 210 3404; x_wconf 84' lang='lat' dir='ltr'><strong>tendit</strong></span> <span class='ocrx_word' id='word_1_360' title='bbox 222 3357 350 3402; x_wconf 85' lang='lat' dir='ltr'><strong>cometam</strong></span> <span class='ocrx_word' id='word_1_361' title='bbox 366 3353 392 3400; x_wconf 90' lang='lat' dir='ltr'><strong>in</strong></span> <span class='ocrx_word' id='word_1_362' title='bbox 405 3355 565 3414; x_wconf 86' lang='lat' dir='ltr'><strong>conspectum</strong></span> <span class='ocrx_word' id='word_1_363' title='bbox 576 3355 721 3409; x_wconf 84' lang='lat' dir='ltr'><strong>venturum,</strong></span> <span class='ocrx_word' id='word_1_364' title='bbox 741 3351 836 3415; x_wconf 89' lang='lat' dir='ltr'><strong>sibique</strong></span> <span class='ocrx_word' id='word_1_365' title='bbox 850 3351 954 3416; x_wconf 86' lang='lat' dir='ltr'><strong>gloriam</strong></span> <span class='ocrx_word' id='word_1_366' title='bbox 965 3351 1039 3413; x_wconf 78' lang='lat' dir='ltr'><strong>hujus</strong></span> <span class='ocrx_word' id='word_1_367' title='bbox 1051 3351 1181 3401; x_wconf 83' lang='lat' dir='ltr'><strong>mirandae</strong></span> <span class='ocrx_word' id='word_1_368' title='bbox 1197 3352 1388 3415; x_wconf 80' lang='lat' dir='ltr'><strong>praedictionis,</strong></span> <span class='ocrx_word' id='word_1_369' title='bbox 1408 3364 1485 3417; x_wconf 83' lang='lat' dir='ltr'><strong>quam</strong></span> 
     </span>
     <span class='ocr_line' id='line_1_37' title="bbox 127 3419 1484 3487; baseline 0.001 -13"><span class='ocrx_word' id='word_1_370' title='bbox 127 3427 162 3474; x_wconf 74' lang='lat' dir='ltr'><strong>ex&#39;</strong></span> <span class='ocrx_word' id='word_1_371' title='bbox 174 3437 284 3474; x_wconf 89' lang='lat' dir='ltr'><strong>numero</strong></span> <span class='ocrx_word' id='word_1_372' title='bbox 304 3420 484 3486; x_wconf 78' lang='lat' dir='ltr'><strong>Apocalyptico</strong></span> <span class='ocrx_word' id='word_1_373' title='bbox 506 3419 559 3472; x_wconf 88' lang='grc'><strong>666</strong></span> <span class='ocrx_word' id='word_1_374' title='bbox 576 3428 603 3471; x_wconf 91' lang='lat' dir='ltr'><strong>et</strong></span> <span class='ocrx_word' id='word_1_375' title='bbox 621 3423 718 3472; x_wconf 84' lang='lat' dir='ltr'><strong>calculo</strong></span> <span class='ocrx_word' id='word_1_376' title='bbox 733 3423 842 3471; x_wconf 90' lang='lat' dir='ltr'><strong>numeris</strong></span> <span class='ocrx_word' id='word_1_377' title='bbox 860 3421 1050 3487; x_wconf 79' lang='lat' dir='ltr'><strong>polygonalibus</strong></span> <span class='ocrx_word' id='word_1_378' title='bbox 1075 3423 1188 3472; x_wconf 89' lang='lat' dir='ltr'><strong>absoluto</strong></span> <span class='ocrx_word' id='word_1_379' title='bbox 1212 3421 1357 3482; x_wconf 79' lang='lat' dir='ltr'><strong>deduxerit,</strong></span> <span class='ocrx_word' id='word_1_380' title='bbox 1384 3435 1484 3475; x_wconf 73' lang='lat' dir='ltr'><strong>servam</strong></span> 
     </span>
     <span class='ocr_line' id='line_1_38' title="bbox 127 3491 1482 3559; baseline -0.002 -11"><span class='ocrx_word' id='word_1_381' title='bbox 127 3496 228 3548; x_wconf 81' lang='lat' dir='ltr'><strong>studuit</strong></span> <span class='ocrx_word' id='word_1_382' title='bbox 247 3497 279 3544; x_wconf 81' lang='lat' dir='ltr'><strong>iu</strong></span> <span class='ocrx_word' id='word_1_383' title='bbox 293 3493 369 3552; x_wconf 93' lang='lat' dir='ltr'><strong>libro,</strong></span> <span class='ocrx_word' id='word_1_384' title='bbox 389 3507 463 3557; x_wconf 91' lang='lat' dir='ltr'><strong>quem</strong></span> <span class='ocrx_word' id='word_1_385' title='bbox 481 3493 606 3556; x_wconf 88' lang='lat' dir='ltr'><strong>inscripsit</strong></span> <span class='ocrx_word' id='word_1_386' title='bbox 626 3494 722 3554; x_wconf 80' lang='lat' dir='ltr'><strong>,Fama</strong></span> <span class='ocrx_word' id='word_1_387' title='bbox 741 3493 839 3544; x_wconf 86' lang='lat' dir='ltr'><strong>siderea</strong></span> <span class='ocrx_word' id='word_1_388' title='bbox 856 3506 920 3542; x_wconf 75' lang='lat' dir='ltr'><strong>nova</strong></span> <span class='ocrx_word' id='word_1_389' title='bbox 939 3491 1001 3542; x_wconf 77' lang='lat' dir='ltr'><strong>&amp;c.“</strong></span> <span class='ocrx_word' id='word_1_390' title='bbox 1045 3492 1233 3559; x_wconf 85' lang='lat' dir='ltr'><strong>Reutlingensls</strong></span> <span class='ocrx_word' id='word_1_391' title='bbox 1253 3494 1403 3559; x_wconf 67' lang='lat' dir='ltr'><strong>aencphilua</strong></span> <span class='ocrx_word' id='word_1_392' title='bbox 1414 3494 1482 3545; x_wconf 83' lang='lat' dir='ltr'><strong>llas·</strong></span> 
     </span>
     <span class='ocr_line' id='line_1_39' title="bbox 126 3563 1486 3636; baseline 0.001 -19"><span class='ocrx_word' id='word_1_393' title='bbox 126 3569 220 3619; x_wconf 75' lang='lat' dir='ltr'><strong>thaeus</strong></span> <span class='ocrx_word' id='word_1_394' title='bbox 240 3565 327 3630; x_wconf 83' lang='lat' dir='ltr'><strong>Beger</strong></span> <span class='ocrx_word' id='word_1_395' title='bbox 351 3579 427 3628; x_wconf 88' lang='lat' dir='ltr'><strong>quum</strong></span> <span class='ocrx_word' id='word_1_396' title='bbox 450 3563 614 3615; x_wconf 81' lang='lat' dir='ltr'><strong>Meestlinum</strong></span> <span class='ocrx_word' id='word_1_397' title='bbox 640 3565 745 3614; x_wconf 88' lang='lat' dir='ltr'><strong>adiisset</strong></span> <span class='ocrx_word' id='word_1_398' title='bbox 767 3577 855 3614; x_wconf 87' lang='lat' dir='ltr'><strong>mense</strong></span> <span class='ocrx_word' id='word_1_399' title='bbox 880 3563 996 3636; x_wconf 83' lang='lat' dir='ltr'><strong>Augusto</strong></span> <span class='ocrx_word' id='word_1_400' title='bbox 1018 3564 1135 3616; x_wconf 81' lang='lat' dir='ltr'><strong>hortmte</strong></span> <span class='ocrx_word' id='word_1_401' title='bbox 1151 3565 1321 3625; x_wconf 81' lang='lat' dir='ltr'><strong>Faullrabero,</strong></span> <span class='ocrx_word' id='word_1_402' title='bbox 1346 3571 1377 3616; x_wconf 91' lang='lat' dir='ltr'><strong>ut</strong></span> <span class='ocrx_word' id='word_1_403' title='bbox 1395 3567 1486 3618; x_wconf 88' lang='lat' dir='ltr'><strong>certior</strong></span> 
     </span>
     <span class='ocr_line' id='line_1_40' title="bbox 125 3633 1483 3701; baseline -0.002 -12"><span class='ocrx_word' id='word_1_404' title='bbox 125 3640 202 3691; x_wconf 85' lang='lat' dir='ltr'><strong>fieret</strong></span> <span class='ocrx_word' id='word_1_405' title='bbox 220 3638 253 3688; x_wconf 90' lang='lat' dir='ltr'><strong>de</strong></span> <span class='ocrx_word' id='word_1_406' title='bbox 272 3633 386 3695; x_wconf 85' lang='lat' dir='ltr'><strong>cor&#39;neta&#39;,</strong></span> <span class='ocrx_word' id='word_1_407' title='bbox 406 3637 539 3700; x_wconf 84' lang='lat' dir='ltr'><strong>comperit,</strong></span> <span class='ocrx_word' id='word_1_408' title='bbox 559 3651 616 3686; x_wconf 88' lang='lat' dir='ltr'><strong>eum</strong></span> <span class='ocrx_word' id='word_1_409' title='bbox 633 3635 766 3687; x_wconf 83' lang='lat' dir='ltr'><strong>Novembri</strong></span> <span class='ocrx_word' id='word_1_410' title='bbox 782 3636 882 3687; x_wconf 85' lang='lat' dir='ltr'><strong>demum</strong></span> <span class='ocrx_word' id='word_1_411' title='bbox 895 3635 1025 3701; x_wconf 84' lang='lat' dir='ltr'><strong>Tubingae</strong></span> <span class='ocrx_word' id='word_1_412' title='bbox 1043 3642 1203 3701; x_wconf 88' lang='lat' dir='ltr'><strong>conspectum</strong></span> <span class='ocrx_word' id='word_1_413' title='bbox 1220 3651 1285 3688; x_wconf 86' lang='lat' dir='ltr'><strong>esse.</strong></span> <span class='ocrx_word' id='word_1_414' title='bbox 1326 3635 1381 3698; x_wconf 82' lang='lat' dir='ltr'><strong>Quo</strong></span> <span class='ocrx_word' id='word_1_415' title='bbox 1393 3640 1483 3690; x_wconf 88' lang='lat' dir='ltr'><strong>nuncio</strong></span> 
     </span>
     <span class='ocr_line' id='line_1_41' title="bbox 126 3706 1482 3774; baseline -0.001 -12"><span class='ocrx_word' id='word_1_416' title='bbox 126 3719 211 3762; x_wconf 87' lang='lat' dir='ltr'><strong>motus</strong></span> <span class='ocrx_word' id='word_1_417' title='bbox 223 3710 341 3774; x_wconf 86' lang='lat' dir='ltr'><strong>Begerus</strong></span> <span class='ocrx_word' id='word_1_418' title='bbox 350 3707 501 3759; x_wconf 80' lang='lat' dir='ltr'><strong>Faulhaberl</strong></span> <span class='ocrx_word' id='word_1_419' title='bbox 514 3717 633 3758; x_wconf 74' lang='lat' dir='ltr'><strong>arcam</strong></span> <span class='ocrx_word' id='word_1_420' title='bbox 645 3709 776 3758; x_wconf 86' lang='lat' dir='ltr'><strong>scientiam</strong></span> <span class='ocrx_word' id='word_1_421' title='bbox 787 3708 891 3757; x_wconf 89' lang='lat' dir='ltr'><strong>maximi</strong></span> <span class='ocrx_word' id='word_1_422' title='bbox 903 3708 965 3756; x_wconf 87' lang='lat' dir='ltr'><strong>iecit</strong></span> <span class='ocrx_word' id='word_1_423' title='bbox 976 3707 1002 3756; x_wconf 92' lang='lat' dir='ltr'><strong>in</strong></span> <span class='ocrx_word' id='word_1_424' title='bbox 1013 3706 1097 3757; x_wconf 90' lang='lat' dir='ltr'><strong>libello</strong></span> <span class='ocrx_word' id='word_1_425' title='bbox 1109 3709 1238 3774; x_wconf 72' lang='lat' dir='ltr'><strong>inscriptos</strong></span> <span class='ocrx_word' id='word_1_426' title='bbox 1257 3708 1390 3760; x_wconf 81' lang='lat' dir='ltr'><strong>Probiana</strong></span> <span class='ocrx_word' id='word_1_427' title='bbox 1402 3717 1482 3761; x_wconf 85' lang='lat' dir='ltr'><strong>estro·</strong></span> 
     </span>
     <span class='ocr_line' id='line_1_42' title="bbox 125 3777 1482 3846; baseline -0.001 -12"><span class='ocrx_word' id='word_1_428' title='bbox 125 3783 254 3834; x_wconf 86' lang='lat' dir='ltr'><strong>nomicum</strong></span> <span class='ocrx_word' id='word_1_429' title='bbox 264 3781 382 3830; x_wconf 82' lang='lat' dir='ltr'><strong>dissitus</strong></span> <span class='ocrx_word' id='word_1_430' title='bbox 394 3778 438 3829; x_wconf 93' lang='lat' dir='ltr'><strong>der</strong></span> <span class='ocrx_word' id='word_1_431' title='bbox 450 3779 540 3830; x_wconf 87' lang='lat' dir='ltr'><strong>Steme</strong></span> <span class='ocrx_word' id='word_1_432' title='bbox 552 3795 584 3829; x_wconf 85' lang='lat' dir='ltr'><strong>au</strong></span> <span class='ocrx_word' id='word_1_433' title='bbox 596 3781 737 3830; x_wconf 87' lang='lat' dir='ltr'><strong>cbeerriren</strong></span> <span class='ocrx_word' id='word_1_434' title='bbox 749 3777 794 3830; x_wconf 79' lang='lat' dir='ltr'><strong>tc.</strong></span> <span class='ocrx_word' id='word_1_435' title='bbox 824 3779 932 3844; x_wconf 82' lang='lat' dir='ltr'><strong>Aegrius</strong></span> <span class='ocrx_word' id='word_1_436' title='bbox 949 3778 993 3827; x_wconf 88' lang='lat' dir='ltr'><strong>alii</strong></span> <span class='ocrx_word' id='word_1_437' title='bbox 1005 3779 1157 3830; x_wconf 82' lang='lat' dir='ltr'><strong>Faulhaberi</strong></span> <span class='ocrx_word' id='word_1_438' title='bbox 1174 3781 1312 3831; x_wconf 61' lang='lat' dir='ltr'><strong>domanam</strong></span> <span class='ocrx_word' id='word_1_439' title='bbox 1331 3787 1482 3846; x_wconf 84' lang='lat' dir='ltr'><strong>exceperunt</strong></span> 
     </span>
     <span class='ocr_line' id='line_1_43' title="bbox 126 3849 1481 3921; baseline 0 -19"><span class='ocrx_word' id='word_1_440' title='bbox 126 3863 153 3905; x_wconf 86' lang='lat' dir='ltr'><strong>sc</strong></span> <span class='ocrx_word' id='word_1_441' title='bbox 163 3856 248 3921; x_wconf 85' lang='lat' dir='ltr'><strong>pasim</strong></span> <span class='ocrx_word' id='word_1_442' title='bbox 260 3855 288 3902; x_wconf 87' lang='lat' dir='ltr'><strong>in</strong></span> <span class='ocrx_word' id='word_1_443' title='bbox 300 3865 358 3901; x_wconf 87' lang='lat' dir='ltr'><strong>eum</strong></span> <span class='ocrx_word' id='word_1_444' title='bbox 370 3851 462 3901; x_wconf 84' lang='lat' dir='ltr'><strong>invecti</strong></span> <span class='ocrx_word' id='word_1_445' title='bbox 471 3858 528 3901; x_wconf 87' lang='lat' dir='ltr'><strong>eunt</strong></span> <span class='ocrx_word' id='word_1_446' title='bbox 540 3851 667 3902; x_wconf 73' lang='lat' dir='ltr'><strong>deciduae</strong></span> <span class='ocrx_word' id='word_1_447' title='bbox 680 3857 707 3900; x_wconf 87' lang='lat' dir='ltr'><strong>et</strong></span> <span class='ocrx_word' id='word_1_448' title='bbox 716 3853 828 3914; x_wconf 86' lang='lat' dir='ltr'><strong>jocorum</strong></span> <span class='ocrx_word' id='word_1_449' title='bbox 841 3849 952 3907; x_wconf 84' lang='lat' dir='ltr'><strong>anxiliis;</strong></span> <span class='ocrx_word' id='word_1_450' title='bbox 972 3849 1122 3902; x_wconf 85' lang='lat' dir='ltr'><strong>Zambertns</strong></span> <span class='ocrx_word' id='word_1_451' title='bbox 1133 3851 1226 3911; x_wconf 86' lang='lat' dir='ltr'><strong>Wehe,</strong></span> <span class='ocrx_word' id='word_1_452' title='bbox 1243 3851 1368 3904; x_wconf 86' lang='lat' dir='ltr'><strong>Ulmensis</strong></span> <span class='ocrx_word' id='word_1_453' title='bbox 1382 3852 1481 3904; x_wconf 87' lang='lat' dir='ltr'><strong>scholae</strong></span> 
     </span>
     <span class='ocr_line' id='line_1_44' title="bbox 125 3919 1480 3988; baseline 0.001 -16"><span class='ocrx_word' id='word_1_454' title='bbox 125 3925 238 3978; x_wconf 80' lang='lat' dir='ltr'><strong>Latinae</strong></span> <span class='ocrx_word' id='word_1_455' title='bbox 255 3929 407 3988; x_wconf 81' lang='lat' dir='ltr'><strong>praeceptor</strong></span> <span class='ocrx_word' id='word_1_456' title='bbox 425 3919 556 3986; x_wconf 83' lang='lat' dir='ltr'><strong>(Expelltic</strong></span> <span class='ocrx_word' id='word_1_457' title='bbox 576 3923 660 3972; x_wconf 85' lang='lat' dir='ltr'><strong>lamae</strong></span> <span class='ocrx_word' id='word_1_458' title='bbox 679 3922 793 3972; x_wconf 85' lang='lat' dir='ltr'><strong>sidereae</strong></span> <span class='ocrx_word' id='word_1_459' title='bbox 811 3935 891 3973; x_wconf 86' lang='lat' dir='ltr'><strong>novae</strong></span> <span class='ocrx_word' id='word_1_460' title='bbox 907 3921 1139 3983; x_wconf 83' lang='lat' dir='ltr'><strong>Faulbeberianae,</strong></span> <span class='ocrx_word' id='word_1_461' title='bbox 1161 3923 1207 3974; x_wconf 86' lang='lat' dir='ltr'><strong>das</strong></span> <span class='ocrx_word' id='word_1_462' title='bbox 1226 3923 1260 3973; x_wconf 88' lang='lat' dir='ltr'><strong>ist</strong></span> <span class='ocrx_word' id='word_1_463' title='bbox 1277 3923 1397 3974; x_wconf 89' lang='lat' dir='ltr'><strong>statliche</strong></span> <span class='ocrx_word' id='word_1_464' title='bbox 1416 3924 1480 3973; x_wconf 79' lang='lat' dir='ltr'><strong>Aus-</strong></span> 
     </span>
     <span class='ocr_line' id='line_1_45' title="bbox 126 3992 1480 4064; baseline -0.002 -17"><span class='ocrx_word' id='word_1_465' title='bbox 126 4007 241 4064; x_wconf 83' lang='lat' dir='ltr'><strong>putuung</strong></span> <span class='ocrx_word' id='word_1_466' title='bbox 253 3995 299 4048; x_wconf 81' lang='lat' dir='ltr'><strong>(les</strong></span> <span class='ocrx_word' id='word_1_467' title='bbox 315 3994 522 4060; x_wconf 85' lang='lat' dir='ltr'><strong>bochiliegenden</strong></span> <span class='ocrx_word' id='word_1_468' title='bbox 539 3994 600 4043; x_wconf 88' lang='lat' dir='ltr'><strong>eber</strong></span> <span class='ocrx_word' id='word_1_469' title='bbox 616 3992 679 4044; x_wconf 87' lang='lat' dir='ltr'><strong>doch</strong></span> <span class='ocrx_word' id='word_1_470' title='bbox 694 3993 908 4057; x_wconf 86' lang='lat' dir='ltr'><strong>iibelgeiiederten</strong></span> <span class='ocrx_word' id='word_1_471' title='bbox 927 3993 1095 4058; x_wconf 88' lang='lat' dir='ltr'><strong>allgemeinen</strong></span> <span class='ocrx_word' id='word_1_472' title='bbox 1111 3993 1271 4046; x_wconf 83' lang='lat' dir='ltr'><strong>olieutliclueu</strong></span> <span class='ocrx_word' id='word_1_473' title='bbox 1287 3995 1480 4046; x_wconf 79' lang='lat' dir='ltr'><strong>Aussclrreiben</strong></span> 
     </span>
     <span class='ocr_line' id='line_1_46' title="bbox 127 4059 1482 4134; baseline -0.003 -14"><span class='ocrx_word' id='word_1_474' title='bbox 127 4067 185 4120; x_wconf 78' lang='lat' dir='ltr'><strong>um</strong></span> <span class='ocrx_word' id='word_1_475' title='bbox 198 4067 284 4123; x_wconf 87' lang='grc'>1616;</span> <span class='ocrx_word' id='word_1_476' title='bbox 304 4073 344 4134; x_wconf 76' lang='lat' dir='ltr'><strong>et:</strong></span> <span class='ocrx_word' id='word_1_477' title='bbox 367 4065 526 4116; x_wconf 87' lang='lat' dir='ltr'><strong>Postulatum</strong></span> <span class='ocrx_word' id='word_1_478' title='bbox 539 4066 675 4131; x_wconf 84' lang='lat' dir='ltr'><strong>aequitatis</strong></span> <span class='ocrx_word' id='word_1_479' title='bbox 684 4065 869 4130; x_wconf 88' lang='lat' dir='ltr'><strong>plenissimum,</strong></span> <span class='ocrx_word' id='word_1_480' title='bbox 882 4059 927 4126; x_wconf 86' lang='lat' dir='ltr'><strong>ib.)</strong></span> <span class='ocrx_word' id='word_1_481' title='bbox 943 4064 1108 4124; x_wconf 84' lang='lat' dir='ltr'><strong>demonstrat,</strong></span> <span class='ocrx_word' id='word_1_482' title='bbox 1124 4080 1282 4117; x_wconf 89' lang='lat' dir='ltr'><strong>numerorum</strong></span> <span class='ocrx_word' id='word_1_483' title='bbox 1296 4066 1482 4134; x_wconf 80' lang='lat' dir='ltr'><strong>polygonallum</strong></span> 
     </span>
     <span class='ocr_line' id='line_1_47' title="bbox 129 4135 1482 4201; baseline -0.003 -9"><span class='ocrx_word' id='word_1_484' title='bbox 129 4141 255 4192; x_wconf 66' lang='lat' dir='ltr'><strong>alenium</strong></span> <span class='ocrx_word' id='word_1_485' title='bbox 274 4139 361 4188; x_wconf 89' lang='lat' dir='ltr'><strong>iurtim</strong></span> <span class='ocrx_word' id='word_1_486' title='bbox 380 4152 397 4187; x_wconf 94' lang='lat' dir='ltr'><strong>a</strong></span> <span class='ocrx_word' id='word_1_487' title='bbox 416 4137 572 4187; x_wconf 81' lang='lat' dir='ltr'><strong>Fauilrabero</strong></span> <span class='ocrx_word' id='word_1_488' title='bbox 592 4135 735 4187; x_wconf 88' lang='lat' dir='ltr'><strong>desumtum</strong></span> <span class='ocrx_word' id='word_1_489' title='bbox 748 4150 803 4186; x_wconf 83' lang='lat' dir='ltr'><strong>esse</strong></span> <span class='ocrx_word' id='word_1_490' title='bbox 820 4150 834 4185; x_wconf 92' lang='lat' dir='ltr'><strong>e</strong></span> <span class='ocrx_word' id='word_1_491' title='bbox 853 4135 998 4199; x_wconf 83' lang='lat' dir='ltr'><strong>Maurolyco</strong></span> <span class='ocrx_word' id='word_1_492' title='bbox 1015 4143 1042 4186; x_wconf 88' lang='lat' dir='ltr'><strong>et</strong></span> <span class='ocrx_word' id='word_1_493' title='bbox 1060 4137 1236 4189; x_wconf 82' lang='lat' dir='ltr'><strong>divinationem</strong></span> <span class='ocrx_word' id='word_1_494' title='bbox 1256 4137 1332 4201; x_wconf 87' lang='lat' dir='ltr'><strong>plane</strong></span> <span class='ocrx_word' id='word_1_495' title='bbox 1353 4139 1482 4188; x_wconf 87' lang='lat' dir='ltr'><strong>iortultam</strong></span> 
     </span>
     <span class='ocr_line' id='line_1_48' title="bbox 129 4205 1481 4274; baseline -0.005 -9"><span class='ocrx_word' id='word_1_496' title='bbox 129 4213 211 4265; x_wconf 85' lang='lat' dir='ltr'><strong>luisse.</strong></span> <span class='ocrx_word' id='word_1_497' title='bbox 249 4210 392 4262; x_wconf 77' lang='lat' dir='ltr'><strong>Numerum</strong></span> <span class='ocrx_word' id='word_1_498' title='bbox 405 4205 456 4260; x_wconf 89' lang='grc'><strong>666</strong></span> <span class='ocrx_word' id='word_1_499' title='bbox 468 4224 517 4259; x_wconf 85' lang='lat' dir='ltr'><strong>non</strong></span> <span class='ocrx_word' id='word_1_500' title='bbox 528 4210 610 4258; x_wconf 86' lang='lat' dir='ltr'><strong>minus</strong></span> <span class='ocrx_word' id='word_1_501' title='bbox 622 4209 723 4258; x_wconf 86' lang='lat' dir='ltr'><strong>fortuito</strong></span> <span class='ocrx_word' id='word_1_502' title='bbox 736 4223 751 4258; x_wconf 92' lang='lat' dir='ltr'><strong>e</strong></span> <span class='ocrx_word' id='word_1_503' title='bbox 762 4207 867 4272; x_wconf 86' lang='lat' dir='ltr'><strong>Kepleri</strong></span> <span class='ocrx_word' id='word_1_504' title='bbox 878 4207 1086 4272; x_wconf 82' lang='lat' dir='ltr'><strong>Ephemeridibus</strong></span> <span class='ocrx_word' id='word_1_505' title='bbox 1098 4211 1262 4274; x_wconf 87' lang='lat' dir='ltr'><strong>compositum</strong></span> <span class='ocrx_word' id='word_1_506' title='bbox 1274 4223 1339 4269; x_wconf 88' lang='lat' dir='ltr'><strong>esee,</strong></span> <span class='ocrx_word' id='word_1_507' title='bbox 1355 4209 1481 4274; x_wconf 84' lang='lat' dir='ltr'><strong>inquibus</strong></span> 
     </span>
     <span class='ocr_line' id='line_1_49' title="bbox 129 4273 1480 4350; baseline -0.005 -15"><span class='ocrx_word' id='word_1_508' title='bbox 129 4282 256 4350; x_wconf 84' lang='lat' dir='ltr'><strong>longitudo</strong></span> <span class='ocrx_word' id='word_1_509' title='bbox 268 4281 361 4332; x_wconf 77' lang='lat' dir='ltr'><strong>Martis</strong></span> <span class='ocrx_word' id='word_1_510' title='bbox 374 4281 398 4331; x_wconf 87' lang='lat' dir='ltr'><strong>d.</strong></span> <span class='ocrx_word' id='word_1_511' title='bbox 408 4279 432 4331; x_wconf 92' lang='grc'><strong>6.</strong></span> <span class='ocrx_word' id='word_1_512' title='bbox 444 4279 512 4344; x_wconf 83' lang='lat' dir='ltr'><strong>Sept</strong></span> <span class='ocrx_word' id='word_1_513' title='bbox 525 4280 624 4344; x_wconf 87' lang='lat' dir='ltr'><strong>prodita</strong></span> <span class='ocrx_word' id='word_1_514' title='bbox 635 4281 669 4329; x_wconf 88' lang='lat' dir='ltr'><strong>sit</strong></span> <span class='ocrx_word' id='word_1_515' title='bbox 680 4273 711 4330; x_wconf 75' lang='grc' dir='ltr'><strong>3ο</strong></span> <span class='ocrx_word' id='word_1_516' title='bbox 722 4278 767 4330; x_wconf 81' lang='lat'><strong>33¹</strong></span> <span class='ocrx_word' id='word_1_517' title='bbox 780 4273 814 4344; x_wconf 68' lang='lat' dir='ltr'><strong>ll,</strong></span> <span class='ocrx_word' id='word_1_518' title='bbox 827 4285 854 4329; x_wconf 88' lang='lat' dir='ltr'><strong>et</strong></span> <span class='ocrx_word' id='word_1_519' title='bbox 865 4277 953 4330; x_wconf 90' lang='lat' dir='ltr'><strong>Lunae</strong></span> <span class='ocrx_word' id='word_1_520' title='bbox 965 4279 1074 4331; x_wconf 89' lang='lat' dir='ltr'><strong>latitudo</strong></span> <span class='ocrx_word' id='word_1_521' title='bbox 1090 4275 1121 4331; x_wconf 85' lang='lat'><strong>3⁰</strong></span> <span class='ocrx_word' id='word_1_522' title='bbox 1133 4279 1185 4341; x_wconf 67' lang='lat'><strong>332</strong></span> <span class='ocrx_word' id='word_1_523' title='bbox 1199 4296 1261 4347; x_wconf 89' lang='lat' dir='ltr'><strong>quoa</strong></span> <span class='ocrx_word' id='word_1_524' title='bbox 1271 4295 1388 4332; x_wconf 89' lang='lat' dir='ltr'><strong>numeros</strong></span> <span class='ocrx_word' id='word_1_525' title='bbox 1404 4281 1480 4330; x_wconf 87' lang='lat' dir='ltr'><strong>intre·</strong></span> 
     </span>
     <span class='ocr_line' id='line_1_50' title="bbox 128 4348 1479 4420; baseline -0.004 -15"><span class='ocrx_word' id='word_1_526' title='bbox 128 4355 183 4420; x_wconf 84' lang='lat' dir='ltr'><strong>pide</strong></span> <span class='ocrx_word' id='word_1_527' title='bbox 195 4351 372 4406; x_wconf 82' lang='lat' dir='ltr'><strong>Fauiiuaberus</strong></span> <span class='ocrx_word' id='word_1_528' title='bbox 390 4354 513 4415; x_wconf 86' lang='lat' dir='ltr'><strong>receperit</strong></span> <span class='ocrx_word' id='word_1_529' title='bbox 532 4350 584 4401; x_wconf 85' lang='grc'><strong>333</strong></span> <span class='ocrx_word' id='word_1_530' title='bbox 603 4351 744 4416; x_wconf 83' lang='lat' dir='ltr'><strong>altercsque</strong></span> <span class='ocrx_word' id='word_1_531' title='bbox 764 4351 850 4400; x_wconf 85' lang='lat' dir='ltr'><strong>alteris</strong></span> <span class='ocrx_word' id='word_1_532' title='bbox 864 4349 962 4401; x_wconf 70' lang='lat' dir='ltr'><strong>addim</strong></span> <span class='ocrx_word' id='word_1_533' title='bbox 979 4351 1115 4416; x_wconf 85' lang='lat' dir='ltr'><strong>prodiderit</strong></span> <span class='ocrx_word' id='word_1_534' title='bbox 1126 4351 1186 4404; x_wconf 83' lang='lat'>666.</span> <span class='ocrx_word' id='word_1_535' title='bbox 1217 4351 1312 4402; x_wconf 83' lang='lat' dir='ltr'><strong>Rector</strong></span> <span class='ocrx_word' id='word_1_536' title='bbox 1323 4352 1423 4402; x_wconf 70' lang='lat' dir='ltr'><strong>echome</strong></span> <span class='ocrx_word' id='word_1_537' title='bbox 1435 4348 1479 4399; x_wconf 87' lang='lat' dir='ltr'><strong>Ul·</strong></span> 
     </span>
     <span class='ocr_line' id='line_1_51' title="bbox 128 4419 1480 4490; baseline -0.008 -11"><span class='ocrx_word' id='word_1_538' title='bbox 128 4429 217 4479; x_wconf 76' lang='lat' dir='ltr'><strong>memis</strong></span> <span class='ocrx_word' id='word_1_539' title='bbox 237 4425 261 4478; x_wconf 88' lang='lat' dir='ltr'><strong>J.</strong></span> <span class='ocrx_word' id='word_1_540' title='bbox 275 4423 367 4488; x_wconf 86' lang='lat' dir='ltr'><strong>Bapt.</strong></span> <span class='ocrx_word' id='word_1_541' title='bbox 387 4419 606 4481; x_wconf 84' lang='lat' dir='ltr'><strong>Hebenstreit‚</strong></span> <span class='ocrx_word' id='word_1_542' title='bbox 625 4424 704 4473; x_wconf 86' lang='lat' dir='ltr'><strong>reteri</strong></span> <span class='ocrx_word' id='word_1_543' title='bbox 721 4423 832 4472; x_wconf 86' lang='lat' dir='ltr'><strong>amicitia</strong></span> <span class='ocrx_word' id='word_1_544' title='bbox 843 4421 954 4486; x_wconf 84' lang='lat' dir='ltr'><strong>Keplerc</strong></span> <span class='ocrx_word' id='word_1_545' title='bbox 973 4426 1132 4486; x_wconf 84' lang='lat' dir='ltr'><strong>conjunctus,</strong></span> <span class='ocrx_word' id='word_1_546' title='bbox 1144 4426 1206 4475; x_wconf 85' lang='lat' dir='ltr'><strong>item</strong></span> <span class='ocrx_word' id='word_1_547' title='bbox 1225 4437 1252 4474; x_wconf 89' lang='lat' dir='ltr'><strong>ae</strong></span> <span class='ocrx_word' id='word_1_548' title='bbox 1270 4423 1405 4490; x_wconf 81' lang='lat' dir='ltr'><strong>immiscuit</strong></span> <span class='ocrx_word' id='word_1_549' title='bbox 1422 4419 1480 4469; x_wconf 88' lang='lat' dir='ltr'><strong>huic</strong></span> 
     </span>
     <span class='ocr_line' id='line_1_52' title="bbox 128 4489 1482 4560; baseline -0.008 -10"><span class='ocrx_word' id='word_1_550' title='bbox 128 4499 171 4560; x_wconf 81' lang='lat' dir='ltr'><strong>liti,</strong></span> <span class='ocrx_word' id='word_1_551' title='bbox 189 4499 266 4550; x_wconf 83' lang='lat' dir='ltr'><strong>editis</strong></span> <span class='ocrx_word' id='word_1_552' title='bbox 277 4495 380 4554; x_wconf 84' lang='lat' dir='ltr'><strong>libellis,</strong></span> <span class='ocrx_word' id='word_1_553' title='bbox 392 4509 453 4558; x_wconf 86' lang='lat' dir='ltr'><strong>quos</strong></span> <span class='ocrx_word' id='word_1_554' title='bbox 469 4493 603 4559; x_wconf 89' lang='lat' dir='ltr'><strong>inscripsit:</strong></span> <span class='ocrx_word' id='word_1_555' title='bbox 622 4491 880 4558; x_wconf 82' lang='lat' dir='ltr'><strong>Kometeuirsgetuck</strong></span> <span class='ocrx_word' id='word_1_556' title='bbox 897 4507 943 4544; x_wconf 90' lang='lat' dir='ltr'><strong>aus</strong></span> <span class='ocrx_word' id='word_1_557' title='bbox 963 4493 1009 4544; x_wconf 86' lang='lat' dir='ltr'><strong>der</strong></span> <span class='ocrx_word' id='word_1_558' title='bbox 1025 4496 1111 4545; x_wconf 91' lang='lat' dir='ltr'><strong>relnen</strong></span> <span class='ocrx_word' id='word_1_559' title='bbox 1123 4494 1287 4558; x_wconf 84' lang='lat' dir='ltr'><strong>Philosophia.</strong></span> <span class='ocrx_word' id='word_1_560' title='bbox 1316 4493 1355 4543; x_wconf 91' lang='lat' dir='ltr'><strong>De</strong></span> <span class='ocrx_word' id='word_1_561' title='bbox 1368 4489 1482 4542; x_wconf 82' lang='lat' dir='ltr'><strong>Cabbala</strong></span> 
     </span>
     <span class='ocr_line' id='line_1_53' title="bbox 126 4561 1479 4640; baseline -0.006 -21"><span class='ocrx_word' id='word_1_562' title='bbox 126 4563 596 4640; x_wconf 72' lang='lat' dir='ltr'><strong>logaritlsmo-Gecmanthcdlanticas</strong></span> <span class='ocrx_word' id='word_1_563' title='bbox 621 4563 707 4615; x_wconf 88' lang='lat' dir='ltr'><strong>Oratio</strong></span> <span class='ocrx_word' id='word_1_564' title='bbox 723 4565 749 4614; x_wconf 88' lang='lat' dir='ltr'><strong>in</strong></span> <span class='ocrx_word' id='word_1_565' title='bbox 764 4564 900 4627; x_wconf 79' lang='lat' dir='ltr'><strong>Gymnasio</strong></span> <span class='ocrx_word' id='word_1_566' title='bbox 918 4565 1030 4615; x_wconf 89' lang='lat' dir='ltr'><strong>Ulmensi</strong></span> <span class='ocrx_word' id='word_1_567' title='bbox 1046 4565 1145 4626; x_wconf 85' lang='lat' dir='ltr'><strong>habita,</strong></span> <span class='ocrx_word' id='word_1_568' title='bbox 1161 4567 1188 4616; x_wconf 92' lang='lat' dir='ltr'><strong>in</strong></span> <span class='ocrx_word' id='word_1_569' title='bbox 1204 4566 1303 4632; x_wconf 90' lang='lat' dir='ltr'><strong>quibus,</strong></span> <span class='ocrx_word' id='word_1_570' title='bbox 1323 4573 1387 4628; x_wconf 90' lang='lat' dir='ltr'><strong>quae</strong></span> <span class='ocrx_word' id='word_1_571' title='bbox 1403 4561 1479 4611; x_wconf 84' lang='lat' dir='ltr'><strong>Fani·</strong></span> 
     </span>
     <span class='ocr_line' id='line_1_54' title="bbox 125 4633 1479 4696; baseline -0.01 -1"><span class='ocrx_word' id='word_1_572' title='bbox 125 4641 231 4695; x_wconf 71' lang='lat' dir='ltr'><strong>hierus</strong></span> <span class='ocrx_word' id='word_1_573' title='bbox 248 4639 331 4693; x_wconf 84' lang='lat' dir='ltr'><strong>habet</strong></span> <span class='ocrx_word' id='word_1_574' title='bbox 350 4635 474 4694; x_wconf 86' lang='lat' dir='ltr'><strong>absurda,</strong></span> <span class='ocrx_word' id='word_1_575' title='bbox 500 4638 684 4695; x_wconf 84' lang='lat' dir='ltr'><strong>examinantur,</strong></span> <span class='ocrx_word' id='word_1_576' title='bbox 704 4642 733 4686; x_wconf 88' lang='lat' dir='ltr'><strong>st</strong></span> <span class='ocrx_word' id='word_1_577' title='bbox 751 4635 802 4686; x_wconf 88' lang='lat' dir='ltr'><strong>alia</strong></span> <span class='ocrx_word' id='word_1_578' title='bbox 817 4635 898 4686; x_wconf 85' lang='lat' dir='ltr'><strong>muita</strong></span> <span class='ocrx_word' id='word_1_579' title='bbox 914 4642 1045 4686; x_wconf 76' lang='lat' dir='ltr'><strong>cccununt</strong></span> <span class='ocrx_word' id='word_1_580' title='bbox 1060 4637 1169 4696; x_wconf 78' lang='lat' dir='ltr'><strong>munira,</strong></span> <span class='ocrx_word' id='word_1_581' title='bbox 1188 4653 1211 4688; x_wconf 88' lang='lat' dir='ltr'><strong>r.</strong></span> <span class='ocrx_word' id='word_1_582' title='bbox 1228 4649 1250 4686; x_wconf 90' lang='lat' dir='ltr'><strong>c.</strong></span> <span class='ocrx_word' id='word_1_583' title='bbox 1263 4633 1320 4685; x_wconf 91' lang='lat' dir='ltr'><strong>oriri</strong></span> <span class='ocrx_word' id='word_1_584' title='bbox 1336 4635 1445 4681; x_wconf 70' lang='lat' dir='ltr'><strong>comem</strong></span> <span class='ocrx_word' id='word_1_585' title='bbox 1464 4647 1479 4682; x_wconf 91' lang='lat' dir='ltr'><strong>e</strong></span> 
     </span>
     <span class='ocr_line' id='line_1_55' title="bbox 124 4701 1479 4781; baseline -0.009 -15"><span class='ocrx_word' id='word_1_586' title='bbox 124 4716 255 4781; x_wconf 81' lang='lat' dir='ltr'><strong>saporibus</strong></span> <span class='ocrx_word' id='word_1_587' title='bbox 269 4711 352 4762; x_wconf 76' lang='lat' dir='ltr'><strong>verra</strong></span> <span class='ocrx_word' id='word_1_588' title='bbox 372 4707 574 4772; x_wconf 86' lang='lat' dir='ltr'><strong>emergentibus,</strong></span> <span class='ocrx_word' id='word_1_589' title='bbox 589 4707 694 4758; x_wconf 88' lang='lat' dir='ltr'><strong>eliectus</strong></span> <span class='ocrx_word' id='word_1_590' title='bbox 713 4713 867 4758; x_wconf 87' lang='lat' dir='ltr'><strong>cometarum</strong></span> <span class='ocrx_word' id='word_1_591' title='bbox 884 4707 1047 4772; x_wconf 74' lang='lat' dir='ltr'><strong>annologicos</strong></span> <span class='ocrx_word' id='word_1_592' title='bbox 1058 4723 1107 4758; x_wconf 90' lang='lat' dir='ltr'><strong>non</strong></span> <span class='ocrx_word' id='word_1_593' title='bbox 1120 4721 1176 4759; x_wconf 88' lang='lat' dir='ltr'><strong>esse</strong></span> <span class='ocrx_word' id='word_1_594' title='bbox 1187 4703 1347 4770; x_wconf 83' lang='lat' dir='ltr'><strong>rejiciendos,</strong></span> <span class='ocrx_word' id='word_1_595' title='bbox 1365 4701 1479 4765; x_wconf 87' lang='lat' dir='ltr'><strong>praedici</strong></span> 
     </span>
     <span class='ocr_line' id='line_1_56' title="bbox 121 4769 1477 4854; baseline -0.006 -22"><span class='ocrx_word' id='word_1_596' title='bbox 121 4803 190 4854; x_wconf 66' lang='lat' dir='ltr'><strong>pu„</strong></span> <span class='ocrx_word' id='word_1_597' title='bbox 203 4790 337 4839; x_wconf 72' lang='lat' dir='ltr'><strong>sonetum</strong></span> <span class='ocrx_word' id='word_1_598' title='bbox 347 4779 487 4832; x_wconf 78' lang='lat' dir='ltr'><strong>secundm</strong></span> <span class='ocrx_word' id='word_1_599' title='bbox 496 4779 596 4845; x_wconf 83' lang='lat' dir='ltr'><strong>regulas</strong></span> <span class='ocrx_word' id='word_1_600' title='bbox 609 4779 771 4844; x_wconf 74' lang='lat' dir='ltr'><strong>annologicas</strong></span> <span class='ocrx_word' id='word_1_601' title='bbox 783 4775 828 4830; x_wconf 62' lang='lat' dir='ltr'><strong>dc.</strong></span> <span class='ocrx_word' id='word_1_602' title='bbox 841 4803 876 4814; x_wconf 97' lang='lat'><em>-</em></span> <span class='ocrx_word' id='word_1_603' title='bbox 886 4777 1005 4840; x_wconf 78' lang='lat' dir='ltr'><strong>Ceterum</strong></span> <span class='ocrx_word' id='word_1_604' title='bbox 1015 4793 1065 4830; x_wconf 88' lang='lat' dir='ltr'><strong>non</strong></span> <span class='ocrx_word' id='word_1_605' title='bbox 1073 4779 1210 4830; x_wconf 84' lang='lat' dir='ltr'><strong>solustaiia</strong></span> <span class='ocrx_word' id='word_1_606' title='bbox 1217 4775 1341 4840; x_wconf 80' lang='lat' dir='ltr'><strong>protessus</strong></span> <span class='ocrx_word' id='word_1_607' title='bbox 1351 4777 1391 4821; x_wconf 88' lang='lat' dir='ltr'><strong>est</strong></span> <span class='ocrx_word' id='word_1_608' title='bbox 1399 4769 1477 4824; x_wconf 78' lang='lat' dir='ltr'><strong>nsul-</strong></span> 
     </span>
     <span class='ocr_line' id='line_1_57' title="bbox 120 4845 1476 4918; baseline -0.007 -13"><span class='ocrx_word' id='word_1_609' title='bbox 120 4859 240 4918; x_wconf 57' lang='grc' dir='ltr'><strong>ωαψς</strong></span> <span class='ocrx_word' id='word_1_610' title='bbox 262 4853 360 4908; x_wconf 83' lang='lat' dir='ltr'><strong>similia</strong></span> <span class='ocrx_word' id='word_1_611' title='bbox 370 4849 538 4905; x_wconf 79' lang='lat' dir='ltr'><strong>detonderunt</strong></span> <span class='ocrx_word' id='word_1_612' title='bbox 548 4849 686 4918; x_wconf 82' lang='lat' dir='ltr'><strong>Herlicius,</strong></span> <span class='ocrx_word' id='word_1_613' title='bbox 704 4849 839 4916; x_wconf 83' lang='lat' dir='ltr'><strong>ngelius,</strong></span> <span class='ocrx_word' id='word_1_614' title='bbox 851 4849 975 4917; x_wconf 79' lang='lat' dir='ltr'><strong>libiuger,</strong></span> <span class='ocrx_word' id='word_1_615' title='bbox 995 4856 1120 4901; x_wconf 63' lang='lat' dir='ltr'><strong>comeum</strong></span> <span class='ocrx_word' id='word_1_616' title='bbox 1137 4849 1246 4900; x_wconf 81' lang='lat' dir='ltr'><strong>maxime</strong></span> <span class='ocrx_word' id='word_1_617' title='bbox 1257 4847 1401 4909; x_wconf 84' lang='lat' dir='ltr'><strong>spectantes</strong></span> <span class='ocrx_word' id='word_1_618' title='bbox 1414 4845 1476 4895; x_wconf 87' lang='lat' dir='ltr'><strong>anni</strong></span> 
     </span>
    </p>
   </div>
   <div class='ocr_carea' id='block_1_8' title="bbox 0 0 1711 5538">
    <p class='ocr_par' dir='ltr' id='par_1_11' title="bbox 0 0 1711 5538">
     <span class='ocr_line' id='line_1_58' title="bbox 0 0 1711 5538; baseline 0 0"><span class='ocrx_word' id='word_1_619' title='bbox 0 0 1711 5538; x_wconf 95' lang='lat' dir='ltr'><strong> </strong></span> 
     </span>
    </p>
   </div>
  </div>
 </body>
</html>
