3390 5542
288 236 352 298 540
858 231 944 282 Tertia
961 231 1032 284 Pars.

286 409 432 493 uterque'
446 410 567 492 major3
598 403 749 490 quodque
777 405 936 488 posterior
965 404 1108 473 calculus
1139 403 1285 472 differens
1314 408 1433 492 prodet
1455 431 1478 474 a
1499 411 1604 494 priori,

288 507 356 588 ejus
379 507 471 584 lxirte
495 495 624 560 dimidia
647 493 720 558 hinc
735 493 883 558 detracta
897 493 946 560 vel
961 494 1035 560 inde
1058 495 1193 580 adjecta,
1211 500 1336 582 justum
1351 499 1402 582 (ut
1417 499 1451 562 iu
1467 499 1607 583 perlecta

288 591 372 656 cittii
394 589 510 670 ligura)
533 584 742 649 constitutum
763 581 812 647 iri.

378 677 410 758 31
436 674 556 754 Quodsi
584 671 642 737 tibi
672 670 938 754 scrupulositates
967 671 1048 737 istae
1078 672 1221 738 nondum
1252 673 1433 755 sufficiunt,
1466 698 1505 740 eo
1528 677 1607 758 quod

288 775 459 832 curvatura
482 761 668 826 tabularum
689 781 753 825 non
776 781 903 844 semper
924 758 1042 825 habeat
1062 761 1198 844 figuram
1221 765 1410 829 circularem
1434 771 1558 840 exacte,
1580 773 1608 828 et

289 859 324 931 si,
351 863 385 919 ut
407 861 455 918 est
477 851 742 934 geometricorum
764 849 962 932 ingeniorum
984 857 1111 929 natura,
1136 872 1200 916 non
1222 873 1259 916 ex
1278 853 1383 918 aliena
1406 859 1440 916 et
1464 854 1606 920 conficta.

287 946 343 1010 sed
367 965 404 1007 ex
426 942 563 1023 genuina
586 947 619 1003 et
641 939 770 1022 proprie
795 941 951 1022 cujusque
978 938 1055 1004 dolii
1081 937 1188 1022 figura
1213 939 1304 1006 lubet
1329 944 1558 1024 argumentari
1579 951 1608 1006 et

288 1033 464 1098 calculare:
488 1050 555 1112 age,
580 1027 670 1112 prius
685 1025 844 1109 inquirito,
869 1025 975 1110 qualis
999 1027 1126 1092 omniuo
1149 1027 1253 1112 figura
1268 1029 1309 1094 sit
1322 1029 1418 1114 hujus
1442 1033 1609 1094 curvitatis

285 1121 479 1189 tabularum.
523 1115 686 1196 Quasdam
712 1117 810 1198 igitur
836 1115 905 1182 visu
933 1115 1065 1200 simplici
1097 1116 1276 1200 dignosces,
1304 1117 1500 1202 quibusdam
1522 1119 1608 1183 inda·

286 1211 398 1294 gaudis
420 1229 500 1292 opus
524 1205 583 1270 tibi
606 1205 667 1268 erit
689 1205 899 1270 instrumento
924 1211 956 1269 et
979 1205 1169 1271 dexteritate
1192 1228 1351 1282 manuum,
1376 1208 1530 1290 circaque
1553 1208 1609 1270 boc

287 1299 470 1364 exercitium
483 1294 661 1360 subtilitate
673 1293 899 1374 curiosissima
923 1292 1079 1376 quasdam
1100 1295 1237 1379 denique
1250 1301 1282 1359 et
1293 1295 1611 1380 plerasqnequidem

287 1389 377 1454 nullo
400 1385 522 1468 ingenio
556 1383 715 1447 discernes
739 1402 759 1444 a
780 1381 921 1463 perlecto
944 1382 1082 1462 circulo,
1115 1391 1248 1466 propter
1280 1384 1389 1450 rudem
1424 1384 1609 1450 tabularum

287 1474 528 1554 caussationem,
546 1472 773 1556 impedimenta
789 1469 979 1536 circulorum
991 1471 1170 1552 ligneorum
1185 1479 1217 1536 et
1232 1472 1390 1552 viminum,
1404 1473 1611 1560 inaequalem

286 1565 470 1631 tabularum
493 1561 670 1626 crassitiem
694 1565 726 1624 et
748 1560 890 1643 ipsarum
913 1558 1086 1642 figurarum
1109 1559 1297 1626 affinitatem
1319 1561 1406 1626 inter
1428 1583 1475 1626 se.

375 1651 496 1730 Quodsi
518 1651 550 1714 in
574 1649 683 1714 oculos
710 1649 853 1714 iucmrat
880 1654 1070 1714 curvaturae
1101 1649 1288 1714 tabularum
1314 1649 1348 1714 in
1371 1651 1475 1716 medio
1505 1657 1611 1716 ventre

286 1739 506 1808 dissimilitudo
526 1744 732 1804 acurvatma
754 1756 864 1801 versus
887 1743 1046 1802 extremos
1069 1737 1237 1822 margines,
1261 1737 1382 1808 dolium
1397 1741 1460 1804 erit
1476 1745 1609 1804 truncus

285 1831 349 1896 fusi
371 1828 576 1914 hyperbolici,
601 1833 633 1890 et
649 1849 713 1910 quo
732 1823 900 1908 angustius
915 1824 994 1890 haec
1009 1834 1179 1892 curvatura
1194 1833 1335 1893 ventrem
1352 1828 1608 1906 circumstetem't,

285 1921 346 1986 hoc
368 1921 470 2003 major
492 1915 681 2001 hyperboles
708 1935 785 1998 pars
807 1913 881 1992 erit,
911 1911 972 1978 hoc
993 1916 1124 2000 propius
1151 1917 1248 1981 ctiam
1275 1917 1439 1998 rapacitas
1467 1917 1548 1982 dolii
1572 1919 1611 1982 ad

286 2009 496 2092 capacitatem
522 2005 626 2071 trunci
651 2004 751 2070 conici
777 2001 917 2066 accedet.
962 2001 1099 2088 Reliqua
1120 2003 1182 2069 hoc
1203 2005 1417 2070 instrumento
1442 2005 1609 2089 expedies:

286 2119 365 2182 cape
396 2096 541 2180 regulam
564 2115 602 2158 ex
625 2092 711 2158 ferro
737 2090 788 2155 vel
816 2089 975 2157 orichalco
1003 2093 1210 2177 quadratam,
1233 2093 1314 2160 bene
1335 2093 1483 2176 politam,
1508 2095 1608 2176 longi·

286 2187 395 2253 tudine
417 2185 507 2262 dolii,
533 2205 596 2246 riou
619 2179 754 2245 fluxilem
777 2201 834 2245 suo
856 2180 1014 2263 pondere;
1041 2182 1073 2246 in
1090 2180 1154 2246 illa
1176 2183 1238 2248 sint
1261 2181 1326 2246 stili
1353 2181 1449 2248 terrei
1473 2183 1610 2268 graciles

286 2281 318 2343 et
340 2275 437 2352 acuti,
464 2279 500 2338 ut
521 2271 616 2350 clavi,
645 2269 807 2335 trusatiles
834 2289 892 2352 per
919 2269 1149 2352 longitudinem
1171 2271 1314 2355 regulae,
1341 2273 1387 2336 sic
1409 2278 1445 2337 ut
1467 2273 1502 2336 iu
1525 2294 1605 2356 qua·

182 2357 186 2372 '
286 2385 409 2447 cunque
425 2365 493 2447 ejus
510 2366 602 2445 parte
624 2359 777 2424 haereant
799 2355 883 2422 firmi
905 2378 970 2422 uon
985 2359 1179 2438 vacillantes,
1203 2360 1328 2442 possint
1346 2365 1458 2426 autem
1475 2361 1609 2426 cochleis

286 2475 307 2519 a
330 2453 442 2534 regula
465 2449 592 2516 extrudi
614 2447 789 2531 reducique
810 2446 853 2511 ad
868 2445 974 2536 illam3
998 2448 1061 2512 sint
1076 2467 1209 2512 numero
1232 2469 1302 2512 cnm
1324 2449 1491 2514 minimum
1515 2452 1608 2534 quiu-

285 2565 357 2626 que,
382 2540 491 2605 melius
507 2539 532 2604 si
548 2543 687 2621 septem3
712 2556 850 2620 quornm
872 2535 1014 2599 medium
1028 2535 1148 2601 sufficit
1162 2535 1260 2602 lixum
1276 2535 1453 2602 adhaerere
1476 2539 1609 2622 regulae

285 2631 415 2704 mediae,
439 2627 642 2711 longitudine,
667 2647 747 2708 quae
762 2629 890 2708 superet
912 2623 1088 2689 crassitiem
1103 2627 1205 2690 omnis
1222 2626 1333 2690 circuli
1346 2626 1441 2709 lignei
1456 2627 1491 2692 in
1502 2627 1609 2692 doliis.

285 2719 413 2800 Statuto
449 2719 546 2801 igitur
576 2715 649 2781 stilo
679 2714 742 2778 fixo
772 2713 805 2777 in
834 2733 901 2776 una
931 2715 1225 2794 commissurarum,
1263 2735 1330 2797 qua
1364 2715 1447 2780 duae
1478 2715 1611 2780 tabulae

285 2813 401 2873 coeunt
422 2807 454 2871 in
479 2805 588 2871 medio
606 2803 682 2870 dolii
709 2810 834 2880 ventre,
864 2801 1003 2884 reliquos
1026 2801 1118 2867 stilos
1146 2803 1313 2868 trusatiles
1335 2802 1426 2868 binos
1449 2811 1483 2870 et
1506 2804 1608 2884 binos,

284 2898 335 2962 uel
358 2898 384 2962 si
400 2897 518 2960 adsunt
541 2902 647 2959 ternos
670 2890 783 2956 ordina
805 2911 914 2956 versus
937 2889 1014 2954 dolii
1028 2892 1197 2972 margines,
1220 2890 1391 2956 intervallo
1405 2891 1469 2957 illis
1484 2893 1611 2958 indulto

285 2985 408 3052 modico
438 2992 470 3050 et
491 2984 643 3064 utrinque
673 2979 817 3062 aequali,
855 2977 1057 3063 cochleisque
1087 2979 1237 3060 exbude,
1269 2985 1306 3044 ut
1335 3001 1445 3046 omnes
1473 2987 1611 3066 tangant

285 3074 526 3142 commissuram
549 3068 692 3147 seutdom,
718 3068 827 3132 extimi
849 3067 1028 3151 aequaliter
1051 3069 1196 3135 emedio
1219 3067 1334 3134 remoti
1355 3069 1389 3133 in
1411 3071 1611 3154 marginibus

287 3163 454 3242 extremis,
480 3159 574 3224 ceteri
596 3158 630 3222 in
656 3157 782 3240 punctis
806 3156 932 3234 vicinis,
955 3155 1155 3222 insinuantes
1184 3179 1218 3222 se
1241 3153 1324 3222 inter
1349 3156 1442 3222 binos
1475 3160 1610 3230 merulos

284 3251 412 3334 ligneae,
437 3269 502 3333 qua
524 3248 621 3313 datur
645 3265 755 3310 eorum
777 3245 937 3310 tantulum
963 3245 1178 3312 intervallum.
1224 3243 1277 3310 Ita
1299 3246 1534 3332 comprehensa
1557 3251 1609 3312 sti·

287 3341 391 3406 lorum
420 3334 675 3404 extremitatibus
705 3335 802 3416 quina
832 3333 881 3398 vel
911 3339 1043 3418 septena
1072 3333 1201 3418 figurae*
1225 3342 1344 3418 puncta
1380 3355 1456 3400 cnm
1497 3337 1613 3420 regula

286 3428 427 3494 transfer
449 3428 482 3493 in
504 3425 671 3510 planitiem
702 3421 832 3488 tabulae
861 3420 941 3488 bene
969 3423 1211 3506 complanatae,
1242 3423 1334 3490 lactis
1357 3425 1390 3490 in
1414 3445 1454 3490 ea
1484 3427 1612 3510 punctis

284 3516 436 3596 totidem
459 3523 495 3581 ut
517 3516 544 3580 si
565 3513 629 3579 sint
650 3511 865 3594 iuschemate
890 3513 939 3574 16.
963 3518 1086 3593 puncta
1113 3519 1255 3578 extrema
1277 3513 1315 3592 F,
1340 3511 1381 3592 G,
1406 3514 1553 3580 medium
1577 3515 1610 3592 C,

284 3605 453 3690 interjecta
476 3603 511 3682 Q,
536 3605 566 3674 S.
592 3609 624 3667 et
646 3600 872 3686 respondentia
893 3599 926 3664 in
948 3605 1042 3684 parte
1064 3601 1180 3666 altera.
1214 3601 1257 3665 Et
1275 3621 1316 3665 ne
1340 3603 1412 3685 quis
1435 3604 1612 3686 scrupulus

286 3693 580 3778 supersit,·meti1·e
604 3690 701 3754 etiam
728 3689 903 3753 crassitiem
925 3687 1125 3776 tabularum,
1154 3690 1275 3755 tamin
1299 3689 1420 3756 orificio
1442 3691 1610 3771 infusorio,

285 3803 382 3867 quam
404 3781 437 3846 iu
453 3777 666 3864 marginibus;
690 3799 729 3843 ea
744 3783 868 3862 quanta
889 3776 994 3858 fuerit,
1019 3782 1111 3843 tauto
1132 3777 1302 3844 intervallo
1324 3799 1435 3844 versus
1452 3781 1612 3846 interiora

284 3879 316 3938 et
339 3876 485 3938 centrum
512 3868 609 3934 veluti
639 3873 827 3932 curvaturae
853 3863 949 3931 facito
971 3872 1090 3950 puncta
1115 3867 1198 3946 alia,
1232 3865 1344 3932 deletis
1367 3868 1550 3952 prioribus,
1574 3875 1610 3933 ut

283 3961 464 4026 interiorem
488 3958 676 4022 curvitatem
698 3955 774 4022 dolii
800 3954 904 4039 quinis
926 3954 976 4019 vel
998 3955 1136 4038 septenis
1162 3956 1290 4039 punctis
1311 3956 1344 4020 in
1367 3955 1465 4040 plano
1488 3957 1609 4023 habeas

307 4071 343 4115 ro
367 4049 491 4113 ositam.

284 4069 306 4134 p
345 4070 515 4203 pPrimum
536 4133 632 4216 igitur
655 4137 805 4198 connecte
827 4135 948 4215 puncta
970 4129 1051 4212 F,G
1074 4153 1133 4216 per
1154 4138 1277 4197 rectam
1292 4131 1357 4210 Fa,
1383 4131 1512 4214 deinde,
1537 4157 1608 4199 cnm

285 4225 349 4306 OG,
375 4225 425 4290 CF
450 4247 489 4289 ex
510 4242 677 4307 processus
701 4220 912 4303 descriptione
935 4220 999 4284 sint
1021 4219 1185 4303 aequales,
1209 4219 1287 4286 exG
1311 4221 1610 4306 perpendicularem

285 4313 348 4378 duc
370 4311 481 4398 ianG,
506 4309 643 4396 quaesit
659 4309 720 4388 CO,
745 4310 1013 4392 continueturque
1037 4316 1217 4375 extrorsum
1239 4308 1463 4393 eliquansque.
1496 4311 1608 4376 Tertio

283 4423 344 4486 per
366 4401 441 4466 bina
463 4406 583 4486 puncta
606 4398 730 4476 extima,
754 4403 790 4462 ut
812 4393 852 4477 F,
876 4399 897 4462 S
921 4403 953 4460 et
980 4398 1205 4481 respondentia
1228 4419 1268 4462 ex
1289 4399 1395 4463 altero
1417 4399 1522 4466 latere
1546 4401 1609 4465 duo

284 4496 388 4556 rectas
419 4497 451 4554 et
478 4487 628 4556 continua
654 4485 726 4550 illas
757 4506 859 4568 usque
895 4486 927 4550 in
953 4487 1247 4570 perpendicularem
1283 4487 1336 4552 00
1372 4488 1607 4554 continuatam.

285 4577 405 4656 Quodsi
434 4577 558 4661 relique
586 4581 707 4660 puncta
729 4596 792 4640 uon
815 4573 934 4639 luerint
959 4575 1046 4640 intra
1075 4576 1274 4660 complexum
1303 4575 1418 4640 harum
1447 4577 1607 4643 bnearum

284 4665 412 4732 inventa
435 4667 550 4748 omnia,
572 4665 622 4731 vel
644 4663 757 4728 saltem
780 4663 939 4729 exteriora
959 4663 993 4726 in
1011 4662 1074 4728 hac
1095 4664 1166 4749 ipsa
1186 4663 1287 4736 linea,
1310 4672 1368 4730 aut
1390 4665 1419 4730 si
1438 4665 1524 4731 duae
1545 4666 1607 4730 hae

285 4753 389 4820 lineae
411 4754 627 4820 concurrerint
648 4751 735 4832 alibi,
764 4771 863 4837 quam
885 4752 916 4818 in
943 4752 1014 4836 ipsa
1040 4751 1300 4838 perpendiculari
1323 4751 1376 4818 CO
1405 4755 1604 4832 continuata,
