3396 5540
670 282 777 344 Eclogee
800 281 944 332 Clrronieue.
1006 289 1009 298 ¹
1401 281 1465 341 4t3

145 455 261 518 ‚ludaei
297 455 403 520 solent
437 475 544 519 omnes
580 475 703 518 menses
737 453 958 520 intercalarius
996 453 1124 536 plenos,
1161 455 1191 518 id
1228 461 1277 519 est
1312 456 1464 520 tricenium

147 543 272 606 dierum
302 543 512 622 constituere,
548 565 613 626 qua
639 544 764 608 ratione
790 543 843 620 lit,
876 549 914 606 ut
945 542 1068 606 occulte
1098 543 1164 612 siue
1194 565 1289 608 seusu
1320 551 1369 608 tot
1398 544 1465 610 dies

144 631 348 710 intercalent,
374 637 452 714 quot
475 633 673 698 constituunt
694 633 787 715 paria
808 631 963 696 mensium
983 630 1233 698 intercalarium
1279 633 1360 700 Cum
1382 633 1466 698 enim

145 719 296 784 bimestre
330 727 457 804 tempus
492 722 534 786 sit
568 721 691 787 dierum
729 725 784 799 59,
820 720 881 802 ipsi
911 718 1035 784 duobus
1065 719 1224 784 mensibus
1254 719 1465 786 intercalariis

145 809 226 872 dant
256 811 308 872 60.
355 809 466 892 Neque
494 815 602 874 tamen
632 808 750 874 sufficit
780 809 822 873 ad
852 829 982 899 cursum
1011 809 1120 874 Lunae
1148 807 1372 874 haec-dierum
1393 829 1467 876 eum

144 896 309 961 mensibus
331 897 574 962 intercalaribus
596 899 701 962 latens
722 896 943 962 intercalatio:
966 898 1044 978 quin
1067 896 1138 960 aliis
1160 897 1355 962 etiamdoois
1379 899 1464 964 ordi·

145 986 312 1050 nariorum
338 987 494 1050 mensium
521 986 681 1051 interdurn
708 986 802 1051 unius
829 985 892 1049 diei
919 985 1163 1050 intercalatione
1185 1006 1266 1068 opus
1288 991 1347 1072 est.
1393 987 1466 1052 Non

89 1073 95 1086 '
144 1073 192 1138 sic
212 1072 331 1138 Judaei
353 1081 478 1139 veteres
501 1095 540 1140 ex
554 1075 724 1158 Epiphanii
746 1073 913 1138 relatione.
947 1072 1108 1149 Quantum
1131 1074 1214 1138 enirn
1236 1073 1342 1140 deficit
1363 1075 1463 1156 longi·

144 1161 226 1226 tuclo
247 1161 367 1227 mensis
389 1183 447 1227 seu
468 1168 508 1228 59
532 1163 656 1228 dierum
675 1183 734 1246 pro
754 1162 878 1226 dnobus
900 1161 1072 1240 mensibus,
1094 1161 1237 1226 idemne
1259 1169 1414 1244 reputant
1434 1169 1467 1227 et

145 1251 302 1332 colligunt
320 1252 353 1315 in
368 1251 432 1316 fine
454 1251 531 1316 anni
553 1271 611 1316 seu
625 1253 779 1316 mensium
801 1251 1034 1316 ordinariorum
1049 1249 1237 1329 duodecim
1256 1251 1466 1319 dissimulatis

144 1339 308 1408 mensibus
338 1339 603 1420 intercalaribus;
634 1361 738 1422 neque
758 1339 938 1404 discrimen·
956 1340 1145 1422 quantitatis
1175 1333 1361 1404 statu'erunt
1382 1340 1467 1404 inter

144 1449 288 1492 mensem
316 1447 514 1494 communem
542 1435 574 1493 et
595 1429 844 1494 intercalarium.
896 1424 986 1492 Sicut
1013 1429 1096 1492 1111
1122 1447 1304 1494 communes
1333 1429 1472 1494 alternis

144 1521 223 1580 sunt
244 1517 333 1599 pleni
359 1522 392 1581 et
415 1518 484 1582 cavi
513 1517 689 1597 ordinarie,
717 1517 763 1582 sic'
789 1518 885 1582 etiam
910 1516 1119 1581 intercalares
1147 1518 1278 1582 alternis
1303 1521 1465 1583 301129

144 1604 269 1670 dierum
291 1610 488 1688 statuerunt.
533 1607 635 1689 Igitur
660 1607 752 1672 annis
778 1604 925 1688 siugulis,
954 1604 1087 1687 perinde
1109 1625 1148 1670 ac
1170 1607 1197 1670 si
1219 1625 1329 1670 omnes
1358 1613 1466 1670 essent
1584 1617 1588 1626 '

143 1693 322 1776 simplices,
359 1694 562 1778 imputarunt
590 1694 686 1760 horas
716 1703 891 1778 quaternas
917 1694 1120 1776 appendices.
1166 1693 1229 1760 Ubi
1254 1700 1350 1774 nota,
1378 1691 1466 1776 quod

143 1781 227 1846 hora
241 1803 300 1864 per
321 1783 427 1848 totuin
442 1781 657 1867 Epiphaniam
679 1789 864 1849 constanter
882 1783 969 1848 valet
982 1787 1109 1846 nostras
1124 1781 1218 1846 horas
1235 1782 1324 1848 duas.
1357 1783 1466 1848 Trium
1541 1831 1545 1836 -

143 1871 246 1952 igitur
277 1891 436 1936 annorum
465 1871 562 1936 horae
591 1871 784 1955 appendices
817 1875 856 1936 12
891 1869 1035 1936 conflant
1067 1869 1169 1936 diem:
1203 1871 1315 1953 itaque
1348 1879 1466 1953 quarto
1557 1913 1563 1932 .

142 1979 276 2042 quoqne
298 1980 383 2024 auno
406 1961 439 2025 in
461 1959 572 2044 aliquo
593 1981 633 2025 ex
654 1973 710 2024 sex
732 1960 819 2026 cavis
842 1957 1062 2024 communibus
1084 1955 1245 2024 mensibus
1274 1959 1466 2026 addiderunt
1572 1959 1580 1968 '

142 2047 248 2125 diem,
278 2053 315 2111 ut
336 2053 403 2112 tres
430 2049 581 2114 continue
609 2049 694 2133 pleui
716 2071 749 2114 se
769 2055 882 2114 mutuo
911 2049 1168 2132 insequerentur.
1215 2049 1328 2131 Neque
1357 2056 1466 2114 tamen

141 2136 205 2200 hoc
226 2142 382 2220 perpetuo
405 2137 516 2203 ordine
538 2135 753 2210 obseruatum.
799 2136 861 2201 Ubi
883 2135 968 2201 enim
989 2137 1049 2202 hoo
1071 2135 1192 2213 iactum
1213 2138 1246 2202 in
1268 2157 1354 2202 anno
1379 2142 1408 2216 3,
1433 2141 1463 2216 6,

143 2228 175 2301 9,
203 2229 252 2295 12,
276 2231 389 2307 postea
411 2227 444 2291 in
468 2230 507 2291 13
531 2233 564 2292 11
589 2233 629 2292 14
651 2229 855 2310 imputarunt
884 2225 1017 2308 singulis
1044 2223 1140 2290 horas
1167 2245 1279 2304 senas,
1304 2231 1342 2290 ut
1363 2227 1410 2290 ita
1433 2231 1466 2290 et

142 2313 178 2376 in
201 2312 316 2378 ultimo
338 2309 466 2380 bimmio
489 2315 680 2380 conflaretur
703 2315 770 2380 dies
792 2315 916 2396 integer
939 2319 971 2378 et
993 2315 1039 2378 sic
1061 2315 1094 2377 in
1115 2313 1211 2380 annis
1232 2319 1273 2380 14
1295 2313 1464 2382 intercala-

143 2407 260 2466 rentur
276 2401 344 2466 dies
362 2403 510 2485 quinque.
544 2403 582 2468 Id
599 2409 708 2468 autem
722 2404 769 2467 sic
783 2403 1024 2490 intelligendum
1040 2423 1119 2480 esse,
1136 2399 1261 2486 patebit
1277 2423 1318 2468 ex
1329 2423 1465 2486 sequen-

142 2488 248 2554 tibus:
283 2499 327 2555 111
362 2490 421 2574 παρ’
444 2492 545 2564 αὐτοις
568 2517 650 2556 aene
672 2519 759 2574 pqree
781 2497 933 2556 τελονπαι
954 2492 1106 2570 ἐμβολιμοι
1129 2491 1238 2572 111111
1259 2500 1465 2572 occurrentes.

144 2578 227 2643 (lum
273 2578 355 2643 haec
389 2581 760 2646 tessarescaedecaiiteris
797 2599 910 2645 musas
940 2577 1058 2644 habeat
1091 2575 1227 2660 multas,
1263 2579 1466 2664 Epiphanius
1507 2610 1510 2616 ·

142 2667 247 2732 multo
270 2667 433 2733 confusius
455 2669 558 2733 tradit
577 2676 682 2734 totam
704 2670 788 2735 hanc
810 2668 997 2748 docti-inam.
1032 2668 1153 2734 Verum
1167 2675 1225 2746 est,
1249 2668 1336 2734 iuter
1351 2689 1466 2732 causas
1555 2669 1559 2676 “

142 2761 176 2818 11
198 2755 283 2820 hanc
305 2771 382 2836 esse,
407 2757 495 2840 quod
509 2757 543 2821 in
559 2761 601 2822 40
624 2759 714 2822 anuis
737 2763 813 2822 suut
832 2739 1046 2822 intercalandi
1061 2756 1128 2822 dies
1144 2756 1297 2840 quinque.
1327 2757 1366 2822 Id
1389 2777 1465 2822 sero

143 2843 344 2928 Epiphanius
365 2845 509 2910 nondum
531 2847 627 2931 plane
648 2846 869 2929 explicaverat
887 2853 919 2909 et
941 2851 1050 2910 111111
1074 2847 1142 2929 jam
1164 2845 1274 2910 statim
1302 2844 1464 2910 subnectit

141 2941 198 2997 tao.
245 2932 310 3010 Qut
330 2954 369 2998 ex
390 2935 551 3016 prioribus
574 2935 746 3020 Epiphanii
774 2933 880 2999 verbis
908 2933 1029 3016 colligit
1050 2933 1195 3013 incaute,
1228 2934 1371 3017 quinque
1394 2931 1463 2998 dies
1562 2918 1578 2986 ·¹

142 3028 324 3104 competere
345 3023 378 3086 in
401 3043 502 3088 annos
533 3024 732 3106 quindecim,
763 3045 828 3088 non
852 3023 976 3108 injuria
1000 3022 1170 3088 mirabitur
1201 3023 1464 3104 consequentiam

141 3108 183 3173 ab
208 3111 301 3174 annis
328 3116 366 3175 15
389 3110 424 3174 in
446 3133 546 3190 annos
572 3118 621 3177 14.
668 3111 731 3178 Sed
753 3113 832 3196 quia
854 3114 924 3196 jam
950 3132 1050 3196 supra
1076 3131 1133 3192 ego
1160 3111 1307 3195 supplevi
1333 3129 1464 3176 sensum

140 3199 296 3278 auctoris,
330 3205 421 3284 patet
447 3203 516 3284 jam
545 3202 785 3285 consequentia.
830 3200 943 3283 Neque
974 3201 1020 3264 sic
1041 3201 1244 3282 accipiendus
1273 3205 1339 3278 est,
1370 3199 1464 3283 quasi
1585 3237 1589 3246 ι

140 3294 277 3370 propter
304 3287 583 3354 intercalationem
613 3290 738 3355 dierum
766 3290 1006 3354 intercalentur'
1029 3295 1062 3352 et
1091 3309 1225 3354 menses.
1271 3288 1348 3352 Dies
1379 3289 1465 3352 enim

139 3381 192 3438 est
221 3375 463 3442 intercalandus
494 3375 535 3442 oh
557 3377 674 3461 phasea
697 3379 817 3444 Lunae.
862 3379 1057 3448 Lunatioaes
1088 3398 1163 3441 rere
1192 3376 1337 3460 integrae
1366 3377 1465 3442 inter·

139 3464 300 3529 celandae
334 3464 375 3530 ob
401 3471 609 3549 tempestates
642 3467 732 3537 anni..
779 3465 842 3532 Sed
873 3466 936 3530 hoe
968 3466 1064 3530 modo
1096 3486 1186 3530 meus
1202 3465 1385 3547 Epiphanii
1415 3471 1465 3530 est

138 3553 339 3635 excipienda,
371 3573 502 3618 causam
532 3555 670 3619 alteram
700 3553 1096 3620 tessarescaidecaiiteridis
1119 3575 1190 3618 esse
1205 3554 1301 3632 hane,
1320 3553 1406 3636 quod
1429 3555 1465 3618 in

138 3647 191 3706 tot
214 3643 306 3706 annis
332 3647 407 3706 sunt
432 3643 647 3708 intercalandi
675 3665 800 3709 menses
830 3643 990 3727 quinque,
1021 3643 1157 3708 totidem
1184 3642 1351 3720 nimirum,
1383 3649 1465 3725 quot

138 3730 221 3794 (lies.
251 3731 360 3814 Atque
382 3730 444 3795 hoc
466 3749 632 3796 commune
647 3737 697 3797 est
711 3731 856 3797 omnibus
878 3731 1026 3814 gentibus
1041 3730 1164 3796 humari
1186 3751 1272 3796 anuo
1287 3730 1464 3810 utentibus,

139 3819 235 3882 utin
262 3824 299 3882 14
322 3818 416 3884 annis
439 3821 631 3885 intercalent
651 3842 777 3886 menses
800 3821 953 3902 quinque.
999 3821 1044 3884 At
1064 3839 1128 3884 uon
1155 3824 1310 3904 reputent
1336 3825 1464 3896 ceterae

138 3912 252 3989 gentes
281 3915 449 3972 1111114
480 3929 538 3992 pro
568 3909 676 3993 cyclo.
711 3909 777 3974 cur
807 3915 915 3974 autem
943 3907 1060 3974 ludaei
1090 3907 1177 3972 hunc
1206 3927 1377 3974 numerum
1404 3927 1464 3991 pro

138 3996 230 4080 cyclo
253 4002 413 4079 reputent,
436 3997 594 4082 primaria
615 3988 774 4064 musach
796 3997 977 4082 Epiphanio
993 4018 1064 4063 *uon
1088 4003 1138 4062 est
1159 3997 1263 4062 dicta:
1288 3995 1486 4062 hebdomas
1588 4045 1590 4055 .

138 4105 302 4150 annorum
324 4085 448 4168 legalis,
473 4105 557 4170 quae
577 4086 666 4153 nohis
685 4089 753 4172 jam
767 4093 954 4152 numeretur
977 4107 1036 4168 pro
1050 4087 1149 4150 tertia
1170 4105 1280 4150 causa.
1310 4084 1466 4167 Sequitur

139 4193 181 4237 ex
205 4173 389 4258 Epiphanio
417 4179 545 4257 quarta.
591 4181 650 4241 Δια
671 4201 705 4240 το
732 4176 928 4258 apamenum
955 4173 1015 4240 1111
1042 4201 1095 4240 τον
1122 4172 1244 4256 ἡλιακον
1271 4183 1382 4256 dpeuoa
1404 4195 1467 4240 cur

138 4287 314 4345 cataractas
336 4261 476 4344 ἑξηκοπα
498 4288 581 4328 ram
604 4262 719 4346 ἡμερων
744 4291 792 4330 και
821 4262 907 4346 deur
933 4289 1020 4348 11111
1042 4289 1094 4346 rur
1116 4289 1186 4341 urar
1208 4261 1299 4348 clauc.
1343 4261 1463 4326 vernn

139 4357 201 4430 est,
223 4359 262 4416 ut
285 4371 326 4415 ex
346 4350 556 4433 sequentihus
577 4351 713 4436 patebit
735 4343 816 4418 haec
829 4351 927 4418 verba
949 4352 1139 4436 principium
1159 4352 1267 4420 iacere
1281 4349 1332 4416 ed
1354 4353 1462 4414 osten·

137 4439 278 4505 dandam
293 4440 532 4520 connexionem,
547 4442 706 4523 quomodo
714 4461 755 4505 ex
762 4439 1006 4507 intercalatione
1018 4441 1143 4506 (1111111
1155 4440 1297 4524 quinque
1308 4441 1464 4520 sequatur

138 4530 248 4612 cyclus
271 4547 432 4592 annorum
458 4534 516 4610 143
539 4529 596 4594 sed
617 4537 727 4595 111111
746 4529 891 4608 involvit,
914 4530 1058 4604 111111
1080 4527 1235 4612 probabo,
1258 4531 1410 4609 quartam
1431 4531 1465 4590 et

137 4625 327 4703 separatam
350 4635 480 4680 causam
502 4618 582 4701 cycli
603 4617 710 4704 hujus.
753 4618 910 4682 Nimirum
928 4615 1045 4684 Judaei
1068 4618 1115 4682 illi
1134 4622 1203 4702 jam
1225 4619 1391 4680 senserant
1413 4612 1464 4677 vel

138 4727 175 4771 ex
192 4705 385 4790 Hipparcho
407 4705 595 4784 didicerant,
621 4708 698 4771 anni
714 4708 833 4773 Solaria
856 4707 1032 4788 quantitati
1053 4708 1193 4772 11111111
1209 4703 1332 4768 dierum
1356 4701 1460 4778 36111

136 4797 295 4862 ‹lecedcre
319 4794 449 4876 aliquid.
496 4798 541 4858 hc
568 4817 641 4860 cum
664 4797 867 4880 Hipparchus
894 4797 926 4876 in
953 4801 1015 4861 300
1044 4795 1137 4860 anuis
1163 4793 1247 4856 (11111
1273 4790 1464 4855 intercidere
