3412 5538
460 385 466 393 Ι
557 259 1014 418 Ιιιιιιιιιιιιι..ιιιιιιιι..
1093 266 1098 276 ’
1224 317 1270 377 ,·
1399 297 1461 362 ιιι

101 452 255 536 mmmm
269 474 353 520 voro
363 457 407 520 ad
416 457 495 533 hoc,
490 457 579 538 quod
595 457 669 522 dicit
678 456 774 562 Gaza,
788 465 911 522 veteres
927 459 1037 564 egisse
1036 462 1156 524 meuses
1166 461 1259 524 etiam
1273 459 1462 536 tricenarius,
1476 507 1478 518 .

103 553 131 610 et
144 543 410 626 superaddidisse
426 545 510 610 hisce
526 547 632 612 diebus
647 547 691 611 30
706 548 834 632 quinque
850 550 943 625 alios,
965 549 1050 612 etsi
1055 568 1112 631 quo
1134 551 1261 632 amplius
1276 551 1368 614 fuerit
1387 569 1463 632 opus

104 642 224 718 propter
248 636 464 717 quadrantem
485 636 571 712 anni,
593 637 624 700 in
640 656 676 700 eo
693 638 800 700 eadem
822 639 928 703 scribit
949 657 1016 703 cum
1038 638 1167 702 Gemino
1189 641 1337 723 scriptore
1356 638 1463 715 veteri,

109 726 153 810 qui
166 746 185 786 a
199 724 340 788 Petauio
357 725 536 806 producitur
551 683 591 808 (h,
606 721 652 808 7).
681 721 765 790 Huic
774 729 959 809 respondeo,
981 747 1102 792 menses
1125 747 1215 812 agere
1235 729 1414 792 tricenarios
1430 735 1464 790 et

110 813 233 896 singulis
258 813 353 878 annis
376 813 491 878 addere
507 815 608 894 diest
631 824 686 879 aut
699 816 902 894 interdumti,
922 818 955 880 id
970 817 1207 910 estinetitutum
1223 819 1463 901 antiquissimum

110 913 145 970 st
151 903 266 966 mundo
284 923 435 968 coaevum
448 903 567 970 inAsia
582 911 615 968 et
622 905 777 988 Aegypto
800 906 871 970 Etsi
885 907 978 989 igitur
993 897 1133 970 auctores
1148 909 1180 970 ιιι
1195 905 1463 988 possuntiutelligi

111 997 145 1059 de
158 983 331 1070 Asiaticis,
353 1012 412 1058 nec
434 1011 577 1075 expresse
593 991 917 1072 nominantGraecos,
940 1003 1106 1060 esttamen
1122 997 1274 1072 credibile,
1290 997 1462 1079 diatyposis

110 1087 187 1148 hanc
203 1083 278 1146 anni
295 1101 364 1146 cum
378 1081 484 1164 primis
500 1085 631 1147 omnium
646 1083 770 1160 colonis,
784 1085 872 1147 Jonis
886 1086 1028 1168 posteris,
1045 1105 1084 1148 ex
1097 1085 1184 1162 Asia,
1200 1087 1262 1154 ιιι
1265 1103 1332 1149 cum
1346 1085 1462 1151 Oadmo

112 1183 143 1240 et
153 1173 278 1236 Danais
294 1191 334 1235 ex
342 1173 512 1254 Aegypto
503 1193 535 1236 ιιι
545 1172 707 1237 Graeciam
723 1173 891 1248 devenisse.
916 1174 1098 1250 credideris,
1114 1194 1181 1243 cum
1190 1166 1323 1239 Graecia
1339 1174 1477 1256 exAsial

84 1287 88 1296 ·
111 1270 142 1326 et
154 1262 268 1327 Africa
290 1262 412 1326 nonnisi
403 1262 555 1326 'naribus
570 1263 712 1338 adeatur,
734 1263 872 1326 crebrum
892 1263 985 1328 maris
1000 1283 1087 1328 usum
1106 1265 1231 1347 ejusque
1246 1265 1344 1328 fluxus
1364 1272 1396 1326 et
1410 1283 1462 1326 re-

111 1355 226 1428 fluxus,
249 1351 382 1414 Lunaris
404 1371 510 1416 cursus
533 1353 682 1428 aemulos,
703 1351 871 1434 praeivisse
885 1353 1075 1436 Argonautis
1095 1353 1199 1418 illis
1170 1373 1266 1430 narn,
1288 1354 1328 1416 ad
1342 1371 1463 1416 menses

111 1443 182 1506 anni
197 1440 348 1522 primaevi
361 1441 496 1506 Asiatici
512 1449 546 1503 et
558 1441 743 1524 Aegyptiaci
757 1442 882 1524 propius
898 1444 937 1506 ad
952 1462 1123 1507 mensuram
1138 1443 1326 1512 lunationum
1341 1459 1462 1506 accom-
1490 1453 1492 1460 ’

110 1531 293 1596 medendos
332 1529 458 1594 Revoco
480 1531 574 1612 igitur
595 1531 741 1596 lectorem
762 1531 803 1594 ad
818 1549 870 1606 ca,
900 1552 977 1614 quae
997 1533 1029 1596 iu
1048 1553 1141 1596 causa
1155 1541 1326 1596 versantur.
1370 1531 1465 1596 Aliud

111 1619 326 1695 nimirumest,
341 1618 541 1700 pertinaciter
556 1621 727 1695 defendere,
741 1619 894 1684 Lunarem
910 1640 1021 1685 annum
1034 1621 1067 1685 in
1076 1621 1209 1687 Graecia
1224 1621 1263 1686 ab
1278 1622 1345 1704 ipso
1362 1621 1464 1703 gentis
1580 1685 1587 1701 ‚

111 1713 265 1778 humanae
280 1710 313 1774 in
328 1727 396 1772 eam
411 1709 545 1773 adventu
559 1710 590 1773 in
604 1729 661 1772 usu
676 1710 786 1773 fuisse:
810 1711 892 1775 aliud
907 1712 1009 1787 etiam,
1031 1711 1192 1776 defendere
1208 1731 1295 1775 usum
1305 1711 1382 1775 anni
1396 1710 1462 1772 Lu-

111 1797 197 1864 na'ris
219 1819 261 1862 ex
276 1798 459 1862 testimoniis
475 1799 594 1874 allatis,
616 1815 769 1881 quousque
791 1800 844 1863 illa
866 1801 904 1864 de
919 1801 1104 1883 antiquitate
1124 1803 1234 1866 testari
1248 1809 1386 1884 possunt
1421 1799 1465 1863 Et

111 1892 171 1954 hcc
193 1895 339 1971 respectu
360 1907 434 1952 sane
454 1909 515 1953 uon
538 1897 622 1952 esset
643 1889 774 1952 omnium
794 1891 908 1970 primus
930 1891 962 1954 in
985 1890 1133 1967 Graecia,
1160 1909 1257 1974 neque
1279 1891 1330 1954 ille
1349 1888 1464 1954 veteris

112 1978 248 2043 Romani
263 1977 379 2052 similis,
394 1997 491 2061 neque
507 1977 625 2041 omnino
639 1978 771 2042 Lunaris
787 1997 892 2043 annus.

203 2061 242 2150 ’1)
264 2067 319 2130 Ad
333 2067 410 2130 alias
431 2068 647 2143 auctoritates,
670 2087 708 2131 ex
727 2069 834 2150 quibus
855 2070 940 2152 sequi
961 2069 1095 2147 videtur,
1116 2071 1273 2134 veteribus
1289 2067 1418 2132 Graecis
1433 2067 1465 2129 in

111 2179 170 2222 usu
193 2158 289 2222 fuisse
311 2175 423 2220 annum
443 2158 591 2221 mensium
612 2157 842 2221 tricenariorum
866 2160 921 2236 12,
943 2160 1009 2223 sine
1024 2159 1271 2264 epagomenisb,
1293 2157 1464 2262 respondeo
1519 2187 1523 2194 ·

111 2248 204 2332 paulo
228 2247 321 2310 aliter
342 2265 432 2329 quam
455 2245 550 2310 Gaza
587 2248 683 2312 Putat
703 2247 754 2310 ille
775 2247 993 2324 Aristotelem,
1012 2267 1080 2311 cum
1101 2249 1237 2331 quintam
1260 2247 1331 2310 anui
1345 2252 1465 2328 partem

112 2339 181 2402 fnit
196 2337 304 2400 diebus
320 2329 363 2400 ’12
376 2339 444 2407 (Pet
457 2344 478 2404 1,
490 2341 535 2408 ιι..)
549 2337 587 2400 ob
603 2337 707 2400 oculos
721 2336 865 2400 habuisse
883 2339 1050 2400 l2menses
1067 2335 1274 2412 anniSolaris,
1290 2337 1464 2398 dissimula-

113 2428 155 2492 tis
170 2426 377 2509 epagomenis.
412 2424 460 2488 At
480 2445 506 2488 ιι
498 2425 661 2489 Solarem
676 2426 773 2488 solum
794 2427 832 2490 ob
849 2428 953 2490 oculos
973 2427 1093 2502 habuit,
1116 2427 1187 2508 quid
1203 2445 1278 2508 opus
1298 2425 1356 2488 fuit
1371 2424 1464 2487 dissi-

113 2517 230 2580 mulare
246 2515 267 2579 5
284 2514 517 2596 epagomenos?
539 2534 628 2597 quam
643 2515 733 2578 facile
747 2516 792 2578 illi
814 2516 886 2591 fuit,
909 2517 1044 2597 quintam
1058 2524 1178 2597 partem
1194 2514 1294 2578 dicere
1318 2514 1383 2578 dies
1400 2509 1465 2577 ¹13?
1596 2529 1601 2552 ·

115 2607 199 2670 ldalo
214 2605 320 2686 itaque
335 2604 520 2686 respondere
536 2612 574 2666 ut
588 2605 671 2685 prius
688 2611 720 2666 et
735 2605 798 2668 fere
812 2606 1022 2668 utPetavius:
1053 2605 1289 2687 superficiariam
1305 2623 1373 2666 esse
1390 2623 1466 2666 con·

116 2695 335 2760 siderationem
357 2693 429 2756 anui
445 2691 558 2756 Graeci
578 2694 738 2775 simplicis,
763 2693 804 2756 12
819 2700 1013 2758 constantem
1027 2695 1189 2770 mensibus,
1205 2694 1312 2776 quibus
1328 2693 1465 2755 omnibus
1554 2745 1558 2756 ,

117 2805 172 2850 sua
186 2807 311 2865 rpsaaac
320 2783 501 2858 nominetur,
515 2789 550 2844 ut
565 2784 698 2864 speciem
711 2783 847 2847 habeant
861 2784 1106 2859 tricenariorum;
1122 2783 1232 2867 quippe
1243 2801 1310 2846 cum
1324 2800 1465 2845 uumerus

118 2876 210 2938 ctiam
225 2873 292 2938 360
308 2873 351 2936 sit
365 2871 482 2934 medius
497 2871 578 2935 inter
592 2871 657 2936 354
673 2881 705 2935 et
720 2872 785 2936 365
801 2880 834 2936 et
848 2881 1010 2955 praeterea
1025 2874 1214 2936 articulatus.
1251 2867 1319 2935 Hac
1334 2889 1467 2952 respone

118 2964 210 3028 sionis
233 2965 342 3032 forma
355 2961 511 3024 satisfacio
534 2963 628 3025 etiam
649 2962 717 3025 aliis
740 2963 975 3043 objectionibus,
997 2970 1033 3025 ut
1048 2971 1098 3026 est
1111 2963 1164 3027 illa
1185 2963 1222 3024 dc
1245 2960 1310 3025 360
1324 2960 1465 3042 partibus

117 3054 249 3118 brbuum
269 3052 446 3115 Atticorum
464 3055 532 3121 (Pet
545 3059 571 3120 1,
583 3055 620 3124 l).
655 3051 779 3114 Etenim
800 3052 826 3115 si
848 3053 1041 3115 Athenarum
1061 3052 1257 3134 legislatores
1280 3051 1311 3113 in
1333 3050 1466 3112 tribuum

118 3141 333 3206 distributione
356 3140 456 3204 animo
475 3141 606 3204 fuissent
629 3141 778 3222 complexi
799 3143 1003 3224 quantitatem
1031 3142 1102 3204 anni
1124 3139 1256 3217 Solaris,
1283 3146 1347 3203 tam
1376 3138 1465 3202 facile

117 3233 190 3314 ipsis
206 3231 334 3314 fuisset,
356 3249 396 3292 ex
410 3229 584 3311 4'psrtibus
605 3236 637 3293 et
659 3249 698 3292 ex
714 3231 755 3294 12
769 3231 907 3294 tribubus
922 3232 1023 3294 facere
1046 3238 1147 3294 sortes
1162 3231 1242 3306 365,
1266 3247 1355 3312 quam
1377 3227 1466 3290 facilc

118 3323 174 3386 fuit
187 3321 305 3396 Persis,
321 3339 361 3382 ex
376 3320 483 3382 eadem
498 3338 592 3383 causa
607 3319 671 3384 365
677 3321 805 3400 juvenes
821 3321 1007 3384 constituere
1022 3321 1053 3383 in
1067 3338 1187 3401 pompa.
1220 3320 1267 3382 At
1281 3318 1352 3400 quia
1366 3335 1465 3399 popu-

117 3411 189 3476 laris
204 3429 322 3486 sermo,
344 3409 391 3472 sui
406 3409 516 3472 erroris
531 3409 589 3472 sibi
605 3410 756 3485 conscius,
777 3409 943 3473 celebravit
958 3410 1022 3472 dies
1045 3407 1110 3473 360
1130 3405 1273 3491 (propter
1289 3407 1330 3469 12
1345 3429 1465 3487 ιριακα-
1572 3423 1575 3430 ·

118 3495 195 3582 tce),
210 3499 351 3582 quamvis
365 3517 438 3560 uere
454 3505 687 3562 essenttautum
696 3499 769 3574 354,
784 3498 852 3562 ideo
862 3499 964 3561 factae
980 3507 1051 3561 sunt
1066 3499 1196 3561 totidem
1209 3503 1316 3579 partes
1325 3497 1466 3559 tribuum

117 3591 264 3655 Nimirum
288 3605 384 3669 aeque
406 3587 494 3650 facile
518 3588 682 3662 credimus,
710 3589 779 3651 illos
801 3589 860 3664 hac
886 3588 917 3650 iu
944 3587 1222 3669 divisionepopuli
1251 3583 1467 3649 constituenda

118 3681 277 3744 simulasse
294 3678 362 3740 dies
377 3675 451 3753 360,
467 3695 541 3759 quos
557 3677 697 3742 sciebant
710 3697 778 3740 esse
794 3658 869 3752 354,
883 3695 921 3740 ac
934 3677 1081 3740 Petavius
1095 3697 1152 3740 nos
1166 3677 1234 3740 vult
1248 3675 1381 3751 credere,
1396 3675 1466 3738 illos

119 3769 328 3834 dissimulasse
351 3766 488 3829 residuos
511 3766 576 3830 dies
592 3767 612 3830 5
629 3786 700 3829 aum
691 3766 900 3842 'Solaris,1n
917 3785 1005 3848 quem
1020 3766 1123 3828 oculos
1138 3765 1301 3829 habuerint
1322 3765 1467 3827 intentos.

118 3858 157 3922 bit
178 3858 303 3942 quidem
324 3856 400 3920 illud
420 3854 523 3937 potius
544 3856 741 3931 credendum,
757 3875 858 3937 quam
872 3857 947 3930 hoc,
979 3855 1084 3937 probo
1100 3874 1139 3918 ex
1162 3855 1230 3918 loco
1255 3855 1354 3918 altero
1375 3852 1467 3916 Plinii

118 3953 219 4020 (Ριιι,
238 3953 287 4022 8.,)
302 3963 354 4027 qm
345 3945 459 4026 plane
475 3945 533 4008 huc
547 3945 692 4048 pertinet
726 3903 801 4008 illae
817 3963 944 4026 namque
960 3943 1025 4008 360
1040 3944 1189 4007 Phalereo
1205 3945 1325 4025 positae
1342 3949 1466 4005 statuae

118 4057 174 4102 ncn
189 4036 334 4102 consulto
351 4035 391 4098 ad
407 4035 471 4096 dies
487 4035 557 4097 anni
574 4034 929 4097 fueruntacommodatae
945 4035 1031 4115 quasi
1047 4034 1085 4095 de
1100 4052 1188 4108 novo,
1203 4034 1258 4096 sed
1274 4051 1341 4095 cum
1356 4032 1467 4095 dudum

118 4135 220 4190 caseum
235 4125 369 4190 tolidem
384 4123 525 4199 familiae,
541 4123 695 4205 quaelibet
709 4123 812 4204 posuit
825 4143 916 4186 unam
932 4129 1075 4185 statuam.
1112 4121 1212 4186 Addit
1231 4129 1335 4184 ιιιιιιιι
1349 4120 1467 4186 Plinius

118 4235 252 4300 cauum.
280 4214 435 4292 ,noudum
456 4232 611 4276 numerum
625 4212 704 4276 hunc
727 4212 842 4275 dierum
856 4231 934 4276 anuo
951 4209 1465 4294 excedente“,quibusverb1sdr

118 4315 195 4371 certe
210 4310 391 4370 removetur
405 4311 563 4382 respectus
579 4322 650 4366 anm
642 4301 784 4364 'Solaria
806 4302 845 4365 ab
859 4302 1028 4364 intentione
1045 4309 1078 4364 et
1093 4308 1263 4365 statuarum
1286 4307 1319 4363 et
1334 4297 1465 4362 familia·

117 4397 337 4476 rumltaquc
357 4392 505 4455 Petavius
526 4391 662 4473 nequivit
685 4399 757 4454 tunc
783 4397 938 4453 auctorem
960 4391 1024 4454 sine
1047 4389 1281 4473 reprehensione
1304 4389 1466 4460 dimittere,

116 4487 225 4550 nisiae
249 4484 368 4548 victum
390 4481 486 4544 vellet
510 4481 609 4544 fateri.
654 4478 905 4544 considerarim
926 4481 1102 4543 testimonii.
1145 4479 1262 4544 Plinius
1287 4495 1398 4542 annum
1420 4472 1466 4538 sui

116 4577 260 4660 temporis
275 4573 422 4638 Solarem
438 4571 563 4652 opponit
584 4589 664 4632 anuo
679 4568 777 4639 veteri
793 4568 988 4634 Graecorum.
1021 4567 1129 4640 Qualis
1143 4587 1216 4633 vero
1239 4568 1296 4631 fuit
1317 4567 1369 4630 ille
1384 4571 1465 4626 tenr-

112 4685 180 4746 pore
195 4661 370 4731 Phalerei?
400 4660 554 4742 Numquid
568 4679 639 4722 vere
653 4659 793 4734 Lunaris,
809 4659 924 4722 dierum
939 4659 1024 4723 3541
1053 4658 1096 4721 Et
1111 4665 1214 4721 tamen
1228 4656 1345 4719 Plinius
1360 4671 1399 4715 ex
1412 4652 1466 4716 illo

112 4758 307 4822 occasionem
322 4752 449 4815 derivat
462 4749 577 4812 numeri
592 4748 666 4812 360.
697 4747 858 4813 Credidit
849 4750 957 4830 igitur,
978 4749 1048 4812 illos
1071 4747 1111 4810 ad
1128 4749 1167 4810 12
1183 4749 1343 4826 ιριακαιας
1357 4759 1465 4824 respe-

109 4846 198 4926 xisse,
213 4854 251 4911 ut
266 4861 329 4926 ego
347 4839 513 4916 contendo,
527 4857 587 4902 non
600 4839 643 4902 ad
661 4838 709 4902 12.
716 4837 921 4902 tricenarius
912 4859 945 4902 m
959 4837 1061 4903 Solari
1075 4855 1154 4901 auno
1170 4851 1299 4910 menses,
1319 4837 1354 4896 ut
1367 4829 1465 4896 Pera
