3390 5542
553 223 751 274 'stereometris
767 221 835 274 Delii
854 195 988 274 Auslriaci.
1377 227 1417 290 52
1422 229 1439 288 5
1505 276 1510 290 Ι

204 395 516 462 Demonstrationem
546 397 720 479 legitimam
750 402 807 462 aut
835 396 1077 478 refutationem,
1099 398 1136 476 ‚si
1159 419 1238 482 opus
1261 403 1318 480 est,
1343 419 1438 486 expe·

112 485 206 552 dicut
228 485 400 552 Suellius
422 488 690 566 autddriauus
713 487 917 568 Romanus,
941 486 1102 570 Apollonii
1116 486 1244 570 Belgae.
1279 489 1441 574 Perergon

113 575 246 659 quidem
276 583 326 658 est
347 573 396 638 hic
426 581 459 640 et
488 575 663 659 episagma.
695 573 782 656 qnod¹
805 597 936 660 scopum
959 576 1076 642 attinet
1097 574 1211 654 libelli,
1245 579 1441 661 cognationis

111 672 225 730 tamen
248 683 346 727 carisa
368 685 440 728 cum
455 665 657 748 praecedenti
679 664 730 728 hic
751 663 958 746 adscriptum,
983 663 1072 750 cdjus
1093 657 1264 732 similitudo
1287 689 1360 732 cum
1382 666 1442 732 hoc

112 753 253 836 primam
275 752 351 819 nihi
381 751 475 818 fidem
497 753 589 831 lecit,
619 752 679 823 etsi
701 751 808 842 trunci
829 752 1051 836 praecedentis
1074 751 1280 819 theorematis
1307 777 1372 822 non
1396 757 1441 822 sic

113 839 277 925 conjugati
298 848 381 919 sunt,
406 846 443 906 ut
465 863 523 908 nos
547 842 700 906 hactenus
723 840 805 906 hanc
827 862 936 906 vocem
959 841 1198 924 usurpavimus,
1222 845 1441 927 supersedens

113 937 224 994 tannen
254 933 287 994 et
307 929 380 1013 ,ipsi
414 929 564 1012 diagonio
594 937 669 996 sunt
705 929 867 1014 descripti,
904 937 937 998 et
967 929 1088 996 habent
1119 931 1252 995 eandem
1289 933 1373 998 inter
1407 955 1440 998 se

113 1017 358 1104 proportionem
388 1017 529 1098 basium,
561 1018 829 1104 quemadmodum
853 1017 949 1084 ceteri
976 1020 1135 1104 conjugati
1165 1018 1287 1084 habent
1303 1021 1440 1086 ,eandem

112 1109 202 1172 inter
232 1127 266 1170 se
289 1109 527 1190 proportionem
549 1108 699 1174 diametri
723 1107 806 1172 basis
828 1107 959 1172 minoris
981 1107 1024 1174 ad
1046 1107 1130 1172 latus
1153 1108 1301 1188 acclive„
1419 1103 1424 1115 '

206 1195 317 1261 Altera
346 1195 426 1260 dixis
444 1203 505 1261 est
536 1219 575 1262 ex
605 1197 801 1282 proprietate
828 1195 1059 1282 conjugationis
1089 1193 1222 1280 cylindri
1244 1197 1382 1276 maximi,
1407 1205 1441 1264 et

114 1286 203 1369 qnod
230 1285 263 1348 in
293 1285 557 1368 praecedentibus
588 1286 818 1364 demonstravi,
850 1306 920 1350 esse
949 1285 1092 1368 aliquam
1113 1276 1314 1352 altitudinem
1336 1287 1441 1352 trunci

115 1372 279 1459 conjugati
309 1377 462 1459 majorem
492 1375 662 1440 altitudine
691 1365 828 1458 cylindri
849 1374 995 1454 maximi,
1025 1373 1169 1458 aliquam
1198 1374 1254 1442 illa
1275 1375 1440 1456 minorem,

115 1483 256 1547 quarum
278 1469 486 1546 utrorumque
507 1467 615 1530 trunci
637 1465 701 1529 sint
715 1464 865 1546 aequales
888 1463 1029 1545 cylindro
1045 1463 1200 1542 maximo,
1225 1463 1315 1530 illum
1338 1465 1440 1548 ipsum

116 1573 206 1627 vero,
239 1551 299 1634 qui
332 1557 380 1616 est
409 1551 599 1636 aequealtus
634 1553 787 1628 maximo,
820 1558 953 1616 truncus
988 1551 1140 1636 cylindro,
1176 1571 1292 1635 corpus
1322 1551 1440 1618 habero

115 1643 238 1724 majus,
270 1647 301 1706 et
327 1641 494 1724 utrinque,
526 1647 594 1706 tam
621 1661 731 1708 versus
758 1640 941 1723 'cylindrum
965 1645 1187 1726 conjugatum,
1211 1661 1309 1723 quam
1331 1661 1441 1706 versus

115 1737 249 1794 cuncos
279 1727 475 1794 humillimos
508 1729 692 1796 decrescere
717 1739 859 1796 truncos.
913 1727 1017 1794 Causa
1036 1729 1147 1812 ‘igitur
1175 1730 1266 1796 nulla
1294 1737 1460 1814 apparet·

115 1839 174 1882 cur
203 1816 281 1882 alibi
310 1819 342 1884 iu
365 1819 478 1883 vicinia
500 1820 653 1885 consistat
687 1825 774 1884 meta
795 1819 938 1903 corporis
968 1819 1245 1899 incrementorum,
1276 1839 1375 1901 qnam
1408 1820 1442 1885 in

115 1907 179 1972 hoc
201 1905 281 1989 ipsa.
1103 1971 1108 1982 ,

208 1995 297 2066 Adde
320 1988 468 2064 iudicium
489 1995 617 2062 calculi·
660 1995 707 2061 Sit
730 1997 920 2080 conjugatio,
944 1995 978 2060 br
1001 2015 1065 2078 qua
1080 1995 1237 2060 diameter
1261 1993 1302 2059 CI
1324 2001 1442 2079 aequet

116 2085 319 2149 altitudinem
348 2086 401 2164 lA,
425 2091 465 2148 et
494 2086 536 2150 sit
564 2085 657 2167 hujus
678 2085 908 2168 conjugationis
930 2091 1065 2150 truncus
1088 2083 1277 2168 aequealtus
1300 2085 1441 2166 cylindro

117 2173 211 2252 CGA,
235 2174 286 2238 bic
318 2174 469 2252 maximo,
501 2193 544 2239 sc
573 2176 664 2256 cujus
693 2174 849 2252 diameter
872 2173 927 2238 OG
950 2173 1128 2255 semidupla
1149 2172 1193 2238 ad
1215 2173 1273 2238 GA
1296 2173 1441 2239 altitudi-

116 2283 200 2327 nem.
239 2261 323 2344 Ergo
345 2263 455 2326 minor.
471 2264 578 2328 trunci
599 2262 751 2328 diameter
774 2263 834 2328 erit
857 2263 890 2328 in
906 2261 970 2342 CG,
993 2269 1042 2326 est
1064 2263 1174 2325 alitem
1188 2261 1331 2344 aequalis
1345 2261 1443 2326 lateri

115 2352 238 2431 acclivi,
253 2423 257 2431 ¹
273 2351 391 2436 quippe
416 2353 546 2435 ponitur
574 2351 617 2416 ad
647 2351 681 2416 id
712 2371 781 2414 esse
809 2357 847 2414 ut
870 2349 911 2415 CI
933 2349 975 2414 ad
997 2349 1050 2416 IA.
1097 2349 1156 2419 Est
1179 2349 1276 2432 igitur
1298 2347 1349 2414 cl*
1372 2349 1439 2416 dia-

115 2447 220 2506 meter:
248 2440 361 2522 minor,
394 2458 505 2506 secans
537 2439 596 2518 IN,
625 2432 926 2524 perpendicularem
952 2461 990 2503 ex
1012 2443 1121 2502 centro
1144 2439 1183 2518 N,
1208 2439 1241 2502 in
1263 2445 1381 2521 puncto
1405 2437 1440 2518 F,

116 2537 152 2594 ee
181 2529 236 2594 ra
263 2528 350 2592 ratus
377 2529 507 2594 sociive.
560 2507 604 2592 ds
630 2529 726 2610 rges
754 2529 805 2594 cu
832 2527 875 2592 au
905 2527 960 2593 ce
982 2528 1029 2592 siu
1052 2525 1107 2591 cn
1129 2525 1172 2592 au
1195 2525 1256 2592 cr.
1302 2523 1367 2592 seu
1390 2525 1441 2597 cc

117 2623 168 2682 est
190 2615 245 2682 bes
268 2617 308 2682 de
331 2615 399 2697 Col,
434 2624 466 2682 et
488 2617 686 2700 quadratum
709 2617 760 2682 CL
782 2622 923 2698 quatuor
945 2637 1048 2682 nonae
1069 2615 1110 2680 de
1132 2615 1303 2698 quadrato·
1317 2615 1385 2697 0A3
1409 2623 1442 2681 et

116 2706 325 2790 quadratum,
346 2706 401 2770 CN
430 2712 478 2770 est
506 2712 622 2788 quarta
649 2725 725 2789 pars
752 2705 792 2770 de
814 2704 973 2790 quadrato
998 2703 1060 2782 CA,
1084 2703 1222 2786 denique
1245 2705 1441 2788 quadratum

118 2795 177 2860 OG
197 2801 246 2860 est
278 2795 333 2860 bes
356 2794 396 2859 de
425 2793 584 2878 quadrato
614 2793 675 2860 CA.
722 2793 765 2858 Ut
792 2801 903 2858 autem
931 2791 982 2860 CL
1013 2789 1048 2869 ‘lo
1081 2793 1123 2858 ad
1152 2791 1278 2858 bessem
1306 2793 1369 2872 OG,
1396 2793 1441 2862 sic

118 2905 196 2970 pars
219 2889 338 2966 quarte
361 2885 416 2950 CN
439 2883 482 2948 ad
505 2881 565 2962 CF,
594 2881 643 2960 ³1⁸.
689 2883 776 2966 Ergo
803 2881 1000 2964 quadratum
1031 2879 1082 2946 CF
1104 2887 1199 2946 erunt
1231 2879 1264 2958 ³,ls
1292 2881 1443 2964 quadrati
1544 2894 1550 2912 ·

119 2973 190 3038 CA:
218 2979 345 3037 tantum
374 2993 450 3037 vero
481 2977 530 3036 est
559 2972 656 3036 etiam
683 2971 881 3054 quadratum
909 2970 1034 3036 acclivis
1064 2969 1174 3035 lateris
1197 2967 1260 3033 Fr.
1305 2969 1443 3036 Ablatae

118 3062 216 3144 igitur
244 3059 277 3138 ³1⁸
310 3061 349 3126 de
378 3061 538 3145 quadrato
568 3059 632 3142 CA,
654 3061 817 3143 relinqunt
848 3057 881 3130 ⁵ls
916 3059 1103 3142 rectangulo
1127 3059 1188 3124 sub
1211 3057 1262 3124 CF
1286 3059 1441 3126 diametro

118 3151 243 3216 minore
262 3156 294 3214 et
315 3151 463 3234 opposita
486 3150 639 3216 diametro
662 3153 792 3235 majore,
818 3169 992 3232 quaecum
1014 3147 1071 3212 Ax
1087 3146 1244 3226 coincidit,
1269 3168 1441 3212 excurrens

119 3237 210 3304 ultra
233 3239 271 3306 ll.
317 3238 398 3303 Cum
427 3235 502 3324 ergo
531 3238 726 3322 quadratum
754 3237 804 3302 dr*
839 3245 871 3302 et
893 3237 1117 3323 rectangulum
1139 3237 1367 3302 diametrorum
1391 3235 1441 3302 CF

119 3334 154 3391 et
175 3328 305 3411 majoris
335 3326 474 3392 habeant
499 3325 701 3392 latitudinem
724 3327 856 3391 eandem
879 3325 950 3394 CF..
975 3324 1185 3408 longitudines
1213 3345 1324 3390 earum
1350 3333 1444 3392 erunt

118 3422 156 3481 ut
178 3415 277 3500 plana
298 3415 377 3499 ipsa,
402 3415 522 3491 scilicet
544 3422 582 3480 ut
605 3419 623 3479 3
647 3416 689 3480 ad
713 3421 742 3478 5.
761 3486 771 3496 ,
789 3415 875 3479 llaec
898 3421 947 3478 est
968 3415 1065 3496 igitur
1079 3413 1244 3496 proportio
1268 3413 1441 3480 diametro·

118 3525 192 3570 rum
215 3505 335 3584 trunci,
367 3505 421 3586 qui
448 3523 488 3574 ex
511 3503 577 3568 -hac
601 3502 824 3588 conjugatione
848 3508 897 3566 est
919 3501 1104 3584 aequealtus
1128 3499 1270 3583 cylindro
1293 3503 1441 3569 maxime.

119 3593 239 3672 Quare,
263 3614 322 3675 per
343 3591 429 3658 XllI.
453 3593 554 3676 hujus,
578 3597 613 3655 ut
635 3591 829 3673 quadratum
860 3593 898 3654 16
934 3589 1031 3655 medii
1060 3611 1175 3654 eornm
1197 3590 1388 3657 arithmetici
1410 3597 1440 3670 4,

119 3704 164 3747 sc.
188 3683 288 3766 ipsius
311 3682 376 3762 cd,
401 3681 443 3746 ad
466 3681 594 3746 unciam
610 3679 764 3762 quadrati
786 3685 815 3746 4.
840 3677 1037 3762 differentiae
1052 3677 1283 3744 diametrorum
1298 3683 1317 3744 2
1333 3679 1443 3763 (uncia

118 3792 198 3836 vero
220 3771 304 3836 ded
332 3777 381 3834 est
404 3769 527 3856 triens),
560 3769 605 3834 sic
628 3788 742 3852 corpus
773 3767 906 3850 cylindri
936 3767 1019 3833 CGA
1049 3766 1178 3832 maximi
1207 3765 1250 3832 ad
1280 3788 1442 3833 excessum

120 3859 200 3926 (ΨΑ
224 3859 332 3924 trunci
354 3858 528 3941 aequealti:
552 3863 682 3922 truncus
702 3877 777 3938 ergo
800 3855 924 3921 excedit
946 3856 1125 3940 cylindrum
1138 3857 1311 3921 maximnm
1326 3858 1442 3922 triente

120 3950 213 4015 unius
236 3948 421 4029 sedecimae,
447 3968 503 4012 seu
519 3953 612 4029 parte
634 3945 880 4028 quadragesima
899 3951 1014 4010 octava
1029 3945 1174 4028 corporis
1190 3945 1325 4028 cylindri
1349 3941 1440 4010 ccl.

120 4037 303 4114 Quaeratur
324 4037 422 4120 igitur
445 4034 612 4121 proportio
636 4034 769 4122 cylindri
794 4034 923 4098 maximi
954 4034 1039 4100 CGA
1068 4033 1111 4098 ad
1131 4033 1311 4116 cylindrum
1333 4037 1440 4118 conju-

118 4134 231 4209 gatum
254 4124 331 4191 (ild.
378 4125 437 4190 Est
461 4124 657 4207 quadratum
680 4122 765 4188 basis
789 4121 830 4187 Cl
851 4122 988 4187 semissis
1011 4121 1162 4204 quadrati
1184 4121 1252 4202 cm
1282 4119 1339 4186 sed
1361 4141 1440 4204 qua-

120 4216 266 4280 dratum·
285 4213 339 4279 OG
365 4219 414 4280 est
435 4213 491 4280 bes
521 4212 677 4296 quadrati·
702 4211 768 4278 CA:
801 4231 902 4294 quare
923 4210 1088 4295 proportio
1110 4209 1234 4276 basium
1257 4207 1298 4275 01
1320 4207 1363 4273 ad
1386 4211 1441 4274 Cli

118 4311 155 4368 ut
171 4307 198 4368 '3
222 4302 265 4367 ad
287 4307 317 4366 4.
364 4303 507 4368 Vicissim
529 4301 721 4384 quadratum
743 4299 923 4366 altitudinis
945 4298 991 4365 IA
1013 4307 1062 4366 est
1077 4299 1223 4378 semissis,
1245 4296 1441 4380 quadratum

119 4392 299 4458 altitudinis
334 4388 390 4457 GA
418 4399 467 4458 est
497 4391 593 4455 triens
624 4389 775 4474 quadrati
803 4389 870 4454 CA:
898 4389 1064 4472 proportio
1085 4389 1185 4472 igitur
1208 4386 1442 4468 quadratormn

119 4480 165 4546 ld
180 4480 223 4544 ad
239 4479 297 4545 GA
317 4487 365 4546 est
388 4501 437 4562 ea,
461 4501 543 4565 quae
567 4483 585 4544 3
605 4479 647 4544 ad
665 4485 694 4556 2,
717 4478 768 4544 vel
790 4498 874 4562 quae
898 4483 916 4543 9
940 4477 983 4542 ad
1007 4483 1042 4544 6:
1065 4477 1207 4560 ipsarum
1228 4473 1326 4556 igitur
1340 4475 1438 4540 linea·

119 4591 194 4634 rum
214 4569 259 4634 lA
279 4569 321 4634 ad
344 4569 401 4634 Gn
418 4567 582 4654 proportio
604 4574 654 4632 est
677 4565 814 4646 dimidia,
838 4587 882 4630 so.
906 4587 989 4650 quae
1011 4569 1117 4630 30000
1140 4561 1183 4628 ad
1206 4566 1366 4644 24495-,
1390 4563 1442 4629 vel

119 4659 216 4744 huJus
246 4658 288 4723 ad
317 4662 435 4724 20000.
487 4655 695 4742 componitur
725 4663 832 4720 autem
858 4655 1024 4740 proportio
1052 4673 1222 4736 corporum
1244 4672 1284 4715 ex
1302 4673 1437 4736 propor-

119 4749 207 4814 tione
242 4745 328 4812 baeis
365 4752 399 4812 et
426 4745 634 4833 proportione
662 4743 881 4810 altitudinum.
936 4741 1048 4810 Ductis
1083 4740 1179 4826 igitur
1205 4740 1239 4804 in
1268 4761 1303 4806 se
1330 4747 1440 4806 mutuo

202 4857 285 4911 Hebri
298 4857 410 4910 ΟΜΝ·
1196 4849 1232 4900 40
