3400 5538
237 202 301 270 522
730 205 759 258 ln
777 207 861 272 Opera
879 207 1071 274 Clarenolegica

332 383 389 436 b'nd
417 383 523 450 gelangt
550 381 667 432 hiertber
696 397 728 433 sn
751 385 818 434 Euer
835 384 1037 435 Freundtscbnllt
1059 384 1110 434 rud
1135 391 1244 450 gemteu
1270 399 1346 435 vuser
1369 381 1492 434 ireundtl.
1519 382 1564 436 rud

234 454 400 506 diemtlicbes
425 454 577 512 bitteu,'Sie
596 455 687 506 vollen
705 455 1007 520 inubemeltenKhepler,
1025 455 1169 506 senderlicb
1187 459 1214 506 iu
1229 469 1377 520 erneguug,
1403 457 1450 504 das
1469 456 1564 504 solches

236 529 277 574 cin
297 525 525 590 langersrorbeues
543 525 688 588 dienstgelt
706 525 735 575 Jr
747 529 793 575 mit
805 527 905 592 gnaden
917 526 1058 576 beuelcbeu
1071 529 1125 575 sein
1137 526 1232 584 lassen,
1253 527 1303 576 vud
1314 523 1370 576 hue
1387 527 1427 575 die
1441 527 1566 590 genedigc

237 597 446 660 llandtreiuhung
473 595 573 652 laisteu,
597 595 677 645 &mit
699 597 732 646 Er
757 597 836 646 durch
860 598 927 648 Euer
950 597 1153 647 rreuntnehsm
1171 599 1222 647 rud
1251 607 1359 662 guusteu
1376 598 1566 664 beffierderung

234 667 334 716 solclres
361 669 443 718 selues
467 669 658 730 angervisseuen
682 665 759 717 Bests
784 667 901 746 habhplit
922 669 1038 726 werden,
1064 667 1113 717 rud
1138 665 1172 717 Er
1196 669 1265 716 also
1273 683 1377 717 vuserer
1398 669 1565 718 intercessise

236 737 391 788 vtirlrlichen
414 743 557 803 gennessen
582 739 690 788 mtohte.
727 740 831 790 Selches
854 723 909 788 sein
926 742 972 790 sir
989 749 1076 789 snsers
1094 739 1181 796 thsils,
1199 740 1257 788 vmb
1275 740 1344 788 Euer
1360 739 1565 788 Freundtsehsnt

236 810 284 858 vnd
304 819 420 872 geresten,
447 810 494 857 mit
511 808 618 858 audercr
634 809 826 876 villshrigkait,
851 811 1005 860 l'reundtlich
1025 809 1075 860 vnd
1094 810 1228 859 dieustlicb
1248 811 1419 859 ruuerdienen
1437 810 1565 874 erbiettig,

236 881 285 928 end
302 879 539 942 viertErKhepler
555 880 665 945 selbiges
683 882 829 946 ruligliehst
836 883 1005 932 suuerdieneu
1031 882 1148 947 geflisseu
1163 883 1227 938 sein,
1245 881 1378 931 Benebens
1391 897 1437 930 ves
1450 883 1565 950 gesambt

232 951 281 1000 der
301 951 460 1014 Revahruug
478 951 523 1000 des
540 951 729 1016 Allrnechts'gen
747 953 925 1016 ompielchena

358 1022 452 1071 Datum
470 1021 532 1070 Lina
551 1021 600 1070 deu
621 1022 659 1071 12.
679 1023 821 1074 December
840 1025 916 1074 11114.

323 1107 368 1172 31)
386 1125 412 1174 p.
431 1110 491 1160 411.
528 1111 606 1160 Andr.
620 1111 866 1164 Osisnderiulibro:
885 1113 1039 1164 Harmoniae
1050 1111 1220 1178 Evangelicae
1231 1111 1344 1162 libriil'.
1354 1112 1474 1162 Lutetiae
1489 1113 1563 1160 1545.

234 1177 443 1238 (Contestani
462 1197 486 1246 p.
505 1181 566 1232 245.
585 1181 659 1244 286.)

322 1250 367 1312 32)
386 1259 411 1317 p·
429 1249 489 1302 417.
527 1254 755 1319 Gerstenbergoras
781 1283 813 1294 —-
838 1255 954 1314 Μιιιιιιι,
979 1270 1029 1304 non
1047 1256 1149 1318 qualem
1169 1254 1233 1304 dicit
1251 1253 1377 1316 Replenrs
1396 1254 1510 1305 loannes
1532 1285 1560 1290 -

233 1324 309 1372 aulae
329 1323 468 1374 Saxonicae
487 1323 695 1389 Alteubmgemis
720 1327 894 1384 cancellarius,
919 1327 982 1374 baec
1001 1325 1071 1375 dedit
1088 1325 1211 1388 Keplere,
1237 1333 1265 1372 ut
1280 1325 1402 1386 judicium
1422 1340 1496 1372 suern
1516 1329 1563 1388 ipsi

231 1395 345 1456 aperiret
362 1394 393 1443 de
419 1397 517 1458 seriptis
544 1397 570 1445 S.
599 1395 701 1446 Calvisii
729 1405 756 1446 et
781 1398 853 1446 Eliae
881 1397 1006 1447 ιιιιιιιιιιί
1034 1393 1192 1460 (professoris
1219 1396 1380 1444 historiarum
1407 1405 1434 1445 et
1457 1413 1562 1458 poeseos

231 1463 361 1526 lenensis)
386 1466 429 1530 qui
446 1467 493 1516 illa
510 1467 723 1531 Gerstenbergere
742 1468 933 1518 dedicaverant:
961 1467 1107 1517 Beneuerus
1128 1467 1250 1524 ,Brevem
1268 1467 1465 1516 admonitionem
1484 1468 1517 1516 de
1535 1469 1561 1517 S.

236 1537 339 1585 Calvisii
358 1535 545 1601 chronologia*
572 1537 696 1587 Calvisius
723 1539 876 1603 ,Epistulam
895 1539 1096 1602 chronologicam
1114 1539 1147 1586 ad
1165 1539 1197 1586 cl.
1217 1538 1306 1586 Virum
1325 1538 1354 1585 E.
1374 1531 1559 1586 mersitonam*

232 1607 359 1656 ‘Calvisius
383 1607 422 1658 bis
446 1617 565 1672 prosecat
582 1608 615 1674 ad
634 1609 887 1675 Gersteubergerum:
911 1611 940 1659 E.
957 1609 1103 1662 Reasuerm
1127 1623 1185 1658 mea
1208 1617 1236 1656 et
1260 1609 1437 1671 Scaligeriana
1462 1611 1562 1672 publice

235 1679 377 1728 convellere
402 1679 480 1728 audet
504 1682 530 1728 in
557 1681 695 1743 appendice
722 1696 769 1730 sua
786 1681 970 1746 chronologica,
994 1689 1069 1744 quam
1091 1680 1161 1730 Tuae
1182 1680 1282 1742 lile-guil
1308 1679 1450 1728 dedicatam
1466 1681 1561 1746 judicie

232 1757 277 1798 tuo
302 1749 494 1812 prudentissimo
520 1750 635 1800 submisit
658 1761 684 1801 et
707 1753 744 1802 ita
769 1759 794 1802 te
817 1751 927 1814 judicem
946 1751 1075 1800 constituit
1092 1752 1168 1798 totius
1187 1751 1260 1812 hujus
1279 1753 1471 1798 controuersiae.
1510 1753 1561 1816 Ege

235 1819 313 1868 lretus
332 1827 377 1869 tua
395 1821 529 1870 excellenti
547 1821 686 1871 eruditione
706 1830 732 1872 et
744 1826 770 1872 iu
783 1823 856 1872 rebus
872 1821 1013 1885 judicandis
1032 1823 1152 1872 acerrime
1169 1822 1271 1883 judicie,
1290 1825 1419 1885 aequitate
1436 1824 1498 1869 item
1517 1833 1562 1870 tua

234 1900 262 1937 ιι
282 1891 382 1952 justitia
405 1899 432 1941 et
455 1890 567 1941 bonitate
593 1907 685 1942 causae
712 1895 792 1942 iorum
818 1893 994 1942 declinandum
1021 1909 1069 1941 neu
1088 1891 1232 1948 arbitratus,
1256 1907 1388 1955 comperce
1408 1901 1434 1940 et
1453 1893 1560 1941 eandem

234 1959 315 2008 ‘suasu
333 1959 439 2027 Magnis.
459 1960 579 2012 arbitrum
599 1965 675 2030 eligo,
694 1969 856 2030 requieturus
875 1965 901 2014 iu
919 1965 1054 2020 sententia,
1072 1977 1148 2027 quarn
1166 1962 1255 2011 audita
1270 1975 1376 2028 utraque
1389 1975 1463 2028 parte
1475 1977 1562 2014 veram

237 2045 293 2081 esse
312 2035 523 2095 pronunciaverit.

325 2102 370 2165 33)
389 2119 413 2168 p.
432 2105 493 2153 440.
529 2105 657 2170 spinolas
681 2105 785 2170 Repleri
810 2105 842 2154 sd
867 2105 1004 2155 Calvisium
1023 2113 1050 2155 et
1068 2104 1310 2168 Gerstenbergerum
1329 2103 1405 2153 datae
1424 2119 1561 2168 eorumque

235 2177 408 2237 responsiones
426 2175 517 2226 desunt
535 2179 561 2225 in
578 2180 754 2241 manuscriptis
773 2177 983 2234 Paliovensibast
1002 2177 1063 2226 illae
1082 2189 1140 2227 vero
1152 2177 1258 2238 Kepleri
1271 2177 1304 2224 ad
1317 2176 1471 2226 lieckerium
1485 2177 1560 2224 datae

234 2253 262 2294 et
285 2249 458 2309 responsiones
482 2248 601 2298 Deekerii
620 2257 753 2312 supersunt
771 2262 908 2314 earumque
925 2257 1010 2311 partes
1029 2261 1083 2306 eas,
1108 2261 1170 2311 quus
1188 2247 1314 2309 Keplorus
1333 2249 1359 2296 in
1378 2259 1449 2296 textu
1468 2251 1562 2298 erubit-

234 2317 300 2378 typis
317 2317 500 2376 minutioribus,
518 2334 579 2386 quos
598 2319 684 2368 dicunt
697 2323 799 2383 ,petit,“
820 2319 978 2368 excudendas
997 2321 1147 2376 emavimua
1165 2319 1284 2380 epistolas
1296 2333 1354 2368 rere
1366 2319 1473 2380 chleri
1486 2321 1562 2382 tppis.

233 2401 297 2450 quos
316 2387 402 2438 dicunt
427 2390 588 2452 „gamund”
615 2394 849 2456 responsionumque
873 2389 993 2440 Declrerii
1018 2399 1116 2454 partes,
1141 2403 1202 2454 quas
1221 2387 1340 2438 exhibent
1358 2389 1478 2454 Eclogae,
1497 2391 1562 2452 typis

234 2472 296 2520 quos
314 2457 401 2508 dicunt
421 2459 545 2524 ,borgis.“

322 2530 363 2578 Ad
386 2533 519 2594 epistolam
537 2531 643 2596 Kepleri
665 2548 768 2581 numero
786 2529 877 2582 xum.
897 2531 1024 2596 sigusium
1042 2537 1166 2586 notamen,
1186 2532 1267 2594 ipsum
1286 2529 1425 2594 Keplenmr
1445 2531 1516 2578 illam
1535 2535 1563 2578 in

234 2599 335 2664 Eulogis
354 2602 391 2649 ita
409 2602 566 2660 dissecuisse,
585 2611 614 2652 ut
632 2605 817 2652 conclusionem
843 2599 870 2662 (a
888 2604 1002 2666 praestiti
1015 2613 1054 2638 ·-
1073 2602 1184 2665 capiam)
1209 2604 1366 2665 praemiserit
1385 2603 1424 2660 iis,
1451 2615 1518 2666 quae
1537 2605 1563 2650 ia

234 2679 291 2720 mst.
311 2671 456 2722 immediate
475 2683 614 2738 sequnntur
631 2674 719 2724 rerba:
740 2677 810 2738 ,ipse
829 2675 862 2722 ad
880 2689 934 2724 rem
953 2671 1071 2722 secedo.“
1100 2673 1197 2723 Verba:
1219 2673 1299 2730 ,Vale
1318 2673 1379 2722 Rev.
1400 2685 1427 2722 ot
1445 2673 1505 2722 doct
1518 2711 1524 2722 .
1536 2707 1562 2722 ..

233 2743 445 2792 officiosissimus“
465 2759 510 2794 nes
529 2761 542 2794 e
563 2747 738 2812 manuscriptis
757 2747 903 2808 adjecimus.
1024 2787 1031 2820 ,

321 2829 367 2894 34)
385 2846 410 2896 p.
430 2830 490 2883 462.
528 2833 630 2884 Initium
659 2835 733 2898 bolus
759 2836 880 2898 epistolae
907 2849 921 2884 e
946 2833 1123 2896 manuscriptis
1146 2833 1288 2882 desumtum
1311 2847 1328 2881 a
1351 2833 1447 2883 verbis:
1481 2834 1507 2884 S.
1533 2833 1563 2882 P.

233 2901 366 2952 l)....sd
388 2903 477 2954 verba:
502 2905 539 2954 nd
558 2913 630 2955 taum
649 2905 749 2960 deveni,
770 2907 945 2969 praemisimus
963 2903 1058 2962 serbis,
1081 2917 1145 2968 quae
1164 2905 1217 2967 ipsa
1236 2903 1362 2966 Keplerus
1380 2907 1463 2968 prima
1481 2907 1565 2968 posuit

236 2975 263 3022 in
288 2974 350 3022 libro
374 2987 419 3024 sno
442 2976 459 3024 l.
479 2991 501 3025 c.
530 2972 582 3036 (Do
599 2993 733 3036 secessu..
746 2995 795 3026 ..r
815 2993 834 3026 s.
854 2993 877 3040 p
897 2973 969 3038 459).
1006 2975 1132 3038 Koplerns
1150 2989 1208 3024 sero
1226 2977 1252 3024 in
1271 2973 1332 3024 hisr.
1352 2977 1431 3024 aliurn
1450 2978 1565 3056 sequitur

236 3045 359 3102 ordinem,
384 3046 452 3104 dum,
476 3050 621 3128 praemissis
643 3061 708 3112 quae
731 3049 836 3098 ιιίιίιιιιιι
854 3047 945 3106 verbis,
963 3048 1000 3096 sic
1017 3048 1112 3111 pergit·
1142 3045 1242 3096 Ordior
1261 3045 1350 3112 itaque
1367 3049 1563 3113 responsionem

238 3130 254 3162 ιι
284 3115 435 3179 quaestione
459 3119 607 3185 praecipato
635 3129 683 3170 etc.
713 3119 778 3185 quod
806 3119 964 3168 exordium
958 3133 985 3166 m
1008 3125 1079 3168 textu
1104 3117 1219 3166 ultimum
1242 3120 1321 3182 penit,
1346 3118 1445 3168 diceus.
1469 3117 1564 3186 fitium

237 3202 293 3234 coto
311 3185 513 3250 quaestione...

326 3254 416 3322 Selp.
435 3255 495 3310 472.
533 3259 604 3310 ilaec
629 3261 734 3324 Repleri
759 3259 835 3310 rerba
859 3269 997 3324 sequuntur
1021 3261 1046 3308 in
1071 3257 1130 3308 hiss.
1158 3269 1198 3316 ee,
1216 3273 1281 3322 quae
1299 3262 1431 3322 praemisit
1450 3263 1475 3308 iu
1494 3267 1565 3308 textu

237 3343 260 3392 p.
273 3326 325 3376 459
344 3343 363 3376 s.
382 3339 409 3377 et
418 3327 477 3380 4b3.
497 3327 529 3391 (ι.
544 3339 628 3381 aristot.
642 3334 826 3396 praemissam).
841 3361 873 3390 ·.-
886 3331 992 3380 Praeter
1011 3331 1068 3378 illas
1079 3329 1197 3378 Declrcrii
1218 3333 1345 3394 epistolas,
1365 3346 1427 3395 quas
1438 3333 1564 3394 licplerus

237 3397 300 3446 libro
329 3413 374 3448 suo
399 3401 517 3456 inseruit.
546 3403 619 3452 binae
645 3407 745 3468 lumper
771 3405 892 3466 epistolae
919 3402 1036 3452 Declcerii
1062 3409 1194 3463 supersunt
1219 3405 1244 3451 in
1267 3403 1343 3460 λιιι,
1374 3403 1481 3466 liepleri
1507 3417 1564 3450 cero

238 3471 365 3533 responsio
384 3471 417 3520 ad
435 3472 480 3524 has
500 3475 571 3523 nulla
589 3485 678 3523 exstat.
714 3475 854 3524 Declrerius
872 3474 982 3538 Keplero
1001 3473 1111 3536 scripsit:

325 3541 372 3591 Vir
390 3541 543 3594 Clarissimo.
579 3545 633 3595 Pax
652 3547 754 3595 Christi.
791 3546 905 3610 Ignosce,
931 3547 1032 3610 ignosce
1051 3559 1101 3600 oro,
1126 3542 1243 3600 obtestor,
1268 3545 1405 3608 quodiam
1424 3543 1467 3592 diu
1487 3545 1563 3592 inter·

239 3613 342 3660 arissam
367 3615 500 3676 epistolare
526 3617 634 3666 officium
659 3631 784 3666 resumere
809 3617 916 3666 audeam
941 3631 988 3664 nec
1012 3615 1135 3678 impediar
1156 3615 1315 3664 verecundia.
1351 3617 1441 3678 Longa
1460 3629 1519 3663 mea
1536 3617 1562 3662 1ιι

237 3679 337 3732 ltaliam
356 3689 533 3750 peregrinatio,
553 3697 579 3738 et
596 3691 666 3737 caria
684 3697 736 3737 tum
755 3701 813 3736 mea
831 3696 891 3736 tum·
902 3695 985 3736 vestra
1003 3685 1134 3750 emigratio
1153 3687 1363 3751 gravissimaeque
1383 3689 1562 3750 occupationes

237 3753 302 3817 qued
330 3755 441 3820 siluerim
469 3759 560 3808 iecere.
598 3757 756 3823 Quamquam
783 3761 841 3808 dum
865 3760 988 3808 siluerunt
1013 3758 1110 3814 literae,
1141 3771 1190 3804 nen
1214 3759 1290 3806 animi
1315 3765 1342 3808 et
1365 3759 1473 3807 allectus
1492 3757 1562 3805 siluit

238 3828 322 3874 artrica
344 3831 483 3890 propensio.
521 3831 624 3880 Menum
648 3847 719 3894 porro
739 3831 800 3880 mihi
818 3831 905 3893 injecit
922 3839 948 3878 et
966 3831 1051 3876 manui
1071 3829 1195 3876 calamum
1214 3827 1370 3892 Responsum
1388 3831 1510 3880 Vestrum
1529 3827 1561 3875 sd

213 3898 340 3946 lCalr'isii
365 3898 518 3962 Epistolam,
532 3902 609 3966 ,quod
633 3911 731 3952 exstare
757 3917 789 3952 ex
814 3903 980 3951 nundinarum
1004 3900 1251 3948 Francolerdensium
1275 3903 1392 3966 camlogo
1416 3902 1560 3965 nuperrime

237 3983 296 4016 inea
314 3983 369 4017 oum
388 3972 638 4037 voluptatecegnevi.
662 3975 715 4024 Nec
733 3975 866 4037 quicquam
885 3981 948 4030 erat,
966 3969 1032 4036 quod
1050 3971 1112 4019 adeo
1131 3973 1156 4020 in
1175 3974 1267 4034 optatis
1286 3973 1406 4022 haberem
1424 3973 1560 4021 aointimis

238 4043 307 4096 retis,
332 4055 408 4104 quam
433 4051 462 4090 ut
487 4043 550 4092 illud
573 4047 686 4107 protinus
708 4045 786 4094 oculis
804 4059 835 4094 nc
853 4051 936 4094 mente
955 4055 1126 4108 percurrerem
1145 4049 1220 4105 atque
1240 4059 1296 4092 cum
1315 4039 1450 4108 diligentia
1468 4058 1560 4105 expeu-

238 4111 331 4160 derem.
369 4111 487 4162 Ceterum
509 4115 535 4163 id
553 4118 656 4166 mirilico
675 4119 787 4166 animum
805 4116 957 4166 excrucias-it
974 4129 1066 4169 meum,
1091 4111 1156 4176 qued
1175 4115 1246 4162 nulle
1264 4115 1324 4164 nribi
1342 4115 1467 4178 Responsi
1485 4114 1562 4164 vestri

238 4185 311 4246 copia
329 4182 450 4232 bactensis
470 4185 524 4234 lieri
543 4190 663 4250 potuerit:
687 4190 762 4236 sicuti
779 4203 861 4251 neque
879 4187 962 4236 isaaci
980 4185 1122 4236 Casauboui
1141 4187 1346 4235 exercitationum
1364 4189 1390 4235 1ιι
1409 4194 1560 4250 apparatum

236 4255 375 4303 Arrnslium
388 4255 498 4314 Barouii,
517 4257 737 4308 assensorem
755 4273 786 4308 ac
802 4259 889 4308 Mortis
900 4258 1000 4312 Christi,
1018 4258 1119 4305 tametsi
1130 4255 1254 4318 hugrnta,
1272 4257 1372 4307 Vienna
1390 4267 1418 4306 ιι
1435 4258 1511 4306 variis
1530 4269 1559 4302 ex

238 4327 299 4374 locis
318 4332 393 4388 atque
412 4329 489 4376 etiam
508 4329 654 4393 Antvverpia
671 4337 698 4378 et
714 4345 788 4392 prece
808 4339 834 4378 et
851 4334 930 4393 pretio
949 4327 1058 4392 undique
1078 4328 1207 4390 exemplar
1225 4345 1280 4378 cunr
1300 4345 1361 4378 cura
1372 4328 1558 4379 exambiverim.

237 4397 387 4459 hujusmodi
412 4402 479 4458 enirn
506 4403 613 4450 virorum
632 4402 745 4450 eruditae
764 4403 949 4451 lucubrationes
967 4407 994 4449 et
1011 4400 1142 4448 tentatam
1161 4403 1250 4450 mirum
1269 4404 1294 4450 in
1312 4402 1413 4450 medum
1432 4400 1560 4450 illustrant

238 4477 264 4516 et
282 4467 380 4516 doctum
399 4470 632 4536 intelligentemque
652 4474 769 4522 lectorem
788 4475 922 4537 plurimum
941 4471 1061 4520 afficiunt.
1098 4469 1130 4518 Et
1147 4474 1264 4533 queniam
1277 4473 1371 4525 ferrum
1382 4473 1449 4521 terro
1462 4471 1560 4519 acuitur

237 4547 264 4588 ιι
288 4553 331 4588 our
354 4547 393 4590 est
413 4542 573 4606 ingeniorum
599 4543 760 4606 disceptatio:
788 4547 851 4594 adeo
876 4545 972 4594 nullam
996 4548 1107 4591 moretur
1130 4543 1176 4592 iila
1199 4543 1432 4606 reprehensionem,
1460 4539 1557 4605 quaudo

237 4613 328 4667 mitt,
352 4611 471 4662 benevole
491 4622 517 4664 et
536 4615 600 4664 citra
617 4619 763 4678 cuiusquam
782 4618 920 4666 instituitur
938 4616 1063 4676 injuriam,
1088 4623 1117 4661 ut
1134 4614 1235 4668 laudem
1253 4618 1330 4664 etiam
1348 4617 1485 4667 maximam
1502 4623 1556 4675 pro·

237 4686 370 4732 mereatur.
407 4683 461 4734 Nec
484 4688 616 4751 quicquam
641 4685 769 4744 addubito,
797 4690 855 4752 quin
879 4690 922 4752 qui
946 4689 998 4735 ceri
1023 4685 1209 4749 pervestigandi
1232 4687 1315 4736 'studio
1339 4687 1484 4740 decertatis.
1510 4695 1556 4732 11011

239 4755 327 4804 minori
342 4761 446 4820 uterque
462 4757 544 4810 studio
562 4757 671 4822 palmum
684 4759 779 4810 eitatm
791 4759 895 4824 adipisci
909 4758 1055 4813 modestiae,
1074 4770 1148 4820 quam
1161 4760 1256 4822 priores
1268 4767 1396 4822 reportare
1409 4758 1554 4826 sapientise·
1592 4791 1597 4800 ·
