3412 5538
654 345 772 400 derebus
784 345 970 414 clnoacbgicir.
1422 325 1486 396 123
1597 332 1600 338 '

205 483 304 550 licio
310 505 385 569 gas
410 490 607 555 chronicas
630 509 669 552 ex
684 489 821 571 epistolis
837 489 995 554 doctorum
1015 489 1146 554 virorum
1161 499 1194 554 et
1207 489 1283 554 meis
1297 487 1410 554 mutuis
1425 489 1485 554 ha·

127 573 177 640 heo
193 575 374 654 admanm,
391 598 462 642 cum
477 579 608 662 epitome
624 579 1012 662 seuindice·'chronologico
1023 599 1062 644 ex
1075 599 1144 642 mea
1158 578 1486 664 magnaGhronologia

127 663 250 728 Veteris
271 667 485 730 Testamenti
529 669 608 732 Pnto
631 667 662 730 in
683 669 780 732 forma
801 676 926 750 quarta,
947 669 1028 750 quali
1050 676 1100 732 est
1120 669 1285 751 impressus
1304 669 1425 732 libellus
1448 669 1486 734 ds

128 753 232 817 Natali
250 753 379 820 Christi
394 757 519 834 latinns,
536 757 576 820 ad
590 757 633 820 30
649 757 777 838 paginas
793 757 950 840 impletum
964 757 1009 820 iri.
1038 829 1042 842 .
1055 757 1152 840 Cupio
1169 759 1254 834 scire,
1274 779 1315 821 an
1329 757 1406 822 liber
1420 757 1485 822 Ar·

128 844 274 926 gentinae
300 845 408 926 possit
429 846 567 928 imprimi.
603 846 650 910 Ill.
673 854 706 909 et
726 845 802 911 Gen.
822 848 861 911 D.
880 848 1064 911 Helmardns
1078 849 1204 930 diliger,
1226 847 1373 911 ditionum
1387 847 1486 928 patris
1573 840 1582 856 ⁰

128 933 314 1014 wolfgangi
335 954 435 1018 nuper
456 935 567 998 mortui
589 935 700 999 haeres
721 935 841 1012 unicus,
863 943 895 1000 te
913 935 1003 1017 jubet
1025 936 1156 1000 salutem
1178 933 1217 1000 en
1229 955 1262 998 se
1278 936 1421 1000 nunciare
1436 937 1486 1002 Jo.

130 1021 255 1086 Enocho
282 1029 317 1085 et
340 1022 391 1089 Jo.
413 1023 464 1088 Fr.
478 1023 620 1105 Majeris:
648 1031 739 1106 rogat
758 1025 863 1101 etiarn,
886 1025 912 1088 si
932 1025 1125 1108 Argentiuae
1144 1024 1263 1090 uenalis
1283 1026 1434 1090 habeatur
1454 1025 1487 1090 in

129 1112 275 1175 Taberna
291 1112 344 1175 vel
359 1113 391 1176 in
407 1113 510 1195 aliqua
522 1111 708 1185 bibliotheca
723 1113 887 1178 Thaetatns
905 1116 1032 1187 (flamna)
1050 1122 1155 1197 etque
1172 1115 1281 1198 pretio.
1324 1114 1404 1179 Vale
1418 1133 1485 1178 me-

131 1219 186 1284 que
203 1219 312 1265 amare
328 1220 433 1283 perge.

198 1377 495 1442 Quuomsseatac
507 1359 790 1446 metenepoathae:

217 1505 303 1569 Noh.
319 1509 353 1568 et
366 1505 406 1569 D.
421 1505 484 1579 vir,
507 1505 602 1568 amice
624 1504 759 1568 colende.
795 1504 845 1566 Ex
865 1504 913 1568 die
930 1503 1114 1580 sanccii,
1135 1523 1193 1587 quo
1209 1505 1259 1568 die
1275 1505 1431 1586 exemplar
1443 1503 1484 1568 li-
1555 1503 1559 1508 '

128 1594 202 1660 belli
223 1594 287 1658 mei
303 1593 579 1658 anti-Roesliniani
600 1611 656 1676 per
676 1600 802 1659 nautam
826 1593 865 1658 ad
879 1593 1115 1676 Neupronneros
1135 1593 1257 1659 Uiruam
1277 1593 1360 1670 misi,
1381 1601 1416 1658 ut
1430 1593 1488 1661 tihi
1549 1665 1553 1674 .

128 1684 416 1759 muniitterstur,
440 1683 479 1746 ad
502 1683 582 1746 hunc
605 1702 700 1765 usqne
725 1683 804 1746 diem
829 1682 903 1746 nihil
926 1683 999 1747 mihi
1023 1684 1133 1747 abste
1156 1683 1325 1764 nmciatur.
1369 1681 1488 1764 Accepi

128 1773 254 1856 quidem
273 1773 409 1836 Heronio
432 1771 577 1853 opuscula
596 1771 673 1836 Msc.
696 1765 767 1853 (sed
790 1771 854 1836 sine
878 1772 993 1848 literis,
1014 1791 1070 1836 nec
1091 1772 1208 1838 indicas
1230 1773 1361 1853 pretium
1381 1771 1487 1836 datum

128 1862 267 1938 scribae,
288 1868 324 1924 ut
340 1861 380 1926 G.
396 1862 435 1926 D.
451 1860 637 1925 Helmhardo
652 1861 763 1942 Jdrger
784 1863 897 1924 referre
919 1862 1049 1944 possim:
1072 1862 1100 1926 is
1116 1862 1195 1925 enim
1211 1869 1275 1938 est‚
1298 1862 1345 1925 oui
1361 1879 1486 1942 operam

127 1952 211 2014 hanc
226 1945 410 2033 praestiti.)
428 1950 476 2014 Ex
492 1947 546 2016 die¹
558 1941 760 2033 ¹⁶l„.Aprilis
776 1951 906 2014 salntem
921 1952 994 2014 mihi
1010 1952 1138 2033 apponis
1153 1952 1185 2015 in
1199 1951 1297 2016 literis
1307 1949 1488 2026 Memhardt

127 2039 183 2103 nbi
197 2059 272 2104 vero
287 2039 404 2104 mentio
413 2038 602 2120 exemplaris
617 2033 698 2104 meli
734 2039 842 2122 ltaque
859 2039 1007 2105 sollicitus
1023 2040 1112 2104 valde
1129 2060 1204 2115 sum,
1219 2037 1257 2104 ne
1272 2039 1345 2104 mrhi
1360 2039 1488 2121 perierit

128 2147 236 2212 opera
259 2128 390 2193 Interim
399 2133 545 2192 etnotam
559 2147 650 2192 unam
666 2147 720 2191 sec
736 2135 929 2212 augmentum
942 2130 1032 2193 nnius
1047 2130 1106 2193 loci
1121 2130 1277 2194 transmisi
1291 2148 1347 2212 per
1362 2129 1486 2193 concio-

128 2226 272 2281 natorem
286 2226 427 2282 nostrum
441 2217 609 2298 'lubingam
625 2223 755 2294 euntem,
769 2237 860 2301 qnam
874 2215 935 2282 non
952 2219 1057 2282 dubito
1073 2225 1210 2302 ternpore
1226 2218 1397 2282 advenisse
1427 2218 1487 2282 Est

128 2315 237 2370 autem
252 2309 423 2390 exemplum
437 2305 621 2370 luculentum
633 2326 707 2369 usus
722 2309 849 2374 voculae
866 2303 943 2369 cloec
973 2309 1054 2370 Nam
1068 2308 1120 2372 nbi
1134 2307 1243 2378 Lucas,
1252 2307 1327 2371 dicit
1340 2304 1408 2384 μεθ’
1419 2303 1486 2387 clpa-

128 2419 190 2476 ρας
205 2391 274 2459 sica
290 2393 381 2472 ὀκτω,
402 2395 453 2479 qui
469 2402 614 2459 suntuna
631 2396 803 2478 septimane
817 2397 950 2477 integra,
971 2397 1014 2460 ibi
1028 2396 1208 2460 Matthaeus
1224 2403 1257 2460 et
1271 2397 1395 2462 Marcus
1411 2415 1486 2459 con·
1529 2419 1531 2424 ·

128 2505 225 2549 seusu
244 2486 384 2548 scribunt
404 2481 472 2562 μεθ’
493 2479 607 2566 ἡμερας
627 2481 668 2559 ἑξ.
707 2484 764 2551 Cui
787 2485 925 2567 exemplo
946 2485 1047 2567 possit
1066 2485 1190 2568 adjungi
1213 2487 1344 2548 alterurn
1367 2503 1407 2548 ex
1426 2486 1486 2549 Jo-
1585 2491 1589 2498 “

127 2595 201 2638 ann.
217 2574 254 2651 6,
277 2593 305 2635 v.
323 2573 381 2638 19:
405 2593 472 2638 cnm
491 2574 690 2655 navigassent
710 2579 849 2646 medicos
869 2569 937 2637 dces
957 2575 1046 2638 ciacc:
1064 2595 1151 2637 rma
1171 2571 1190 2656 η’
1212 2593 1380 2655 romena.
1425 2573 1483 2638 His

120 2665 192 2744 ,Ῑιιιιι
206 2663 307 2727 literis
328 2663 456 2728 alterins
478 2663 572 2726 etiam
593 2664 652 2727 loci
673 2663 910 2728 illustrationem
924 2665 1001 2728 bene
1021 2665 1144 2746 longam
1165 2664 1278 2744 adjeci:
1300 2660 1407 2746 quodsi
1419 2663 1485 2744 jam
1555 2713 1559 2726 ,

125 2754 213 2816 nltca
235 2753 335 2816 locum
359 2751 569 2834 corrigendum
592 2761 808 2834 processerunt
831 2772 958 2835 operae,
982 2773 1070 2830 cura,
1098 2761 1135 2818 nt
1156 2753 1208 2818 dui
1232 2752 1327 2818 libelli
1353 2751 1485 2833 subjun-

217 2931 309 3014 Rogo
331 2937 435 2994 autern
457 2931 550 2994 etiam
571 2937 664 3014 atque
685 2931 793 3007 etiam,
814 2931 911 3014 primo
933 2950 1052 3016 qnoque
1075 2937 1212 3014 ternpore
1233 2929 1308 2994 mihi
1324 2930 1486 3012 significes,

124 3022 282 3102 quomodo
298 3027 507 3103 comparatum
529 3019 571 3082 sit
593 3039 660 3085 cum
683 3021 864 3104 exemplari,
887 3029 919 3084 et
941 3041 1011 3084 num
1032 3021 1186 3103 pepigeris
1210 3038 1277 3084 cum
1292 3020 1485 3103 typographo

124 3118 162 3173 at
182 3117 220 3174 ut
240 3109 411 3192 procedant
431 3123 552 3189 operae.
594 3109 732 3186 Literas,
755 3111 780 3175 si
800 3131 862 3175 non
881 3120 971 3192 potes
990 3111 1120 3174 'celerius
1141 3116 1196 3173 eut
1215 3109 1414 3184 commodius,
1436 3110 1486 3172 vel

124 3207 241 3281 pastae
256 3197 374 3274 tradas,
389 3197 542 3280 simplices
558 3197 677 3280 quidem
693 3207 726 3262 et
741 3199 805 3263 sine
820 3202 961 3264 infarotn.
1005 3199 1112 3281 Dirige
1127 3199 1331 3264 Ratisbonam
1351 3205 1384 3262 et
1399 3215 1484 3262 corn-

124 3287 240 3353 menda
254 3288 405 3370 magistro
421 3295 539 3370 postas.
554 3321 600 3333 --
614 3288 703 3352 Vale.
731 3288 772 3354 D.
786 3289 885 3354 Lincii
901 3289 1010 3354 stuc.
1028 3287 1123 3354 1613.

199 3465 720 3533 metamaucensem:

224 3607 259 3672 S.
274 3609 310 3674 P.
325 3608 365 3673 D.
390 3607 560 3691 Superveni
574 3609 763 3687 Memhardo,
779 3607 928 3694 didicique
943 3609 1028 3674 illurn
1043 3609 1084 3673 ad
1099 3617 1130 3672 te
1147 3607 1290 3684 scribere,
1305 3605 1487 3670 amicissime

125 3700 337 3781 Berneggere
364 3695 495 3780 Raptim
508 3698 603 3780 igitur
617 3699 694 3762 haee
710 3699 804 3774 addo,
826 3699 897 3781 quia
913 3706 1018 3764 cetera
1033 3697 1142 3779 scripsi
1157 3717 1218 3760 non
1232 3697 1300 3760 nnis
1315 3695 1423 3771 literis,
1446 3695 1487 3760 ad

129 3809 211 3872 quse
226 3807 408 3869 responsam
424 3795 579 3869 exspecto.
625 3787 784 3853 Correctio
799 3789 910 3852 ultima·
922 3788 960 3852 de
975 3788 1112 3870 Lysania
1132 3793 1165 3850 et
1177 3785 1309 3851 Abilene
1333 3789 1402 3857 (eam
1422 3793 1487 3846 tora

130 3887 399 3944 mmmmm,
417 3898 493 3951 quam
511 3899 573 3950 „per
591 3884 806 3938 emdomtcmff‘
817 3883 942 3950 meat)
979 3875 1090 3940 cecidit
1107 3875 1284 3939 infeliciter:
1314 3875 1341 3939 si
1363 3880 1412 3938 est
1426 3875 1486 3942 im-

125 3987 246 4049 pressa,
261 3965 420 4030 ferendum
436 3973 494 4041 est,
509 3966 556 4029 sin
571 3965 678 4042 minus,
694 3969 864 4032 omittatur:
896 3968 983 4031 Duos
999 3967 1079 4029 enim
1093 3966 1190 4030 hahet
1204 3983 1332 4028 errores.
1361 3963 1488 4028 Falsum

127 4057 264 4122 ammas
276 4055 396 4120 Plinius
413 4053 590 4120 Chalcidem
612 4055 652 4119 ad
672 4057 782 4120 Belum
804 4075 922 4144 amnem
944 4057 1051 4131 sitam,
1073 4055 1184 4120 falsum
1204 4054 1339 4119 affirmat
1359 4054 1486 4140 Tacitps

126 4145 234 4212 &lum
259 4145 291 4208 in
315 4163 402 4208 mare
424 4141 586 4209 iudaicam
608 4139 655 4225 (id
679 4153 728 4210 est
744 4140 954 4228 Genesareth)
970 4146 1103 4208 influere.
1147 4144 1215 4208 Hoc
1230 4163 1330 4208 unum.
1370 4142 1485 4208 Strabo

126 4253 259 4300 errorem
274 4234 397 4315 detegit
411 4233 444 4298 in
458 4232 609 4315 Syriacis:
631 4235 758 4317 Masyss
774 4255 898 4318 campus
914 4243 946 4298 et
961 4235 1070 4298 fluvius
1086 4233 1282 4314 coelesyriae
1297 4234 1380 4296 inter
1387 4231 1484 4296 Anti-

126 4324 261 4390 lihancm
276 4331 311 4388 et
323 4324 489 4405 Beryton:
506 4324 571 4404 ejus
586 4331 732 4388 montana
747 4325 993 4400 tenentltnrsei3
1009 4323 1187 4405 metropolis
1202 4323 1332 4406 Masyas
1349 4319 1484 4386 Chalcis.

127 4414 215 4478 Alter
230 4433 333 4478 error:
359 4413 556 4476 Ptolemaeus
564 4414 733 4477 Mennaens
749 4415 836 4478 duxit
844 4415 1061 4488 Alexandram,
1076 4412 1228 4493 Antigoni
1243 4429 1387 4485 sororem,
1402 4410 1485 4473 circa
1538 4459 1548 4468 ,
1593 4432 1598 4440 ·

127 4503 209 4569 initis
224 4503 300 4569 belli
317 4501 420 4566 civilis
435 4501 515 4564 inter
528 4503 706 4585 Pompeium
722 4509 754 4566 et
769 4503 943 4569 Caesarem.
974 4503 1009 4568 si
1025 4522 1065 4566 ex
1079 4503 1137 4566 hoe
1153 4501 1293 4583 conjugio
1309 4507 1401 4564 natus
1415 4497 1481 4579 Ly-

125 4595 237 4671 miss,
261 4593 388 4658 occisus
412 4609 485 4653 vero
501 4613 520 4654 a
535 4591 718 4674 Cleopatra,
739 4594 823 4674 prius
846 4601 896 4658 est
911 4593 1029 4657 occisus
1049 4611 1146 4676 quam·
1162 4590 1293 4659 alterum
1307 4586 1483 4669 Lysaniam,

124 4684 155 4746 de
169 4705 228 4769 qno
244 4683 371 4756 Lucas,
394 4679 521 4761 gignere
537 4683 645 4762 potnit
689 4682 773 4764 Ergo
791 4683 950 4749 omittatur
969 4683 1028 4746 hoc
1044 4680 1295 4746 additamentum
1340 4673 1494 4764 Omnium.

121 4795 182 4842 vero
196 4770 426 4842 lubentissime
442 4769 558 4848 scirem,
574 4793 613 4838 an
629 4773 786 4854 exemplar
801 4773 919 4838 salvum
935 4771 984 4836 sit
1021 4771 1070 4835 De
1084 4771 1169 4834 lucro
1186 4783 1247 4840 nou
1261 4765 1375 4840 laboro,
1390 4765 1483 4832 mods

117 4865 240 4952 inprimi
254 4861 378 4949 possit
410 4857 501 4924 Vale.
