3400 5538
248 223 311 286 632
740 219 765 270 ln
785 219 868 284 Opera
886 218 1066 286 Ghmaologica

246 399 284 454 ibi
304 405 334 454 tu
354 399 427 455 ireta
446 399 505 470 ejus
525 399 553 452 ιιι
566 405 596 453 te
616 398 806 454 benevolentia
824 400 939 456 fidenter
959 399 1032 470 loqui
1047 397 1176 468 incipies,
1198 397 1224 452 ei
1241 413 1284 452 me
1304 397 1466 470 maedam
1485 405 1562 454 tu

247 472 457 546 commendabis,
481 478 545 549 quid
566 495 603 533 ex
622 495 665 532 me
685 479 809 532 hauseris
838 480 1071 542 commemorabis,
1091 477 1155 549 quid
1176 487 1325 548 praeterea
1349 479 1563 548 speraripossit

246 577 284 614 ex
303 560 441 630 praesenti
460 559 536 612 foetu
556 575 630 622 meo,
652 557 690 612 sic
710 557 861 628 explicabis
880 559 934 612 lilio
955 559 1101 628 Principis,
1122 565 1154 612 ut
1173 558 1201 612 id
1221 558 1352 612 resciscat
1371 567 1454 627 pater
1474 561 1562 628 [mpe-

246 645 336 702 ratcr;
363 639 480 709 itemque
500 637 554 692 tuis
574 637 740 708 potissimum
765 639 868 692 meritis
889 645 918 692 et
939 655 1024 710 opera
1049 653 1136 692 meam
1162 638 1257 692 matris
1283 637 1492 706 sollicitudinem
1511 653 1563 708 pro

200 761 202 772 .
246 719 321 774 foetu
340 720 392 773 hoc
400 719 566 772 Tabularum
585 719 711 774 sublevet
730 717 870 789 ipsumque
890 717 917 772 ιιι
928 719 1082 773 clientelam
1098 717 1236 787 suscipere
1252 717 1414 772 etinlucem
1435 733 1564 770 asserere

246 799 364 868 incipiat
405 797 506 853 Audiet
526 815 562 851 ex
582 804 611 852 te
626 797 755 866 Princeps
775 798 930 868 referetque
949 797 1031 868 patri,
1052 799 1123 869 quod
1144 795 1173 851 in
1191 797 1287 852 lirnere
1307 795 1445 868 Tychonis
1459 797 1564 860 Brabe,

245 879 352 947 patroni
372 879 506 948 quondam
526 877 587 941 mei,
607 876 673 931 mihi
692 876 796 948 tibique
816 876 869 932 luit
888 879 1082 934 wclumatum:

546 975 680 1044 Tempora
699 974 834 1028 nobilibus
853 975 973 1049 condunt
991 973 1137 1044 pereuntia
1156 973 1243 1045 signis

609 1059 738 1110 Aetatem
757 1055 857 1119 mundi,
876 1063 990 1125 pectora
1009 1056 1093 1109 bruta
1112 1054 1218 1108 docent

548 1131 658 1196 Quanta
677 1133 713 1187 sit
733 1135 883 1204 expediunt
903 1135 1038 1188 coelorum
1059 1133 1169 1189 condita
1187 1135 1280 1197 moles,

612 1213 752 1284 Quamque
772 1213 808 1267 sit
827 1215 969 1268 aetheriae
990 1215 1128 1268 commoda
1147 1213 1235 1267 lorma
1255 1213 1363 1266 domus:

545 1293 586 1348 Ne
606 1294 683 1347 reiut
703 1293 800 1363 ignota
818 1296 905 1366 degat
924 1295 1087 1365 peregrinus
1108 1293 1135 1348 in
1155 1293 1224 1346 urbo

611 1373 728 1442 Hospitii
746 1375 896 1438 Adurnites,
915 1373 1022 1428 nescius
1042 1374 1101 1443 ipse
1120 1371 1171 1426 sui.

332 1477 417 1534 Vides
437 1476 610 1543 charissima,
637 1487 741 1550 quanta
760 1497 803 1536 me
823 1498 872 1552 spe
897 1480 1050 1552 impleverit
1075 1480 1145 1534 haec
1164 1485 1215 1532 tua
1237 1477 1348 1532 formos
1363 1483 1563 1549 'quantumque

245 1565 273 1612 et
293 1565 322 1613 te
342 1573 438 1623 amem,
459 1566 490 1612 ut
504 1557 652 1628 genuinam
672 1576 759 1615 meam
781 1561 908 1624 sobolem,
930 1568 958 1614 et
982 1560 1031 1615 tibi
1055 1559 1181 1631 gratuler
1202 1557 1236 1611 ob
1264 1557 1353 1622 locum
1381 1557 1560 1618 honoratissi-

244 1653 324 1702 mum,
345 1653 425 1710 quem
446 1639 518 1708 apud
539 1637 718 1710 'lheologiam
745 1641 879 1695 dominam
900 1655 929 1694 es
949 1640 1109 1702 obtentura:
1130 1638 1205 1692 rides
1226 1635 1321 1699 etiam,
1343 1637 1440 1707 quanti
1461 1645 1492 1691 et
1509 1646 1563 1690 tus

244 1725 274 1770 et
292 1733 355 1772 mea
375 1717 489 1780 intersit,
511 1723 539 1770 te
559 1733 654 1772 munus
676 1719 821 1774 ancillandi
841 1721 891 1774 tibi
912 1721 1006 1774 datum
1026 1720 1053 1775 ιιι
1068 1720 1115 1774 illo
1136 1716 1287 1788 sapientiae
1307 1715 1477 1780 theatrale
1497 1735 1561 1771 con·

244 1805 339 1867 spectu
360 1803 455 1852 tantae
482 1796 661 1854 multitudinis
686 1801 839 1865 doctorum,
866 1801 941 1854 obire
962 1815 1043 1871 quam
1063 1797 1243 1859 dexterrime
1267 1795 1345 1849 rides
1365 1804 1395 1850 et
1413 1797 1562 1866 perpendis

243 1876 330 1946 ipsam
350 1876 392 1930 tui
411 1876 529 1930 muneris
549 1879 761 1947 amplitudinem.
802 1879 839 1935 Ut
858 1897 912 1935 nou
932 1880 981 1934 rim
1001 1881 1098 1952 longa,
1119 1875 1283 1932 ministrabis
1304 1883 1335 1929 tu
1355 1875 1508 1967 imperanti,
1528 1885 1563 1930 tn

244 1954 331 2027 igitur
349 1955 560 2012 omnimodarum
580 1957 799 2022 admonitionum,
819 1976 888 2030 quas
904 1961 1002 2016 velex
1016 1976 1059 2014 me
1073 1960 1118 2014 rel
1134 1975 1172 2012 ex
1187 1955 1324 2010 sororibus
1344 1955 1411 2008 meis
1430 1956 1560 2020 ιιιιιιιιιηι,

245 2037 359 2090 condam
384 2051 505 2106 promum
531 2051 615 2107 ages·
641 2037 725 2109 ipsius
752 2039 805 2094 erit
824 2057 861 2092 ex
883 2039 930 2103 iis,
957 2055 1028 2110 quae
1048 2045 1079 2098 to
1098 2035 1178 2108 vigili
1204 2035 1391 2126 suppeditatis
1416 2034 1564 2098 momnis.

243 2115 363 2186 seligere
383 2115 444 2178 illa,
465 2115 562 2187 quibus
588 2118 724 2172 censuerit
743 2119 795 2172 sibi
817 2121 959 2182 utendum3
980 2126 1030 2173 tua
1050 2119 1104 2172 erit
1122 2115 1285 2186 propositio,
1311 2113 1395 2182 ipsius
1414 2115 1563 2168 conclusio.

330 2196 408 2249 Haec
428 2194 450 2248 si
472 2202 502 2248 tu
528 2197 714 2265 reputaveris,
744 2213 800 2270 qua
824 2215 853 2252 es
879 2199 1014 2253 facilitate
1043 2199 1140 2252 lubens
1169 2211 1249 2264 spero
1277 2195 1406 2263 patieris,
1435 2195 1563 2266 quamvis

244 2275 344 2329 dudum
365 2275 551 2344 emancipata,
572 2283 604 2329 ut
624 2275 782 2348 indulgeam
802 2277 913 2332 affectui
933 2285 1069 2341 materno,
1089 2291 1123 2330 ne
1144 2281 1255 2330 avertas
1275 2289 1370 2337 aures,
1391 2273 1414 2326 si
1434 2274 1485 2328 tibi
1505 2289 1564 2345 ego

238 2351 351 2424 jamjam
371 2355 551 2425 proficiscenti
567 2355 655 2426 adque
672 2357 805 2412 dominam
826 2358 978 2412 transeunti
995 2357 1204 2412 admonitionem
1218 2361 1330 2424 praeter
1345 2361 1454 2407 ceteras
1470 2355 1565 2407 adhuc

243 2449 323 2488 unam
345 2451 382 2488 ex
401 2435 466 2504 ipsis
486 2435 552 2490 meis
573 2435 684 2490 Tabulis
704 2438 840 2508 liudolphi
867 2437 1093 2508 suppeditavere,
1119 2451 1199 2507 quam
1221 2435 1247 2487 ιιι
1268 2441 1422 2486 ceterarum
1448 2451 1564 2487 numero

243 2511 384 2575 Dominae,
405 2531 465 2568 cum
486 2515 539 2568 erit
558 2517 746 2584 opportunum}
768 2521 983 2588 cognoscendam
1004 2526 1033 2571 et
1052 2517 1214 2572 censendam
1234 2513 1399 2583 suppedites.
1431 2513 1585 2568 Conferet·

243 2591 270 2648 in
291 2607 326 2646 ea
345 2595 509 2662 percolenda
529 2599 558 2648 et
579 2597 764 2650 Grammaticus
788 2613 899 2666 operas,
924 2615 975 2652 nec
995 2598 1053 2651 abs·
1065 2614 1096 2652 re
1117 2594 1183 2655 erit,
1203 2610 1252 2663 pro
1273 2609 1309 2647 ea
1328 2595 1512 2647 confirmanda
1531 2601 1565 2646 et

217 2697 219 2706 a
243 2673 321 2742 leges
342 2673 473 2744 allegari,
495 2689 562 2744 quas
584 2675 611 2728 in
631 2675 677 2730 illo
697 2677 866 2748 Theologiae
892 2693 978 2747 regno
1005 2677 1086 2731 tritas
1106 2685 1136 2750 et
1154 2673 1272 2726 usitatas
1293 2680 1321 2726 et
1341 2673 1563 2743 praeconcepisti

243 2751 340 2815 animo,
361 2761 491 2823 quantum
505 2755 674 2808 exoratione
689 2764 739 2809 tua
753 2764 838 2826 patet,
861 2763 889 2810 et
899 2755 1015 2826 jamjam
1029 2758 1136 2826 plenius
1146 2753 1173 2808 in
1188 2755 1322 2807 lammam
1337 2761 1385 2806 tuo
1401 2770 1563 2824 cognosces.

331 2834 461 2904 Adeoque
482 2833 580 2887 abhis
601 2833 665 2903 ipsis
685 2831 794 2906 legibus
815 2837 941 2906 incipiam
961 2843 1102 2908 totamque
1122 2849 1179 2890 rem
1200 2833 1227 2887 ιιι
1243 2849 1294 2886 sua
1312 2833 1435 2886 membra
1456 2835 1562 2903 disper·

243 2911 321 2966 titam
342 2909 392 2965 tibi
413 2914 604 2968 adnumerabo.

334 2994 358 3045 l.
388 2993 520 3062 Tempora
540 3009 577 3046 ex
597 2995 672 3048 coelo
698 2997 832 3049 deducere
858 2995 944 3067 iisque
970 2995 1103 3066 principia
1127 2999 1252 3050 statuere
1272 2994 1317 3046 rel
1337 2991 1418 3044 situm
1439 2991 1513 3047 Solis
1531 2991 1562 3046 ιιι

241 3069 349 3141 punctis
369 3073 552 3126 cardinalibus
571 3073 676 3127 roisiaci
685 3077 728 3128 nel
739 3075 940 3144 conjunctiones
961 3075 1145 3130 luminarium:
1167 3079 1276 3126 mosest
1288 3071 1404 3126 omnium
1424 3073 1562 3143 gentium.

332 3151 357 3204 2.
387 3153 430 3206 De
456 3153 540 3221 cyclis
565 3169 696 3208 annorum
716 3155 865 3209 Lunarium
885 3171 929 3209 res
951 3163 993 3210 est
1018 3163 1103 3209 certa
1144 3157 1256 3226 Semper
1281 3151 1450 3206 novilunium
1471 3153 1562 3206 estin

242 3229 332 3299 capite
356 3229 474 3300 periodi,
499 3239 528 3286 et
548 3231 574 3286 id
595 3233 702 3304 quidem
726 3233 915 3289 vicinissimum
941 3235 1024 3306 capiti
1050 3235 1114 3290 anui
1134 3235 1250 3296 Solaria,
1276 3231 1304 3285 in
1324 3231 1450 3302 qualibet
1473 3240 1562 3302 gente

243 3309 347 3364 usitati.
865 3345 868 3352 ·

331 3389 357 3442 3.
387 3391 430 3444 De
451 3406 521 3445 anno
542 3391 631 3446 Solari
652 3399 760 3447 constat
784 3394 917 3464 exemplis
941 3397 1133 3467 plerarumque
1157 3396 1310 3454 nationum.
1331 3394 1402 3462 ‘1⁰⁰⁶
1424 3390 1453 3442 11¹
1468 3391 1562 3459 prim

242 3483 373 3524 annorum
400 3469 474 3523 initio
501 3471 585 3526 luerit
610 3472 783 3530 observatum
808 3489 891 3528 unum
916 3483 1076 3544 punctorum
1101 3477 1294 3534 cardinalium
1324 3473 1358 3524 ds·
1379 3471 1499 3534 celeth,
1524 3473 1562 3524 de

242 3547 339 3619 quibus
358 3565 412 3602 non
432 3549 564 3604 habemus
584 3552 636 3605 hoc
655 3554 801 3607 traditione
826 3563 1004 3624 compertum,
1026 3555 1096 3610 idem
1116 3557 1190 3610 credi
1210 3571 1262 3628 par
1283 3559 1332 3604 est
1373 3553 1405 3605 Iu
1425 3557 1562 3621 Aegypta·

242 3635 364 3720 tempore
384 3629 466 3682 blesis
485 3630 560 3684 illum
580 3647 711 3686 annorum
731 3635 917 3688 deducebatur
937 3636 973 3688 ab
994 3643 1056 3689 ortu
1076 3635 1158 3689 Canis
1178 3637 1252 3691 ιιιιι
1271 3630 1424 3694 solstitium,
1446 3630 1539 3684 Sole'
1532 3647 1562 3682 ιιι

242 3707 372 3777 principio
393 3709 490 3763 Cancri
509 3720 645 3764 versante.
675 3714 764 3766 Moses
785 3731 821 3768 ex
841 3716 968 3768 mandato
989 3713 1042 3768 Dei
1062 3731 1180 3768 mensem
1200 3718 1288 3788 elegit
1306 3727 1428 3774 vernum,
1449 3713 1560 3780 qum

243 3787 289 3841 Sol
310 3794 353 3839 est
372 3786 399 3841 ιιι
419 3789 522 3844 Ariete.
552 3791 635 3846 Aliud
656 3791 761 3846 initium
781 3781 847 3846 anui
868 3795 1090 3855 ,Qcontrsctuum
1114 3798 1296 3859 statuebatur,
1317 3789 1410 3848 sole·
1403 3808 1431 3844 ιιι
1446 3790 1561 3843 Libram

242 3873 416 3930 transeunte,
438 3871 508 3938 qnod
530 3887 591 3924 cum
611 3877 685 3925 esset
705 3871 839 3928 familiare
859 3875 995 3944 plerisque
1015 3875 1169 3930 rubonibus
1188 3875 1280 3941 Asiae,
1300 3879 1404 3947 factam
1423 3869 1489 3926 hinc
1509 3877 1560 3932 His

243 3953 274 4000 nt
294 3945 376 4000 etiarn
397 3948 565 4013 Seleucides,
585 3953 764 4006 Macedonum
782 3953 937 4023 progenies,
958 3955 1093 4008 mensibus
1114 3956 1169 4009 suis
1190 3957 1314 4012 Graecae
1334 3951 1560 4012 numentinum

243 4025 401 4096 principium
428 4027 454 4082 in
474 4030 560 4084 Libra
585 4039 746 4087 statuerent.
786 4033 901 4088 Athenis
928 4033 1032 4088 initium
1059 4035 1122 4088 armi
1148 4044 1223 4101 erat,
1249 4038 1347 4094 Sole
1339 4055 1365 4091 ιιι
1392 4032 1561 4108 Capricorno

243 4115 377 4160 versante.
407 4107 496 4162 Julius
517 4111 619 4164 Caesar
640 4112 689 4166 id'
682 4127 768 4181 ipsum
789 4121 832 4166 est
851 4121 968 4178 secutus,
989 4123 1073 4184 caput
1092 4117 1155 4169 anni
1176 4117 1278 4172 iaciens
1299 4117 1466 4173 novilunium
1487 4122 1562 4174 circa

243 4193 367 4240 octavam
388 4187 552 4256 Capricorni.

331 4269 358 4320 4.
389 4267 492 4329 Quibus
508 4270 593 4341 igitur
612 4271 741 4342 gentibus
762 4271 865 4326 initium
881 4271 944 4326 anni
960 4273 1013 4328 luit
1032 4275 1206 4331 observatum
1221 4279 1287 4342 tale,
1308 4277 1335 4331 ιιι
1351 4295 1406 4349 qno
1421 4279 1470 4334 Sol
1486 4291 1562 4334 esset

244 4345 271 4400 ιιι
291 4345 352 4399 aliis
372 4346 466 4417 signis,
487 4347 519 4402 iis
539 4355 649 4404 causam
670 4351 751 4422 hujus
771 4353 811 4406 rei
831 4353 915 4406 fuisse
934 4371 988 4407 non
1013 4354 1152 4410 consilium
1176 4359 1223 4410 sed
1250 4373 1355 4422 οιιιιιιιι,
1376 4375 1426 4412 seu
1447 4362 1561 4430 longam

244 4425 280 4479 ab
300 4425 406 4536 origine
427 4428 621 4493 deductionem,
642 4432 716 4485 credi
735 4448 787 4502 par
808 4441 858 4495 est,
880 4432 996 4486 aliamve
1017 4451 1127 4489 causam
1146 4437 1267 4492 similem.

333 4507 359 4560 5.
388 4507 465 4560 Haec
491 4509 670 4563 consideratio
697 4515 795 4565 suadet
821 4513 908 4576 credi,
935 4513 1054 4567 divinum
1085 4532 1145 4568 esse
1172 4515 1198 4569 ιιι
1225 4517 1377 4572 hominibus
1403 4517 1561 4573 instinctum

244 4583 459 4639 observationem
481 4604 642 4658 congressus
663 4591 732 4644 Solis
753 4599 781 4644 et
801 4583 924 4646 Lunae¹
917 4611 944 4647 ιιι
964 4595 1071 4662 punctis
1091 4595 1274 4652 cardinalibus
1294 4613 1343 4666 pro
1365 4597 1442 4652 initio
1462 4599 1533 4653 anni.

333 4669 358 4716 o.
389 4665 534 4720 Confirmat
561 4669 630 4721 lianc
656 4671 807 4739 opinionem
828 4681 857 4724 et
876 4673 991 4726 historia
1016 4675 1174 4729 creationis:
1202 4678 1282 4730 Dixit
1303 4681 1392 4740 Deus,
1414 4680 1560 4732 luminaria

245 4741 298 4796 siut
320 4743 345 4798 iu
365 4744 446 4814 signa
466 4755 494 4800 ct
504 4759 628 4816 tempora
648 4750 733 4815 (niens
728 4747 774 4813 es)
796 4759 824 4806 et
837 4752 895 4806 dies
916 4748 1021 4819 (festos)
1042 4761 1072 4808 et
1091 4771 1183 4810 anuos.
1214 4759 1314 4820 Quodsi
1330 4759 1383 4811 hoc
1403 4759 1560 4813 habuerunt
