3390 5542
677 185 889 314 supplementum.
1309 291 1314 308 ,
1377 252 1438 316 601

122 424 287 512 triangulo
314 423 456 492 isoscele.
517 423 597 490 Cum
633 431 740 490 autem
769 445 904 509 corpora
941 427 1126 490 statuantur
1161 421 1279 490 habere
1316 423 1442 492 eosdem

124 515 265 582 circulos
294 520 491 592 truncantes,
530 533 622 579 arere
659 513 758 595 igitur
792 513 932 578 omnium
965 513 1123 578 linearum
1154 515 1344 580 creatrioum
1372 535 1442 580 sese

123 611 237 671 mutuo
265 603 420 668 secabunt
439 602 474 666 in
498 603 623 684 puncds
646 600 781 682 duobus,
804 623 863 686 per
885 623 968 685 quae
990 601 1102 668 circuli
1123 607 1310 668 truncantes
1332 608 1450 678 trans,
1521 647 1523 651 -

124 699 212 758 eunt.
245 694 307 758 ·Ει
334 713 407 755 cum
433 690 517 755 idem
539 690 684 756 omnibus
712 690 898 774 corporibus
924 690 1089 756 tribuatur
1119 691 1257 756 cnonas
1283 693 1443 758 maximus

122 781 267 864 corporis
297 781 432 859 medius,
463 799 538 862 ergo
562 778 665 844 lineae
688 779 858 844 creatrices
881 800 988 846 omnes
1018 795 1087 844 sese
1108 785 1220 845 mutuo
1249 785 1387 864 tangunt
1407 781 1442 846 in

122 869 287 934 communi
308 870 432 946 vertice,
457 870 512 950 qui
534 888 572 932 ex
594 867 814 935 droumductu
837 867 958 950 figurae
982 872 1136 954 cujusque
1159 873 1246 934 creat
1267 869 1359 934 illum
1381 869 1441 938 nir·

122 959 241 1037 culum,
267 958 364 1023 totius
394 957 534 1040 corporis
566 955 713 1022 medium.
766 956 847 1022 Cum
880 964 988 1021 autern
1022 957 1177 1022 sectiones
1211 956 1338 1022 conisae
1371 977 1442 1022 sese

121 1051 234 1112 mutuo
256 1043 493 1128 amplectantur
516 1044 627 1111 ordine
649 1044 702 1109 hio
724 1044 891 1124 attributo,
924 1051 1086 1127 segmenta
1117 1045 1211 1110 etiam
1238 1066 1307 1110 sese
1329 1050 1441 1112 mutuo

121 1134 275 1200 maculent
299 1132 409 1199 eodem
430 1133 549 1198 ordine.
585 1134 690 1199 Gonus
711 1133 810 1215 igitur
832 1132 1015 1218 duplicatus
1038 1139 1261 1222 etytruncatus
1286 1133 1331 1216 (in
1350 1133 1439 1198 sche-

119 1230 208 1288 mate
238 1227 288 1288 16.
313 1223 409 1288 rectis
435 1219 526 1286 lineis
549 1219 649 1302 HAll,
671 1221 751 1288 GGF
775 1223 956 1303 contentus)
980 1221 1040 1286 erit
1064 1223 1226 1301 minimus,
1249 1221 1280 1286 ei
1302 1223 1442 1306 primurn

120 1310 315 1396 hyperbolae
338 1311 482 1394 singulae
504 1309 647 1404 singulas
668 1311 795 1375 tunicas
818 1312 1064 1391 circumducent,
1088 1313 1125 1375 ιιι
1143 1310 1224 1376 fiant
1238 1311 1311 1376 insa
1326 1310 1440 1394 hyper·

119 1398 228 1464 bolico
249 1406 415 1480 truncata3
448 1399 673 1481 superinducet
703 1405 736 1464 et
757 1400 913 1482 parabola
936 1419 1047 1478 mam,
1074 1405 1112 1464 ιιι
1138 1398 1197 1464 fiat
1218 1401 1324 1464 iusum
1345 1421 1440 1484 para·

119 1487 274 1566 bolicum;
299 1494 368 1553 tum
392 1487 517 1572 ellipses
542 1487 686 1571 singulae
718 1508 827 1553 rursus
850 1489 971 1554 addent
993 1487 1148 1570 singulas,
1177 1495 1214 1554 ιιι
1236 1487 1318 1553 liant
1339 1507 1442 1570 prima

120 1576 263 1661 elliptica
284 1583 445 1642 truncata.
492 1576 634 1641 Tandem
656 1575 802 1656 circulus,
837 1599 916 1644 areu
939 1573 1072 1653 FSQCG
1102 1576 1246 1642 ultimam
1279 1575 1442 1642 inductui

118 1668 263 1731 tunicam
285 1665 443 1750 facietque
463 1665 589 1730 citrium
611 1670 807 1731 truncatum.

311 1805 490 1872 Thecrema
511 1805 609 1874 XXX.
653 1806 830 1887 Problema‚
855 1807 1024 1891 geometris
1047 1808 1256 1892 propositum.

117 1912 361 1996 Propertioaem
391 1913 547 1998 tantopore
567 1905 793 1996 sepmerttoanm
813 1914 911 1994 atet,
935 1915 1047 1994 oliuae,
1071 1916 1169 1996 pruni
1200 1918 1257 1980 mat
1275 1913 1352 1994 sassi,
1373 1912 1441 1993 foc-

452 2035 455 2044 ·
536 2007 639 2070 torum
660 2002 757 2084 ploro
776 2004 840 2092 oni
853 2001 1020 2084 parallelo.

208 2107 294 2174 Usus
321 2110 389 2193 ejus
409 2109 479 2174 non
506 2114 711 2192 potestesse
744 2106 912 2188 obscurus,
944 2109 1076 2174 scientia
1107 2108 1207 2174 deest.
1260 2105 1299 2172 In
1328 2110 1438 2172 extem

117 2198 207 2264 sione
230 2217 304 2264 vero
322 2195 494 2262 soliditatis
517 2197 601 2262 citrii
621 2198 655 2262 in
668 2201 797 2276 rectum,
821 2218 870 2263 so:
892 2197 926 2263 in
948 2198 1111 2282 prismatis
1133 2196 1297 2280 cylindrici
1319 2196 1439 2281 portio·

117 2307 203 2366 nem,
215 2285 387 2372 respondet
401 2285 461 2350 tali
476 2293 636 2368 segmento
653 2287 737 2352 citrii
752 2291 951 2368 segmentum
966 2287 1120 2371 portionis
1134 2286 1218 2352 illius
1235 2284 1438 2368 cylindricae,

117 2375 243 2440 factum
256 2374 437 2460 superficie,
450 2395 534 2458 quae
549 2375 659 2440 similis
682 2381 731 2440 est
745 2373 967 2458 cylindraceas
982 2396 1039 2440 seu
1055 2375 1163 2459 potius
1177 2375 1264 2458 parti
1278 2372 1439 2438 involutae

117 2464 255 2529 chartae
284 2463 535 2546 quodammodo:
566 2483 642 2528 nam
673 2465 706 2529 in
736 2483 833 2528 unam
861 2464 990 2547 plagam
1021 2469 1071 2528 est
1099 2469 1188 2529 recta
1219 2467 1380 2528 structae
1405 2461 1439 2526 in

116 2551 190 2618 basi
212 2553 366 2634 portionis
378 2551 597 2634 cylindraceee
619 2551 790 2636 parallele3
814 2573 940 2618 sursum
961 2573 1036 2618 vero
1058 2559 1223 2630 estcurva,
1247 2572 1311 2616 non
1330 2557 1440 2616 temen
1550 2546 1556 2564 '

116 2639 275 2706 cmritate
302 2661 408 2723 neque
437 2640 560 2721 circuli,
602 2640 691 2723 quod
725 2641 849 2704 certum
878 2646 942 2722 est,
983 2655 1088 2724 neque
1113 2641 1265 2706 'santonis
1298 2637 1437 2720 eunicae,

117 2735 276 2814 quantum
304 2729 379 2794 milri
409 2736 547 2808 constat,
580 2729 639 2794 etsi
668 2729 754 2793 inter
781 2730 906 2797 coniccs
935 2730 1094 2814 elliptieae
1120 2728 1158 2793 fit
1187 2727 1328 2806 similior,
1361 2727 1438 2810 quia

114 2820 263 2900 superius
285 2819 386 2901 magis
408 2813 558 2884 flectitur.
593 2819 636 2884 Et
657 2817 686 2884 si
697 2817 738 2882 de
753 2817 848 2902 hujus
871 2817 1037 2884 cursitatis
1060 2817 1148 2884 linea
1170 2821 1339 2895 constaret,
1355 2835 1435 2879 non·

115 2907 193 2972 dum
225 2912 334 2972 tamon
365 2927 404 2971 ex
432 2927 470 2972 ea
499 2925 556 2990 per
585 2905 739 2981 hactenus
770 2906 899 2991 quidem
929 2907 1114 2988 constituta,
1139 2906 1272 2973 daretur
1293 2903 1438 2970 soliditas

115 2995 192 3060 talis
214 2994 380 3080 portionis.

457 3137 659 3222 Conclusio
684 3137 799 3223 hujus
829 3135 1098 3224 Supplementi.

205 3261 274 3344 Age
286 3281 379 3340 nunc,
395 3261 531 3342 Snelli,
556 3269 796 3346 geometrarum
810 3264 912 3329 nostri
923 3263 1022 3329 seculi
1037 3263 1144 3341 decus,
1160 3261 1333 3344 legitimam
1346 3257 1440 3344 hujus

115 3347 326 3434 problematis
341 3357 595 3432 ceterorumque,
617 3372 698 3435 quea
711 3349 763 3415 hic
784 3352 1014 3430 desiderentur,
1031 3352 1332 3416 demonstrationem
1347 3345 1439 3414 nobis

117 3437 249 3520 expedi3
272 3445 464 3518 reservatur,
487 3441 521 3502 ni
535 3439 640 3518 fallor,
664 3440 743 3505 haec
763 3440 901 3504 inventio
924 3439 1002 3518 Tibi,
1019 3445 1056 3504 ut
1078 3441 1195 3504 θιιίιιιιι
1216 3439 1440 3504 Maecenatum

116 3527 251 3609 aliquis,
284 3528 340 3608 qni
361 3533 438 3592 tuae
452 3527 602 3592 lorturme
623 3528 824 3612 splendorem
839 3534 992 3611 reputans
1009 3533 1041 3590 et
1055 3526 1246 3592 uerecundia
1259 3527 1438 3610 instigatus,

116 3615 248 3699 Quum
265 3615 404 3698 'aliquid
425 3615 486 3680 hac
508 3613 660 3696 sollertia,
689 3636 754 3699 quo
776 3617 896 3682 seilicet
917 3610 1066 3680 notabilis
1089 3615 1198 3698 aliqum
1213 3622 1289 3681 tuae
1311 3615 1359 3680 rei
1380 3612 1440 3678 fiat

116 3705 273 3782 accessio,
309 3711 546 3786 remuneretur,
585 3725 708 3788 proque
746 3704 838 3770 nitrio
874 3705 1035 3770 numerica
1069 3704 1187 3772 malum
1224 3725 1356 3770 aureum
1386 3721 1437 3768 re·

117 3791 301 3878 passaw)
