3396 5540
645 237 753 303 Eclogae
774 235 919 286 Chronicee.
1239 241 1247 256 '
1375 241 1435 302 421

129 410 213 494 quod
235 412 409 496 ipsissimus
430 433 534 476 annus
557 419 590 476 et
605 411 721 476 mensis
737 411 960 494 Hipparcheus
975 409 1086 490 suerit,
1110 406 1261 478 non'verc
1276 415 1440 479 vetustior.

57 493 65 504 “
129 495 209 564 Νο5ι
231 499 379 584 quibem
400 507 516 583 posset,
549 499 781 566 diversissimos
804 500 952 579 artifices,
983 505 1075 565 tanto
1097 503 1248 583 temporis
1270 503 1439 569 intervallo

129 589 291 669 distantes,
317 589 350 653 in
373 591 532 674 scrupulis
554 589 726 655 millesimis
749 589 876 671 penitus
899 589 1090 667 consentire,
1118 596 1151 653 et
1173 589 1303 672 quidem
1325 612 1436 664 erran-

128 683 183 756 tes,
205 684 243 744 ut
263 677 357 744 hodic
378 686 515 759 constat,
528 679 733 762 ‘insuperque
753 678 935 759 ignorantia
956 679 1098 743 Graecos
1120 685 1196 742 ante
1218 679 1440 762 Hipparchum

128 772 264 830 tenente,
308 767 394 832 Nem
423 768 450 832 si
471 768 551 833 haec
573 768 650 832 anni
671 766 836 849 longitudo
858 766 990 832 ludaeis
1013 771 1091 830 nota
1113 767 1224 831 fuisset
1246 768 1438 852 antiquitus,

128 876 188 919 non
217 856 376 937 potuisset
405 855 509 922 latere
537 858 690 935 Graecos,
720 863 807 920 certe
839 876 903 919 non
929 860 1002 937 post
1024 855 1196 920 Alexandri
1216 857 1268 920 'res
1289 856 1324 920 in
1347 859 1438 942 Syria

126 950 229 1026 gestas
252 944 487 1028 imperiumque
509 944 701 1023 stabihtum;
724 965 782 1009 uec
804 963 884 1026 opus
905 942 1017 1018 suisset
1039 944 1175 1008 eandem
1196 942 1238 1010 ab
1253 945 1438 1034 Hipparcho

17 1065 18 1070 ι
127 1034 253 1098 demum
274 1032 469 1116 investigari,
494 1039 530 1099 ut
552 1035 671 1100 scimus
692 1033 822 1098 iactum.

209 1119 316 1198 Quare
342 1121 388 1186 sic
414 1124 542 1188 omnino
569 1121 782 1201 statuendum,
812 1120 845 1185 id
871 1120 959 1203 quod
981 1118 1121 1186 Rabbiui
1147 1121 1188 1185 de
1201 1123 1346 1202 antiqua
1368 1127 1436 1188 tra·

17 1233 19 1252 ι
125 1209 242 1274 ditione
265 1209 384 1288 dicum,
407 1210 596 1294 figmentum
617 1231 684 1276 esse
706 1209 938 1276 Rabbinorum:
963 1222 1075 1274 contra
1096 1210 1237 1274 ludaeos
1258 1211 1350 1276 annis
1375 1217 1438 1277 300

126 1303 196 1380 post
218 1299 381 1364 Christum
403 1299 567 1383 amplexos
590 1319 658 1366 esse
681 1297 918 1381 Hipparcheam
941 1297 1076 1364 formam
1098 1319 1158 1380 pro
1181 1299 1367 1364 certissima.

210 1391 254 1452 nt
284 1388 421 1454 sciretur
449 1390 592 1471 ipsorum
615 1395 793 1471 computus,
817 1388 845 1451 si
867 1387 948 1452 festa
970 1407 1035 1450 nou
1058 1408 1097 1450 ex
1120 1387 1219 1466 coelo,
1242 1387 1299 1452 sed
1321 1393 1358 1452 ut
1378 1409 1437 1454 nos

125 1495 162 1538 ex
182 1476 553 1560 cyclisdesumsissent?
596 1479 670 1543 Non
692 1477 848 1558 sequitur.
894 1477 978 1540 Nam
1003 1481 1044 1554 70
1067 1477 1159 1541 annis
1182 1482 1254 1557 post
1274 1477 1438 1541 Christum

124 1570 191 1629 tota
216 1566 359 1648 ipsorum
386 1565 498 1649 politia
519 1587 584 1631 una
606 1587 679 1631 cum
701 1564 906 1632 sacerdotum
929 1564 1075 1644 collegio,¹
1098 1565 1154 1647 qui
1177 1571 1271 1629 erant
1292 1567 1438 1647 magistri

124 1651 215 1739 hujus
238 1655 390 1736 computi,
414 1654 557 1737 adeoque
580 1656 676 1720 etiam
698 1654 768 1736 ipsa
790 1653 884 1738 hujus
905 1652 1214 1730 Calendariischola,
1238 1653 1438 1738 ierosolyma

125 1747 156 1809 et
183 1743 342 1825 ternplum
371 1743 498 1826 penitus
521 1744 743 1810 conciderunt:
772 1743 835 1826 ipsi
852 1762 930 1812 ‚vero
953 1762 1012 1824 per
1034 1747 1139 1807 totum
1161 1741 1269 1806 orbem
1291 1741 1437 1825 dispersi,

124 1833 251 1896 summis
274 1831 410 1897 miseriis
432 1832 552 1910 afflicti,
576 1832 717 1915 gentium
732 1828 929 1908 Calendariis'
947 1829 1130 1909 assuefacti,
1151 1830 1314 1913 paschatis
1324 1831 1435 1914 solen·

124 1917 214 1984 nibus
240 1921 408 1986 itineribus
430 1943 495 1986 505
517 1921 656 2005 amplius
678 1918 833 1998 adstricti
863 1919 981 2002 quippe
1000 1923 1067 2003 jam
1088 1939 1195 1984 everso
1218 1919 1350 2002 templo.
1394 1921 1438 1986 Et
1463 1993 1467 1998 ⁵

125 2014 159 2073 ut
178 2009 242 2074 ista
263 2015 404 2076 taceam:
435 2029 567 2094 quaeso,
589 2003 843 2095 quotusquisque
864 2007 957 2072 hodie
981 2013 1039 2086 est,
1062 2008 1119 2089 qui
1141 2014 1328 2090 computum
1351 2015 1444 2074 rete-1

124 2117 193 2162 rum
232 2097 490 2165 Cluistianorum
528 2099 690 2182 cognitum
728 2096 861 2164 habeat:
899 2095 1201 2175 Alexandrinorum,
1237 2097 1436 2176 Latinorum,
1543 2137 1546 2142 ·

124 2185 270 2267 vicarie,
295 2186 436 2265 ‚Victorii
460 2187 621 2266 Victorini,
646 2186 818 2270 Hippolyti,
841 2184 1024 2267 Theophili,
1045 2185 1174 2268 Cyrilli‘l
1217 2185 1286 2249 Nisi
1307 2191 1435 2252 contro·

124 2275 250 2340 versiae·
275 2275 315 2340 de
345 2276 498 2358 paschate
527 2276 662 2342 inissent
690 2274 829 2340 historiis
859 2274 1042 2353 mandatae,
1072 2294 1165 2338 nemo
1194 2272 1266 2338 illas
1296 2275 1439 2340 rationes*

124 2363 212 2430 hodie
241 2369 354 2452 posset
383 2383 506 2430 eruere.
554 2357 597 2430 Et
625 2371 735 2429 tamen
766 2363 863 2446 paulo
894 2369 969 2426 ante
999 2381 1063 2426 nou
1092 2361 1192 2426 defuit
1222 2383 1261 2425 ex
1290 2363 1437 2445 patribus

123 2452 329 2536 Epiphanius,
360 2453 525 2535 quondam
546 2453 699 2524 iudaeus,
728 2453 785 2535 qui
807 2450 952 2516 usualem
973 2451 1102 2516 illorum
1124 2456 1311 2534 computum
1332 2471 1465 2536 anno,
1528 2475 1550 2526 ,·

123 2555 257 2624 rumque
282 2548 324 2606 sl
348 2543 469 2626 cyclum
484 2563 544 2627 per
558 2548 667 2625 partes
682 2539 887 2606 (inscriberet.
909 2541 1025 2622 Itaque
1039 2561 1103 2604 non
1118 2539 1246 2622 penitus
1259 2539 1436 2622 ignoratur,

124 2635 159 2694 ut
178 2631 337 2695 innuebat
359 2631 503 2717 objectio,
527 2631 588 2696 etsi
609 2629 712 2694 multa
734 2629 969 2694 desiderantur.
1208 2683 1212 2700 ‚

206 2719 373 2784 Johames
407 2719 505 2802 igitur
536 2719 667 2785 Juliano
703 2723 755 2782 73.
787 2718 821 2782 in
853 2717 935 2782 sesto
968 2716 1167 2782 solennitatis
1201 2715 1352 2781 tubarum
1385 2717 1436 2782 vel

122 2808 245 2874 circiter
269 2809 398 2874 videtur
420 2810 561 2891 coepisse
583 2806 766 2890 praedicare
788 2812 821 2870 et
842 2805 1021 2888 baptisare:
1045 2805 1174 2871 adeum
1190 2805 1276 2868 venit
1292 2805 1436 2871 Christus

124 2897 168 2961 vel
194 2897 312 2962 eodem
332 2917 418 2964 anno
443 2903 494 2962 73.
520 2903 548 2963 5.
572 2896 757 2962 Novembris
780 2894 830 2959 rel
852 2891 997 2976 sequenti
1020 2899 1071 2960 74.
1096 2901 1126 2960 6.
1149 2893 1304 2972 ianuarii,
1335 2915 1436 2960 annos

121 2992 217 3052 nctus
245 2986 327 3070 (non
348 2985 414 3050 fere
436 2987 487 3051 vel
509 2985 651 3069 proxime
674 2985 728 3066 30)
759 2984 816 3048 sed
839 2984 966 3052 circiter
987 2983 1039 3048 vel
1061 2983 1155 3066 quasi
1178 2988 1228 3061 30,
1252 2983 1373 3066 siquis
1396 3005 1436 3048 ex
1485 2983 1488 2996 '

121 3079 245 3139 statura
273 3079 308 3140 et
333 3075 415 3140 hoie
433 3075 587 3161 judicium
608 3074 656 3139 de·
671 3078 778 3138 aetate
799 3073 899 3137 ferret
922 3071 979 3152 (itt
1000 3074 1083 3138 math
1107 3071 1154 3139 eiu
1176 3067 1280 3139 217055
1300 3070 1369 3138 emb
1394 3079 1435 3137 30

122 3161 204 3244 {lohe
225 3162 410 3257 55500905),
442 3166 601 3229 verissime
631 3167 741 3228 autem
770 3161 908 3247 habebat
937 3161 1003 3226 iere
1035 3167 1086 3227 33.
1132 3160 1212 3226 Vide
1235 3181 1330 3224 usum
1351 3163 1436 3227 vocis
1563 3213 1566 3220 .

123 3249 298 3330 doaralibi,
323 3257 360 3318 ut
381 3253 519 3320 Johann.
544 3257 585 3330 6.,
609 3253 685 3318 Luc.
711 3257 740 3316 n.
869 3299 872 3314 .

204 3342 353 3408 Primum
383 3363 459 3426 ergo
490 3342 609 3425 pascha
637 3339 803 3405 ministerii
831 3338 948 3404 Christi
976 3337 1105 3403 Juliano
1137 3343 1189 3402 74.
1213 3337 1381 3419 (Johonnis
1404 3344 1435 3403 2.

121 3449 147 3493 r.
183 3434 251 3500 23.)
299 3431 417 3496 Tiberii
452 3429 579 3496 decimis
614 3429 714 3494 sextis
750 3429 838 3494 Coss.
883 3427 925 3490 Et
959 3431 1067 3509 potest
1094 3426 1228 3494 loannis
1259 3434 1291 3491 4.
1321 3449 1350 3491 v.
1382 3433 1437 3498 45.

121 3515 253 3602 intelligi
276 3541 341 3582 non
363 3524 491 3584 tantum
513 3519 553 3584 de
575 3518 635 3583 hoc
657 3516 818 3600 paschate,
842 3515 1019 3579 sedetiam
1034 3514 1074 3580 dc
1089 3514 1278 3596 scenopegia
1293 3514 1437 3602 ejusdem

121 3608 203 3670 anni.
250 3607 370 3672 Postea
395 3608 486 3672 aliud
513 3609 630 3672 festum
656 3605 761 3670 minus
789 3623 887 3686 quam
909 3609 1049 3684 quatuor
1071 3602 1231 3668 mensibus
1253 3609 1329 3668 aute
1351 3624 1434 3668 mes·

121 3714 185 3759 sem
222 3696 393 3768 (iohannis
427 3701 458 3762 4.
490 3719 522 3760 v.
557 3702 609 3762 35.
641 3701 674 3759 et
703 3700 733 3760 5.
763 3716 793 3758 v.
825 3691 878 3771 1.).
914 3693 1007 3756 'Puto
1030 3692 1127 3758 hrisse
1148 3691 1267 3756 festum
1289 3695 1435 3771 sortium,

120 3783 245 3864 phurim
277 3785 408 3852 dictum.
455 3785 638 3851 Secundum
669 3782 788 3866 pascha
817 3779 946 3846 Juliano
978 3785 1032 3846 75.
1066 3779 1234 3864 (Johannis
1266 3787 1297 3848 0.
1327 3803 1356 3846 ν.
1389 3789 1435 3851 4.)

120 3871 238 3938 Tiberii
265 3879 316 3960 17.
340 3875 428 3940 Coss.
452 3874 640 3956 scenopegia
663 3876 730 3957 ejus
754 3869 831 3934 anni
854 3868 1007 3952 (Jobann.
1031 3875 1060 3934 7.
1084 3891 1112 3934 v.
1137 3874 1166 3950 2,
1192 3875 1222 3949 8,
1248 3871 1313 3952 37).
1358 3869 1436 3934 inde

120 3962 272 4041 mcaeuia
295 3964 406 4046 templi
428 3963 538 4038 hieme,
561 3961 660 4026 idest
674 3965 893 4042 tempestuoso
909 3964 941 4022 et
955 3957 1061 4042 pluvio
1077 3958 1174 4039 coelo,
1199 3959 1246 4023 sic
1259 3965 1295 4024 ut
1311 3959 1436 4026 Christo
1552 3999 1564 4012 -

118 4049 212 4115 fuerit
241 4051 474 4116 ambulandum
496 4051 555 4116 sub
577 4051 705 4134 porticu
726 4046 904 4114 Salomonis
928 4047 1014 4131 (Joh.
1040 4053 1089 4113 10.
1113 4071 1144 4112 ι.
1168 4047 1246 4129 22.)
1272 4047 1437 4114 'Tertium

119 4140 248 4220 pascha,
273 4165 485 4223 σταυρωσιμον,
515 4140 647 4206 iuliano
671 4141 721 4216 70,
745 4135 864 4202 Tiberii
885 4134 1012 4200 decimis
1035 4137 1156 4202 octavis
1178 4138 1267 4202 Coss.
1290 4137 1436 4202 Romano

118 4247 215 4308 more,
241 4229 389 4311 quamvis
412 4251 432 4295 a
455 4229 506 4294 die
528 4227 653 4312 imperii
674 4232 732 4291 aut
752 4247 774 4291 a
797 4223 928 4290 Calend.
952 4225 1026 4291 dan.
1049 4232 1194 4290 curreret
1209 4224 1348 4290 decimus
1365 4243 1435 4304 sep·

118 4316 213 4381 timus
235 4324 377 4382 tantum.
413 4319 491 4384 Cum
514 4325 623 4383 autem
648 4316 719 4380 dico
740 4333 862 4378 morem
884 4313 1074 4393 Romanum,
1098 4314 1130 4379 id
1144 4313 1343 4378 intellectum
1365 4309 1436 4376 volo
1534 4314 1536 4328 '

73 4393 82 4410 ⁸
118 4403 156 4468 ‹le
183 4405 292 4472 usinali
315 4407 406 4471 initio
430 4407 504 4472 anni
528 4406 596 4472 Cal.
619 4403 775 4482 Janucrii,
801 4400 928 4486 quando
951 4403 1064 4467 ineunt
1087 4403 1185 4481 Coss,
1210 4407 1242 4464 et
1264 4400 1305 4464 de
1326 4419 1435 4462 nume·

116 4494 240 4561 ratione
255 4516 416 4559 annorum
431 4495 561 4579 publica
575 4516 635 4578 per
650 4494 803 4561 Cosanon
818 4511 875 4573 per
890 4513 991 4558 annos
1006 4492 1109 4574 lmpp.
1139 4492 1182 4556 At
1198 4487 1335 4564 interim,
1359 4487 1437 4550 dum

117 4593 173 4662 ego
195 4583 268 4648 dico
291 4583 449 4649 decimum
472 4591 618 4650 octavum
640 4581 768 4659 Tiberii,
791 4600 860 4646 mos
882 4588 932 4645 est
953 4581 1118 4658 Judaicus,
1141 4575 1349 4660 dispertiendi
1367 4594 1435 4638 suc-

117 4672 269 4736 cessionis
299 4693 420 4736 aninum
444 4673 514 4755 (qui
537 4673 596 4738 suit
619 4678 671 4739 59.
694 4666 856 4740 Julianus)
879 4669 961 4734 inter
983 4687 1204 4733 successorem
1221 4663 1382 4728 Tiberium
1404 4669 1437 4726 et

116 4759 316 4828 decessorem
332 4765 522 4844 Augustum.
554 4762 622 4826 Etsi
638 4761 671 4826 in
687 4759 775 4824 Luca
787 4758 990 4838 Evangelista
1005 4777 1136 4843 possum
1152 4755 1249 4819 etiam
1265 4751 1435 4816 admittere
1469 4827 1472 4846 Ι
