3310 5538
478 364 480 377 Ι
562 299 910 368 ,ᾱαιοὶιυηὴιοωὶοςὶοἱι
992 294 996 304 ’
1377 283 1421 354 75
1530 369 1535 384 .
1636 335 1637 346 .

92 449 133 504 est
146 441 288 522 profunde
312 443 482 524 demersum
496 443 527 506 in
543 463 668 518 occasu,
689 444 721 506 id
743 449 792 506 est
812 423 844 506 in
866 445 984 508 domum
1000 451 1134 521 sextam,
1157 452 1211 508 aut
1227 445 1364 510 decidere
1381 447 1420 510 ab
1482 425 1488 450 ⁸
1610 513 1618 524 ,

90 529 187 611 angulo
209 529 344 594 decimae
368 531 489 607 domus,
511 533 561 613 qui
583 539 667 596 esset
688 534 769 596 altus
791 553 895 609 casus,
918 541 972 596 aut
987 533 1113 616 denique
1135 543 1309 598 versantem
1331 536 1361 598 iu
1378 550 1420 606 Θ.

90 621 165 698 signo
180 619 330 682 altissimo
354 621 439 683 etin
463 622 573 702 angulo
590 623 751 704 septimae,
775 629 828 684 aut
850 621 932 685 Solis
953 623 1055 684 radios
1078 624 1271 700 subeuntem,
1294 624 1421 706 opprimi

89 707 215 770 infaustis
240 709 369 789 alicujus
390 708 549 790 maleficae
573 711 675 774 radiis.
721 708 933 792 Quamcunque
966 717 1094 794 quatuor
1118 711 1224 776 harum
1249 713 1421 793 opinionum

89 797 164 858 uobis
179 797 315 860 calculus
332 797 563 873 confirmaverit,
580 817 618 861 ex
632 806 705 861 voto
721 800 752 861 id
767 800 833 861 erit.

163 883 287 955 Quinto.
323 887 454 952 Veneria
474 887 598 960 solome
613 889 703 951 uidcor
723 887 817 951 babet.
855 887 999 951 Biiariam
1023 896 1055 949 et
1076 889 1134 951 hoc
1156 888 1285 969 intelligi
1300 895 1420 970 potest:

87 983 133 1036 aut
145 975 348 1054 generaliter,
367 975 520 1038 Venerem
542 977 597 1038 sub
613 976 695 1040 Solis
716 977 825 1052 radiis,
848 985 901 1039 aut
923 977 1110 1058 specialiter,
1132 978 1242 1040 lumine
1264 979 1420 1053 minutam,

87 1063 135 1124 boc
150 1069 197 1124 est
212 1065 346 1144 amplius
362 1083 396 1126 se
412 1063 493 1128 Solis
508 1065 603 1127 radiis
617 1061 820 1128 involventem
836 1085 889 1128 seu
905 1065 1020 1127 directo
1037 1085 1090 1128 seu
1107 1085 1252 1129 converso
1268 1072 1360 1128 motu.

163 1151 269 1215 Sexto.
302 1153 453 1234 Metaque
473 1151 552 1215 celer
573 1151 734 1236 Opllenias
754 1155 868 1217 haeret.
903 1152 1056 1216 nesteron
1077 1155 1173 1217 utitur
1197 1155 1325 1236 poetica.
1364 1155 1420 1216 Ille

85 1241 246 1303 celerrimus
263 1243 431 1305 errantium
442 1241 507 1322 jam
521 1244 644 1319 haeret,
665 1244 722 1306 hoc
746 1252 794 1306 est
809 1250 874 1306 stat
888 1243 1062 1317 immobilis,
1083 1243 1132 1306 vel
1148 1246 1254 1307 tardus
1271 1251 1303 1306 et
1317 1249 1420 1308 retro-

87 1329 187 1408 gradus
203 1337 262 1392 cst.

161 1417 312 1500 Septimo.
338 1417 466 1482 Ocelum
473 1419 566 1482 Mors
580 1417 665 1482 sobre
679 1420 787 1492 beben
803 1427 857 1482 aut
872 1421 941 1501 quia
957 1419 1039 1482 solus
1056 1439 1147 1500 supra
1162 1419 1295 1495 Terram,
1312 1419 1418 1502 reliqui

85 1507 160 1582 inira,
181 1515 235 1570 aut
258 1509 332 1590 quia
354 1510 436 1571 solus
458 1509 534 1571 liber
556 1509 648 1571 radiis
665 1508 760 1584 Solis,
782 1515 836 1573 aut
859 1509 928 1591 quia
950 1509 1031 1571 solus
1046 1518 1156 1590 potens
1179 1515 1211 1570 et
1226 1509 1315 1571 velox
1331 1529 1420 1572 cursu

85 1603 112 1658 et
124 1617 179 1658 non
196 1598 344 1672 sillictus
359 1597 465 1680 reliqui
482 1604 535 1660 aut
551 1597 643 1660 radiis
659 1605 713 1660 aut
728 1597 990 1678 retrogradatione
1005 1598 1112 1679 pressi,
1137 1604 1190 1660 aut
1205 1597 1332 1680 denique
1348 1599 1420 1679 quia

85 1685 185 1765 figurae
201 1687 351 1749 dominus.
374 1685 491 1750 Harum
504 1687 790 1768 interpretationum
800 1687 932 1750 secunda
942 1695 1051 1768 sponte
1067 1688 1166 1761 cadet,
1183 1687 1208 1748 si
1223 1687 1321 1760 locum
1337 1686 1421 1750 Solis
1446 1761 1449 1768 ἱ

85 1775 266 1838 babuerimus
273 1795 284 1850 3
307 1775 404 1857 prima
426 1783 458 1838 et
472 1776 566 1838 tertia
588 1777 781 1858 sequentibus
798 1777 966 1840 confirmari
988 1777 1142 1839 videntur:
1169 1773 1234 1838 Oro·
1248 1776 1341 1857 riproo
1362 1769 1422 1857 (sc.

86 1859 233 1946 planetae)
250 1871 374 1927 oremus
388 1865 550 1926 deame
571 1885 645 1928 noco
661 1861 839 1946 (nocturnos
855 1859 922 1945 sc),
937 1867 1111 1946 mundoque
1118 1867 1270 1947 sanabor
1280 1865 1420 1927 obsceno.

87 1949 155 2020 Quia
175 1954 223 2015 vel
249 1954 307 2016 sub
329 1953 423 2016 radiis
439 1951 536 2029 Solis,
558 1955 606 2016 vel
623 1948 825 2036 (generalius)
849 1973 952 2016 omnes
975 1955 1030 2017 sub
1046 1955 1156 2029 Terra,
1178 1954 1227 2015 vel
1243 1952 1423 2034 retrogradi,

87 2047 148 2102 tunc
162 2043 242 2104 enim
258 2062 331 2105 suos
347 2061 452 2106 cursus
468 2043 613 2106 deserunt
628 2050 660 2105 et
675 2043 844 2106 contrarios
859 2045 973 2106 meunt
1169 2058 1172 2069 '

162 2129 295 2194 Octavo.
331 2129 477 2214 Ermai‘ert
496 2131 628 2196 moriam
641 2131 748 2215 fulget
768 2131 852 2196 latos
876 2132 1011 2196 ononis
1047 2132 1127 2196 Hinc
1148 2132 1342 2197 manifestum
1364 2137 1422 2206 est,

86 2217 156 2299 loqui
175 2227 304 2301 poetam
326 2220 364 2282 de
386 2227 534 2284 nocturna
555 2222 630 2284 coeli
653 2221 729 2286 facie
744 2221 793 2284 vel
815 2229 898 2284 certe
922 2223 959 2284 de
982 2221 1087 2301 eclipsi
1110 2217 1149 2297 Θ
1173 2221 1271 2284 totali.
1308 2221 1422 2302 Neque

86 2310 357 2387 praetermittamus
378 2310 605 2377 inobservatam
625 2329 730 2373 vocem
750 2309 871 2384 Latos,
896 2311 981 2392 cujus
1005 2310 1066 2372 alia
1090 2315 1201 2389 poetae
1226 2310 1305 2372 ratio
1330 2328 1420 2372 usur-

86 2397 192 2476 pandae
210 2419 280 2462 esse
297 2419 358 2462 nou
372 2405 485 2480 potest,
501 2417 590 2480 quam
605 2401 675 2480 quia
685 2407 739 2462 aut
748 2400 896 2462 orientem
905 2407 959 2462 aut
974 2399 1162 2462 occidentem
1172 2399 1317 2462 describit
1327 2397 1421 2460 Ou'o-

88 2505 158 2562 uem,
178 2488 279 2568 magis
295 2495 398 2550 mmen
415 2488 574 2562 orientem,
596 2508 663 2551 curn
683 2489 810 2568 primum
832 2486 987 2552 sinistrum
1008 2489 1164 2550 humerum
1185 2487 1333 2568 pauloque
1348 2492 1422 2566 post

88 2577 180 2653 pedem
197 2575 354 2640 sinistrum
376 2583 467 2658 atque
490 2577 534 2641 sic
549 2576 631 2642 latus
646 2577 748 2640 Terris
764 2575 886 2652 exserit
924 2573 992 2647 Quo
1014 2577 1115 2662 posito
1129 2575 1251 2656 Jupiter
1273 2583 1327 2638 aut
1341 2575 1373 2636 in
1389 2588 1422 2640 er

88 2673 133 2726 aut
151 2667 181 2730 in
200 2666 291 2728 domo
308 2666 362 2728 VI.
385 2685 454 2728 esse
476 2685 536 2728 nou
556 2673 669 2747 potest.
702 2666 770 2728 Nisi
792 2667 871 2730 torte
894 2665 975 2728 latus
998 2672 1092 2747 poeta
1113 2665 1195 2726 dicat
1219 2683 1275 2745 pro
1298 2665 1421 2726 humero

89 2753 141 2815 sire
156 2754 285 2836 cingulo,
300 2762 426 2836 propter
441 2773 568 2818 versum
606 2757 764 2818 Hactenus
780 2753 1212 2836 descnpdoccnscellacicnis.

422 2955 458 3022 2.
486 2949 643 3049 Tempus
661 2949 767 3050 hujus
787 2949 1079 3024 constellationis.

426 3065 434 3097 l

162 3110 232 3172 Jam
259 3104 393 3172 secuirdo
420 3109 591 3184 videamus,
619 3129 659 3172 au
685 3109 806 3192 aliquod
834 3109 922 3189 hujus
948 3107 1190 3172 constellationis
1219 3113 1339 3188 tempus
1364 3128 1420 3170 ex-

87 3196 228 3276 primatur.
262 3199 307 3262 Et
326 3199 376 3260 hic
392 3199 511 3280 quidem
531 3199 634 3262 multis
649 3199 750 3261 verbis
772 3218 832 3266 nou
848 3206 897 3260 est
920 3217 1004 3278 opus.
1040 3197 1183 3260 Lucanus
1204 3197 1316 3260 bellum
1332 3197 1420 3260 civile

88 3287 157 3350 inter
171 3287 336 3352 Gaesarem
360 3295 392 3350 et
405 3287 582 3369 Pompejum
601 3288 807 3369 descripturus
829 3309 849 3350 a
870 3287 975 3369 primis
997 3287 1114 3349 orditur
1135 3286 1246 3360 initiis,
1268 3305 1376 3368 nempe
1400 3308 1420 3348 a

88 3377 205 3440 transito
220 3377 379 3440 Rubicone
396 3383 544 3459 captoque
553 3378 700 3440 Arimino.
729 3378 826 3439 Fama
841 3376 991 3439 adventus
1001 3374 1144 3439 Caesaris
1153 3375 1283 3438 Romam
1297 3375 1420 3456 perlata

89 3463 222 3529 describit
244 3467 348 3548 fugam
369 3467 524 3528 consulum
545 3473 636 3548 atque
659 3466 775 3528 civium.
817 3467 914 3546 Hujus
939 3472 1046 3529 tantae
1070 3463 1283 3545 trepidationis
1308 3483 1419 3527 causas
1536 3527 1540 3535 ,

90 3555 224 3634 expleat,
246 3563 282 3618 et
302 3556 394 3618 altius
417 3577 436 3617 a
457 3556 581 3618 deorum
602 3555 735 3618 consiliis
755 3555 883 3636 repetit,
905 3561 996 3636 atque
1018 3553 1049 3616 in
1065 3555 1165 3616 omina
1185 3553 1319 3628 confert,
1343 3573 1420 3634 quas

88 3642 321 3724 frequentissima
336 3645 420 3708 coelo
437 3651 577 3727 terraque
593 3652 728 3708 terruere
742 3643 884 3725 pavidum
899 3644 1015 3724 vulgus.
1039 3643 1124 3706 Inter
1140 3648 1243 3705 cetera
1252 3641 1423 3720 chasmate,
1444 3701 1452 3714 ,

89 3741 221 3810 cometen,
243 3733 373 3814 eclipses
388 3733 493 3796 Lunae
509 3741 602 3816 atque
616 3733 712 3808 Solis,
735 3741 767 3796 et
781 3740 971 3796 monstrosos
984 3739 1092 3814 partus
1107 3739 1265 3806 recenset,
1286 3733 1366 3813 qnod
1382 3733 1422 3794 ad

90 3830 196 3899 partem
217 3823 400 3887 notabimus.
446 3824 507 3885 Tot
536 3822 750 3903 apparentibus
777 3822 923 3902 prodigiis
950 3841 1082 3903 aruspex
1107 3821 1138 3883 in
1165 3820 1270 3883 urbem
1298 3820 1421 3902 antiquo

89 3928 157 3973 nore
172 3913 348 3974 accersitur.
384 3912 428 3974 Et
449 3930 581 3993 aruspex
601 3912 721 3993 quidem
736 3911 890 3994 ambigue,
910 3909 1036 3992 Figulus
1051 3929 1124 3972 vero
1139 3909 1301 3972 manifeste
1322 3929 1422 3972 rerum

91 4003 354 4078 commutationem,
369 4001 552 4082 reipublicae
568 3999 794 4082 oppressionem
809 4007 841 4062 et
857 4006 960 4064 cetera
973 3999 1055 4062 mala
1071 4019 1109 4062 ex
1124 3998 1200 4062 coeli
1215 3999 1317 4080 positu
1327 4018 1420 4080 prae·
1456 4037 1461 4056 .

161 4179 217 4242 Hic
231 4180 370 4242 ridemus
385 4179 524 4242 subnecti
532 4179 631 4260 Figuli
641 4178 802 4260 praesagia
811 4177 956 4259 prodigiis
973 4185 1006 4240 et
1014 4177 1153 4240 consulto
1163 4177 1296 4252 Aruntii,
1311 4184 1416 4239 utros-
1460 4175 1466 4185 '

89 4283 135 4344 que
153 4287 223 4332 vero
245 4288 312 4332 cum
335 4269 409 4349 fuga
430 4268 538 4332 civium
560 4287 600 4331 ex
619 4268 693 4330 urbe
715 4267 760 4330 itu
779 4267 933 4343 connecti,
954 4273 989 4330 ut
1003 4267 1056 4330 illa
1071 4266 1159 4346 hujus
1180 4283 1291 4346 causae
1306 4265 1420 4329 fuerint

91 4355 130 4416 rel
143 4358 293 4437 proximae
309 4365 456 4438 tempore,
471 4359 521 4420 vel
537 4365 619 4422 certe
636 4377 675 4418 ex
689 4375 748 4420 non
764 4357 924 4418 admodum
938 4358 1029 4436 longo
1043 4354 1215 4420 intervallo.

162 4447 229 4509 Non
244 4447 339 4529 igitur
349 4446 469 4510 dubium
485 4455 543 4524 est,
557 4446 760 4530 quaerendam
769 4446 847 4510 hanc
857 4445 1120 4509 constellationem
1130 4463 1209 4507 anuo
1226 4449 1297 4506 ante
1309 4439 1417 4505 Chris-

89 4537 142 4594 tum
161 4535 216 4612 49,
236 4535 279 4602 50
302 4537 353 4599 vel
376 4536 416 4598 ad
438 4553 583 4600 summum
605 4537 656 4600 51.
694 4534 770 4600 Ourn
792 4553 864 4616 ergo
885 4535 971 4597 aunis
993 4535 1091 4598 tribus
1114 4533 1207 4596 semel
1228 4538 1347 4614 tautum
1362 4537 1417 4593 aut

88 4639 217 4774 fflum
230 4625 276 4690 bis
290 4627 380 4690 Mars
395 4625 582 4706 ingrediatur
598 4625 810 4706 Scorpionem,
826 4623 922 4704 janua
937 4624 1024 4688 nobis
1043 4625 1083 4687 ad
1099 4620 1306 4707 quaestionem
1320 4625 1412 4700 patc-

174 4721 226 4778 est
796 4715 799 4724 '
1338 4736 1340 4742 ·
