3406 5542
236 299 302 370 354
422 239 430 258 ⁶
737 317 1077 378 hermamonem,

238 484 311 528 vero
327 464 489 547 posterius,
505 463 526 526 ii
541 462 628 543 quasi
643 463 772 543 triginta
786 461 1002 524 intellexerunt
1024 462 1061 525 de
1077 461 1230 524 tricesimo
1246 463 1404 526 inchoato:
1429 480 1492 524 non
1507 460 1588 542 quod

236 572 415 636 quemqnam
429 553 478 614 vel
493 551 525 614 hi
539 549 588 614 vel
597 551 642 614 illi
651 551 917 632 reprehenderent,
932 551 982 633 qni
997 557 1124 632 propter
1137 551 1214 614 alias
1224 553 1471 615 circumstantias
1487 549 1586 612 vesti-

236 643 287 726 gia
303 662 433 704 sunnon
449 659 555 722 presse
571 649 763 722 sequeretur,
784 641 946 703 rotundum
959 639 1121 720 Evangelii
1141 659 1296 704 numerum
1317 643 1387 704 laxe
1408 638 1588 702 sumendum

237 732 449 794 contenderet:
479 730 534 794 sed
549 729 634 811 quia,
656 729 772 792 nemine
796 730 833 792 de
856 729 996 792 dissensu
1017 728 1213 792 historiarum
1233 731 1415 794 admonente
1431 747 1587 810 regnoque

236 821 369 884 Herodis
379 820 446 900 jam
461 819 635 894 obliterato,
650 837 774 882 cansam
789 819 901 882 nullam
910 814 1066 893 viderunt,
1082 833 1142 892 cur,
1158 838 1233 900 quos
1249 819 1369 883 circiter
1385 819 1518 900 triginta
1533 837 1586 878 ac-

238 908 641 992 cepissent‚potinsplusvel
649 909 757 983 minus,
766 928 856 990 quam
864 907 1003 989 praecise
1011 907 1139 988 triginta
1149 917 1369 989 computarent.
1390 909 1500 990 Neque
1510 908 1588 968 enim

236 998 450 1080 chronologica
463 997 642 1060 tractabant
663 1017 702 1060 ex
717 999 855 1078 professo
878 1017 934 1060 nec
956 997 1057 1080 aliqua
1076 997 1261 1060 necessitate
1277 1000 1398 1060 fuerunt
1421 997 1528 1060 adacti
1550 993 1589 1058 ad

235 1087 379 1151 minutias
401 1095 571 1168 temporum
586 1087 765 1170 exquisitius
787 1086 1025 1150 consectandas:
1049 1106 1105 1154 nec
1126 1087 1270 1150 momenti
1291 1087 1451 1170 quicquam
1467 1087 1587 1172 intento

237 1197 291 1240 suo
308 1177 439 1240 fuissent
454 1175 577 1238 allaturi
592 1175 747 1238 exactiore
763 1175 865 1259 aliqua
880 1176 1025 1257 temporis
1042 1176 1224 1240 definitione.

322 1265 446 1329 Priores
461 1264 554 1346 igitur
574 1265 618 1328 illi
636 1265 710 1328 nihil
726 1273 797 1327 sunt
813 1266 950 1346 argutati
964 1265 995 1327 in
1009 1265 1124 1333 voculis
1141 1261 1305 1346 ἆρχομηος
1320 1261 1369 1342 dr,
1389 1263 1589 1344 incipientem

235 1375 275 1418 an
290 1355 479 1418 desinentem
495 1353 679 1418 tricesimum
693 1353 764 1417 illae
780 1355 998 1436 exprimerent,
1021 1355 1091 1436 quin
1111 1355 1215 1436 potius
1236 1373 1343 1417 vocem
1364 1351 1534 1438 ἀρχομειος
1549 1353 1589 1414 ad

234 1443 434 1508 ministerium
456 1452 489 1507 et
508 1443 656 1508 miracula
678 1452 710 1506 et
730 1444 844 1506 famam
858 1441 974 1508 Christi
994 1443 1180 1532 retulerunt,
1201 1463 1307 1508 vocem
1322 1441 1366 1506 cir
1382 1443 1423 1506 ad
1437 1442 1588 1524 genealo-

233 1533 324 1610 giam,
339 1529 380 1596 eir
395 1527 436 1606 oie
450 1527 599 1611 ἐνομιζετο
615 1527 679 1605 icoc
690 1531 805 1614 Ἰωσηφ,
821 1533 966 1609 existens,
986 1542 1021 1595 nt
1035 1534 1211 1614 putabatur,
1225 1533 1304 1596 lilius
1318 1533 1452 1614 Ioseph:
1476 1539 1587 1613 poste-
1647 1537 1651 1546 '

233 1621 329 1686 riores
344 1641 416 1686 vero
432 1641 471 1685 ex
484 1642 560 1686 voce
576 1619 746 1705 dpgopsroa
759 1621 935 1686 ratiocinati
950 1631 1023 1685 sunt
1037 1623 1074 1684 de
1089 1623 1212 1686 ineunte
1228 1642 1308 1685 anno
1323 1622 1492 1704 trigesimo,
1508 1620 1589 1703 quod

233 1713 338 1793 procul
355 1711 445 1776 dubio
461 1731 521 1776 non
536 1712 692 1788 fecissent,
713 1713 740 1776 si
755 1720 874 1774 textum
888 1713 980 1794 paulo
996 1711 1171 1794 diligentius
1183 1712 1425 1794 ponderassent,
1445 1719 1482 1773 ut
1495 1711 1588 1773 hodie

233 1801 318 1864 illum
334 1800 372 1863 oh
388 1801 628 1866 controversiam
643 1802 793 1884 agitatam
808 1801 1018 1884 ponderamus

320 1889 347 1952 E
361 1891 495 1972 priorum
509 1908 633 1955 numero
649 1899 721 1954 sunt
735 1891 940 1956 Tertullianus
956 1899 989 1954 et
1003 1891 1157 1966 Irenaeus,
1179 1911 1199 1952 a
1214 1889 1321 1972 quibus
1336 1909 1397 1952 non
1413 1890 1506 1970 longe
1523 1887 1589 1952 abit

232 1997 289 2043 nec
296 1979 501 2062 Epiphanius:
518 2000 585 2044 cum
600 1979 725 2044 enimin
742 1981 789 2043 die
804 1979 974 2044 differatab
989 1981 1136 2044 hodierna
1152 1980 1290 2056 ecclesia,
1305 1998 1422 2060 ponens
1430 1977 1590 2042 Christum

232 2076 336 2132 natum
352 2068 382 2132 6.
397 2068 550 2146 ianuarii,
580 2069 668 2136 Coss.
691 2070 783 2132 etiam
804 2070 891 2152 ponit
912 2089 975 2133 non
992 2069 1155 2133 Lentulum
1175 2077 1208 2132 et
1227 2069 1407 2142 Messalam,
1430 2067 1483 2150 qui
1497 2067 1589 2128 finem

233 2157 623 2234 matrimoniorum,
639 2159 693 2222 sed
709 2167 871 2242 sequentes
879 2160 1053 2240 Angustum
1062 2159 1149 2222 XIII.
1167 2165 1199 2220 et
1209 2155 1385 2240 Sylvanom,
1401 2155 1452 2239 qui
1467 2154 1590 2218 initium

230 2247 348 2311 habent
369 2248 439 2310 anni
453 2248 506 2312 44.
529 2255 562 2311 et
584 2247 671 2313 addit
694 2267 805 2314 annum
820 2247 872 2312 29.
895 2247 1116 2329 conjunctionis
1131 2246 1316 2311 Judaeorum
1340 2266 1407 2310 cum
1428 2246 1589 2318 Romame,

230 2343 306 2419 puta
320 2335 466 2400 victoriae
483 2335 628 2401 Caesaris
643 2338 803 2413 Actiacae,
819 2336 938 2419 qnando
954 2335 1169 2419 regniJndaici
1185 2336 1314 2410 feudum,
1329 2344 1364 2398 nt
1379 2355 1463 2399 more
1480 2343 1589 2398 nostro

232 2427 347 2508 loquar,
362 2426 402 2488 ad
412 2427 585 2508 Augustum
600 2426 717 2502 recidit,
733 2449 753 2490 a
768 2445 825 2509 quo
836 2425 975 2489 Herodes
990 2427 1185 2488 confirmatus
1201 2433 1249 2488 est
1263 2425 1370 2500 hieme,
1386 2445 1465 2508 quae
1481 2424 1586 2506 sequi-

233 2523 285 2578 tur
298 2513 452 2578 Juliannm
470 2515 520 2578 15.
555 2515 647 2579 Adde
671 2515 785 2579 solidos
801 2515 843 2578 28
866 2515 906 2578 ad
923 2515 1152 2589 lesatensem,
1172 2515 1276 2596 prodit
1297 2513 1349 2576 43.
1364 2515 1483 2576 finiens.
1529 2513 1588 2575 llis

234 2603 355 2667 accedit
371 2603 464 2668 etiam
474 2603 615 2668 Clemens
623 2605 860 2682 Alexandrinus,
876 2604 1071 2668 nativitatem
1081 2603 1197 2668 Christi
1213 2605 1348 2666 reterens
1363 2603 1394 2666 iu
1411 2622 1525 2666 annum
1536 2601 1589 2664 28.

231 2693 463 2776 Aegyptiorum,
479 2712 554 2775 qnos
572 2691 723 2758 Calvisius
738 2703 822 2757 recte
840 2693 963 2758 deducit
978 2715 997 2756 a
1013 2701 1106 2775 capta
1120 2693 1318 2768 Alexandria,
1335 2693 1419 2774 cujus
1436 2687 1589 2756 victoriae

233 2781 298 2845 dies
314 2801 353 2844 ex
369 2783 635 2846 senatusconsulto
651 2783 829 2865 principium
845 2783 930 2846 dedit
945 2803 1042 2847 novae
1059 2802 1150 2846 aerae
1156 2801 1166 2858 3
1190 2801 1249 2845 non
1265 2791 1349 2845 recte
1364 2800 1438 2844 vero
1456 2782 1588 2844 confun-

232 2871 278 2934 dit
301 2889 368 2934 cum
383 2871 516 2935 Actiaca
530 2871 677 2947 victoria,
701 2892 776 2954 quae
800 2879 869 2935 erat
890 2891 949 2936 uno
973 2892 1052 2936 anno
1069 2871 1220 2954 antiquior
1241 2879 1274 2934 et
1295 2871 1479 2952 ipsanovae
1495 2889 1589 2933 aerae

232 2967 334 3040 eaput,
350 2979 427 3042 qnae
443 2981 463 3024 a
477 2961 654 3024 monarchia
670 2959 815 3025 Caesaris
831 2961 1091 3036 denominabatnr,
1107 2979 1230 3043 qnorum
1246 2967 1404 3042 utrumque
1419 2960 1503 3024 Dion
1518 2967 1588 3022 tes-

231 3057 330 3110 tatum
353 3049 434 3112 lecit
478 3049 577 3112 Recte
600 3049 732 3112 vicissim
755 3059 787 3113 et
806 3051 896 3126 illo'd,
919 3059 1039 3132 tempus
1059 3049 1267 3114 Alexandriae
1291 3057 1401 3132 captae
1425 3057 1458 3112 et
1478 3049 1590 3112 mortis

231 3137 362 3201 Antonii
379 3129 473 3218 (adde
490 3145 523 3200 et
539 3137 724 3220 Cleopatrae
740 3140 864 3221 reginae
879 3139 1101 3221 Aegyptiorum
1124 3158 1163 3201 ex
1176 3137 1321 3220 Lagideis
1336 3133 1480 3220 ultimae)
1497 3137 1590 3202 simul

231 3225 376 3290 incidisse
391 3227 423 3288 in
439 3233 533 3308 caput
548 3227 618 3290 anni
628 3229 812 3310 Aegyptiaci
828 3249 881 3290 seu
896 3228 927 3290 in
942 3228 1121 3312 principium
1135 3227 1224 3311 primi
1238 3227 1349 3290 mensis
1365 3225 1470 3290 Thoth
1486 3234 1520 3290 et
1534 3226 1590 3290 29.

232 3315 347 3378 mensis
361 3314 496 3396 Augusti
518 3315 649 3392 Iuliani,
673 3325 705 3380 et
729 3317 787 3381 hoc
808 3317 987 3399 principium
1009 3324 1131 3380 secutos
1146 3317 1333 3400 Aegyptios:
1366 3316 1490 3379 dubium
1504 3335 1591 3392 vero,

235 3425 274 3466 an
297 3412 330 3467 et
353 3403 405 3467 alii
428 3403 593 3468 orientales
613 3405 730 3487 populi:
754 3405 792 3468 de
806 3406 950 3470 Armenis
971 3407 1051 3470 enim
1072 3413 1122 3470 est
1144 3407 1333 3486 conjectura3
1356 3403 1450 3487 Syria
1464 3423 1537 3468 vero
1554 3414 1591 3468 et

232 3492 311 3558 Asia
334 3493 424 3556 aliter
446 3494 655 3557 numerabant.
699 3494 837 3576 Denique
861 3503 893 3558 et
907 3495 965 3558 hoc
980 3501 1064 3558 recte
1081 3495 1158 3558 dixit
1174 3494 1339 3570 Calvisius,
1361 3495 1491 3575 primum
1507 3495 1591 3556 diem

234 3581 348 3644 mensis
363 3578 466 3644 Thoth
488 3582 638 3646 hactenns
660 3583 836 3646 ascendisse
858 3583 889 3646 in
905 3603 984 3647 anno
999 3579 1138 3659 Juliano,'
1152 3603 1191 3646 ex
1207 3604 1242 3647 eo
1258 3603 1331 3646 vero
1347 3589 1497 3664 tempore,
1512 3583 1589 3646 sub-

227 3669 341 3752 jugata
361 3671 523 3754 Aegypto,
545 3671 636 3734 fixum
658 3673 807 3737 mansisse
829 3673 860 3734 in
881 3671 933 3737 29.
950 3672 1083 3754 Augusti
1105 3692 1188 3736 more
1203 3673 1351 3736 Romano.
1395 3673 1497 3754 Igitur
1517 3673 1590 3755 qnia

234 3759 357 3822 finiente
377 3757 425 3823 16.
439 3759 564 3824 Iuliano
588 3761 730 3824 currebat
751 3760 865 3842 primns
886 3761 1097 3844 Aegyptiacus
1119 3763 1268 3842 Augusti,
1290 3760 1404 3824 additis
1420 3757 1464 3826 27
1481 3762 1589 3826 solidis

232 3847 336 3928 prodit
351 3848 489 3912 adfinem
500 3868 624 3913 currens
639 3846 691 3914 43.
700 3847 850 3926 Julianus,
865 3870 924 3933 quo
936 3871 1014 3913 anno
1027 3850 1167 3914 Clemens
1178 3849 1334 3916 Christum
1349 3858 1456 3914 natum
1467 3853 1589 3915 statuit.

320 3937 386 4000 Hos
401 3937 494 4019 igitur
508 3945 630 4002 veteres
644 3939 757 4003 Patres
772 3948 896 4003 secutus
912 3947 962 4002 est
975 3939 1118 4004 Aurelius
1135 3939 1346 4014 Cassiodorus,
1370 3937 1489 4004 Christi
1503 3941 1588 4004 nati-

233 4025 360 4114 vitatem
375 4029 510 4091 referens
526 4027 671 4093 adfinem
687 4027 774 4093 Coss.
789 4027 913 4092 Lentuli
929 4037 962 4091 et
975 4031 1181 4104 Messahalae‚
1204 4037 1236 4092 et
1251 4036 1285 4092 ut
1301 4048 1351 4091 res
1367 4029 1448 4092 omni
1466 4036 1590 4092 careret

234 4115 449 4197 ambiguitate,
472 4135 583 4180 annum
599 4117 740 4198 exprimit
755 4117 889 4199 Augusti
905 4118 963 4194 41,
986 4117 1066 4200 quod
1087 4118 1166 4182 idem
1188 4117 1225 4180 de
1241 4117 1429 4182 Tertulliano
1451 4127 1589 4182 testatur

232 4203 383 4268 Eusebius
399 4199 475 4287 (etsi
489 4205 521 4268 in
537 4203 658 4269 Graeco
674 4213 762 4269 textu
778 4206 928 4288 Scaligeri
944 4215 993 4269 est
1007 4201 1076 4288 40),
1096 4207 1176 4270 uude
1192 4213 1324 4282 constat,
1339 4206 1409 4268 illos
1426 4209 1515 4291 sequi
1530 4227 1587 4288 po-

234 4293 345 4357 sterius
359 4294 494 4375 Augusti
515 4293 648 4374 initium,
670 4297 790 4377 qnando
813 4297 853 4359 41
871 4303 1038 4360 numerant·
1054 4297 1257 4359 concedentes
1279 4289 1471 4368 inter'im'42,
1495 4297 1587 4360 seda

115 4417 123 4424 -
190 4405 195 4414 ·
230 4381 324 4464 priori
348 4381 443 4446 initio.
487 4383 610 4447 Desinit
633 4382 809 4448 Cassiodori
830 4384 1003 4449 Chronicon
1024 4384 1055 4448 in
1078 4403 1157 4448 anno
1180 4383 1298 4449 Christi
1319 4384 1393 4448 519.
1438 4388 1488 4450 At
1513 4406 1584 4449 vero

231 4469 381 4553 Sulpitius
400 4469 533 4536 Severus
554 4473 612 4536 hoc
635 4473 741 4536 eodem
755 4474 807 4539 41.
821 4474 955 4556 Augusti
971 4481 1109 4556 arrepto,
1132 4473 1186 4536 sed
1202 4495 1221 4536 a
1236 4474 1329 4555 priori
1342 4473 1431 4536 initio
1454 4476 1585 4540 deducto

231 4561 335 4636 nixus,
358 4559 514 4625 Christum
536 4569 641 4625 natum
664 4563 741 4626 dixit
756 4561 843 4628 Coss.
860 4563 994 4628 Calvisio
1010 4562 1136 4627 Sabinio
1154 4571 1186 4626 et
1201 4563 1348 4626 Passieno
1364 4562 1467 4638 Ruffo,
1491 4583 1584 4646 quare

233 4669 313 4712 anno
327 4647 450 4712 Iuliano
473 4650 531 4726 42,
554 4669 614 4732 qua
628 4653 745 4715 ratione
768 4653 898 4715 triennio
915 4651 1016 4715 differt
1036 4653 1074 4716 ab
1098 4672 1171 4716 aera
1191 4653 1346 4716 hodierna
1392 4653 1484 4716 Vixit
1505 4653 1586 4718 circa

234 4757 344 4802 annum
367 4737 483 4802 Christi
504 4738 579 4801 400.
625 4738 840 4806 Cassiodorum
855 4761 928 4804 vero
949 4741 1064 4822 allegat
1086 4749 1119 4804 et
1134 4741 1269 4824 sequitur
1288 4741 1446 4804 Marianus
1463 4741 1587 4816 Scotos,

234 4827 371 4908 quamvis
385 4827 481 4893 multo
496 4826 657 4906 recentior,
671 4837 706 4892 ut
717 4827 800 4912 cujus
812 4827 993 4894 Chronicum
1009 4831 1150 4914 usquein
1160 4829 1376 4896 aunum1083.
1392 4831 1584 4906 extenditur3
