3400 5538
272 243 335 305 540
621 213 622 220 ἵ
754 239 784 290 ln
802 239 885 304 Opera
901 237 1082 314 Ghmnologica

270 421 380 474 diruitte
397 437 445 480 me,
466 421 492 474 id
507 424 557 482 est,
576 423 641 472 nato
656 419 775 487 Josepbo
789 419 874 472 Jacob
895 417 1018 472 diacestit
1031 435 1067 472 ex
1082 417 1286 488 Mesopotamia,
1307 417 1382 488 cujum
1401 418 1572 488 profectionis
1638 479 1642 482 ,

270 517 371 554 causae
391 507 420 554 et
439 499 591 552 occasiones
612 514 631 571 a
649 499 740 552 multis
766 499 844 552 annis
869 505 932 552 ment
956 499 1132 566 repetendae.
1170 498 1262 552 linita
1286 499 1356 552 enim
1382 499 1518 552 servitute
1540 499 1572 552 14

269 595 406 642 annorum,
426 578 544 647 Josepho
564 583 629 631 tunc
647 579 764 632 nondum
783 586 856 641 nato,
877 579 948 632 dixit
967 578 1053 631 Jacob
1074 579 1108 630 sd
1129 577 1235 640 Labam
1258 578 1362 631 dimitte
1381 595 1425 632 me
1445 584 1500 632 etc.
1540 579 1573 630 Et

268 659 353 729 primo
374 659 479 728 quidem
498 673 594 727 passus
614 664 657 710 eet
676 657 727 710 sibi
746 658 913 727 persuaderi,
934 664 966 710 ut
984 664 1108 710 maneret
1126 656 1154 710 in
1172 659 1249 710 domo
1259 657 1366 710 Labant
1385 673 1437 726 per
1456 659 1572 711 most

266 755 317 808 pro
336 745 412 791 oerta
431 740 554 790 mercede
574 739 720 806 pecudum,
740 750 837 806 postea
855 754 934 801 rero,
954 754 1015 790 cum
1035 736 1104 790 baec
1124 753 1227 790 merces
1252 737 1373 790 omnibus
1393 737 1489 798 modis,
1511 753 1573 807 ques

268 819 364 872 Laban
384 817 628 870 inconstantissima
647 817 801 871 delinitione
826 804 1092 878 comminiscebatur,
1112 806 1268 870 foeneraret
1287 815 1404 879 Jacobo,
1425 833 1488 869 eum
1509 817 1573 870 haec

267 891 436 950 incrementa
450 896 545 949 Jacobi
571 895 721 964 inciperent
746 897 878 950 invidiosa
902 913 963 949 esse
982 897 1112 959 Labano,
1139 896 1178 949 sic
1198 897 1308 950 tandem
1334 902 1500 950 conventum
1525 895 1574 948 tuit

267 977 338 1030 inter
356 991 477 1028 socerum
493 981 522 1028 et
535 991 675 1046 generum,
695 976 860 1038 utillealios
881 984 1026 1046 quaereret
1046 982 1187 1029 curatores
1206 991 1324 1046 gregum
1345 983 1374 1030 et
1392 983 1574 1028 armentorum

266 1071 386 1125 suorum,
413 1055 464 1108 iste
490 1057 523 1110 de
543 1055 629 1123 partis
655 1055 760 1109 viveret
788 1070 876 1127 eaque
901 1063 930 1108 et
948 1061 1047 1124 postea
1071 1061 1196 1126 augeret
1236 1057 1296 1110 Hoc
1321 1061 1379 1108 mm
1404 1055 1452 1107 diu
1478 1054 1573 1118 tenuit,

266 1151 346 1205 quam
365 1135 469 1188 Rachel
490 1133 571 1188 etiam
590 1135 705 1204 peperit.

352 1240 397 1295 69.
427 1242 523 1310 Itaque
544 1240 610 1295 Gen.
626 1239 672 1295 31.
691 1239 838 1311 requiritur
859 1246 888 1294 et
907 1239 976 1294 haec
997 1239 1201 1308 interpretatio:
1229 1239 1339 1293 idcirco
1360 1237 1402 1291 20
1421 1241 1511 1292 mamis
1526 1241 1574 1308 fui

265 1328 360 1383 tecuae,
381 1319 408 1373 id
428 1319 497 1372 est
489 1337 517 1373 m
542 1320 618 1372 domo
640 1327 668 1372 et
687 1319 797 1374 servitio
818 1327 874 1373 tuo.
915 1319 1045 1374 Nimirum
1066 1337 1103 1374 ex
1129 1321 1318 1390 sequentibus:
1343 1323 1387 1373 sie
1410 1336 1465 1389 per
1486 1317 1528 1372 20
1546 1321 1574 1374 ιιι

265 1399 344 1453 dorae
364 1407 416 1452 tuo
435 1401 546 1452 servivi
561 1399 620 1460 tibi,
642 1398 679 1453 14
696 1416 754 1470 pro
771 1399 900 1468 filiabus,
920 1397 941 1452 ι’
957 1416 1015 1470 pro
1033 1399 1175 1470 gregibus.

353 1507 398 1561 70.
427 1507 549 1559 Videant
569 1505 652 1558 etiam
670 1505 753 1575 periti
773 1505 885 1576 linguae
899 1505 1061 1567 Hebraicae,
1082 1521 1117 1560 an
1132 1522 1185 1558 non
1205 1503 1291 1561 verba
1310 1505 1372 1560 illa:
1394 1513 1464 1558 aeto
1485 1513 1574 1558 aretem

263 1581 379 1655 Josepl,
399 1585 502 1654 possint
511 1585 548 1640 sic
557 1585 647 1639 reddi:
668 1587 780 1638 interim
800 1594 899 1646 ostem,
920 1587 987 1637 dam
1000 1591 1165 1638 nosceretur
1181 1587 1263 1638 etiam
1278 1581 1395 1654 Josept,
1416 1585 1573 1638 accidemmt

237 1709 238 1718 ,
265 1665 320 1718 ista
340 1671 391 1718 etc.
431 1664 476 1719 Sic
497 1667 566 1719 enim
586 1683 638 1719 non
658 1665 717 1718 linis
737 1667 756 1721 6
776 1681 907 1719 annorum
934 1671 1102 1727 contractus,
1123 1666 1170 1718 sed
1190 1664 1321 1718 nativitas
1341 1665 1463 1734 Josephi,
1485 1664 1573 1718 multis

264 1743 341 1798 annis
350 1745 492 1814 posterior,
512 1747 543 1798 ιιι
552 1759 636 1800 causa
645 1745 748 1798 Jaoobo
768 1743 949 1813 profectionis.
979 1745 1017 1798 Et
1024 1745 1095 1798 haec
1104 1759 1189 1797 causa
1198 1750 1242 1798 est
1250 1745 1391 1798 contextui
1404 1744 1573 1798 conformior.

352 1851 397 1906 71.
426 1851 486 1914 Hac
512 1851 557 1910 vel
582 1867 637 1904 uns
662 1851 707 1906 vel
736 1851 826 1904 altera
855 1851 1069 1914 delumbatione,
1098 1850 1194 1904 summi
1217 1849 1316 1920 rigoris
1343 1849 1370 1904 in
1396 1851 1457 1904 loco
1488 1851 1573 1914 unico,

264 1930 433 1999 quantumvis
454 1932 522 1983 dure
547 1931 709 2001 legibusque
734 1930 919 2000 grammat-icis
946 1930 1097 1994 contraria,
1125 1937 1217 1998 speret
1237 1930 1435 1992 Grammatico,
1462 1945 1495 1982 se
1516 1931 1574 1983 loca

263 2015 356 2062 cetera
375 2010 523 2079 compluria
542 2011 673 2064 tuituram
693 2017 769 2064 tanto
789 2009 898 2073 rectius,
918 2016 950 2063 ut
959 2003 1032 2064 circa
1051 2010 1101 2064 illa
1119 2009 1226 2079 injure
1247 2026 1295 2063 suo
1310 2026 1360 2079 per
1374 2009 1573 2064 Arithmeticee

259 2088 323 2158 jura
343 2106 395 2142 non
415 2091 484 2142 adeo
504 2089 642 2143 evidenter
662 2089 832 2159 impediatur.
862 2091 922 2145 Non
944 2107 979 2162 sc.
1000 2089 1161 2161 generaturi
1182 2095 1246 2142 sunt
1267 2091 1408 2153 decennes,
1430 2106 1486 2141 non
1502 2090 1574 2142 bella

262 2175 363 2238 gerent
381 2168 467 2237 pueri,
486 2187 541 2224 non
556 2169 583 2224 in
598 2185 645 2223 rus
660 2169 739 2222 ibunt
758 2169 883 2232 infantes,
904 2187 957 2223 non
979 2175 1073 2223 aetate
1093 2169 1211 2238 Josepbo
1231 2169 1316 2222 minor
1336 2169 1389 2222 erit
1409 2169 1482 2222 alius
1504 2169 1572 2238 quis-

261 2247 333 2316 piam
352 2254 464 2317 praeter
482 2248 682 2318 Benjaminum;
702 2266 756 2304 non
776 2266 812 2302 sc.
832 2255 962 2302 nascetur
984 2267 1042 2303 sem
1035 2249 1159 2303 'Jacobo
1180 2248 1231 2302 nisi
1251 2249 1353 2317 Joseph
1374 2255 1402 2302 et
1415 2247 1572 2316 Benjamim

262 2345 314 2382 non
333 2327 455 2396 rapietur
475 2331 569 2398 puella
588 2328 723 2392 sexennis,
743 2346 798 2383 non
819 2329 958 2382 aestuabit
979 2345 1071 2382 amore
1092 2327 1196 2397 mador
1202 2327 1408 2432 octuagenario,
1430 2334 1460 2382 et
1481 2335 1573 2381 cetera

261 2407 381 2473 absurda
400 2424 485 2478 usque
506 2409 540 2460 ad
564 2407 607 2462 18.
1670 2463 1671 2470 ,

350 2487 395 2542 72.
424 2487 477 2542 Sed
499 2489 534 2542 sd
555 2488 683 2542 articulos
704 2487 831 2556 temporis
851 2493 982 2554 revertar.
1009 2493 1103 2541 Annus
1123 2486 1209 2557 igitur
1223 2487 1299 2542 2457
1320 2487 1411 2539 mundi
1427 2493 1472 2540 est
1488 2503 1573 2540 annus
1609 2506 1612 2516 ·

262 2565 360 2619 exitus.
401 2567 477 2635 Ergo
500 2567 584 2622 2497.
606 2574 648 2620 est
668 2567 777 2620 ultimus
799 2567 908 2628 deserti,
929 2566 1010 2620 radix
1031 2567 1240 2630 sabbatismum,
1261 2573 1289 2621 et
1310 2567 1386 2621 2504
1408 2573 1453 2619 est
1472 2567 1573 2635 primus
1670 2591 1671 2644 j

261 2645 413 2700 directionis
423 2645 608 2700 Jubilaeorum
629 2649 774 2701 secundum
803 2647 968 2708 Samaritae,
989 2647 1034 2716 qui
1056 2662 1115 2700 cum
1136 2645 1164 2700 in
1183 2653 1258 2700 terra
1284 2662 1390 2714 semper
1414 2647 1573 2708 manserint,
1670 2719 1671 2722 Ἴ

261 2725 379 2779 ordinem
408 2725 606 2780 continuarunt.
648 2727 747 2780 Judaei
767 2744 847 2791 vero,
874 2725 1071 2794 interruptione
1097 2725 1173 2779 facta
1197 2742 1247 2795 per
1273 2733 1378 2794 tempus
1404 2727 1574 2795 captivitatis

260 2811 409 2876 posteaque
424 2805 606 2874 etiamprimis
622 2806 699 2860 annis
713 2807 819 2860 solutae
840 2805 1015 2875 captivitatis,
1036 2821 1088 2858 non
1099 2806 1242 2859 observato
1257 2805 1459 2858 sabbaticorum
1481 2807 1573 2858 ordine

261 2887 295 2936 ob
316 2884 515 2948 necessitatem,
536 2887 645 2939 tandem
665 2903 734 2938 novo
755 2885 831 2939 initio
852 2891 932 2954 capto
949 2901 967 2938 a
984 2885 1008 2939 7.
1018 2887 1193 2948 Artaxerxis,
1214 2885 1323 2939 foedere
1345 2884 1410 2937 inito
1428 2887 1463 2938 de
1480 2887 1571 2938 obser·

259 2964 355 3018 vandis
382 2963 544 3028 sabbatiois,
569 2972 690 3019 veterem
714 2966 834 3020 ordinem
860 2967 1005 3028 luxerunt,
1032 2971 1071 3027 ut,
1091 2964 1137 3036 qui
1158 2973 1218 3018 erat
1239 2965 1302 3036 ipsis
1317 2963 1378 3032 jam
1404 2963 1572 3026 sabbat-icus,

257 3050 334 3096 esset
353 3061 389 3096 ex
411 3045 521 3114 antiquo
542 3051 621 3097 notus
642 3043 816 3099 hebdomadis
836 3043 1008 3099 Samaritani.
1050 3043 1128 3106 Quod
1147 3061 1208 3098 cum
1233 3051 1329 3099 notent
1347 3043 1434 3120 docti,
1461 3061 1574 3097 causam
1670 3081 1671 3120 ,

260 3129 352 3176 tamen
372 3123 416 3174 hic
437 3123 536 3177 dictam
556 3123 691 3194 ignorant.

349 3199 395 3256 73.
424 3203 468 3257 Ab
488 3219 558 3256 anno
578 3205 739 3267 ιειο2497,
759 3221 819 3258 cum
834 3203 886 3256 fuit
906 3209 1041 3272 occupata
1049 3203 1165 3266 Peraea,
1186 3203 1319 3272 Jephthes
1339 3209 1468 3256 numerat
1489 3219 1573 3256 annas
1670 3185 1671 3242 ι

261 3279 318 3336 300
339 3297 426 3351 usque
446 3283 482 3335 ad
501 3299 539 3337 se.
579 3284 624 3337 Ex
645 3283 741 3354 quibus
762 3283 909 3352 colligitur,
928 3289 1040 3353 praeter
1061 3283 1244 3352 occupationis
1264 3283 1402 3344 terrael,
1424 3291 1574 3352 praetcrea
1670 3301 1671 3362 q

260 3360 410 3414 Othonielis
431 3364 477 3424 40,
497 3361 567 3417 Aodi
588 3364 635 3426 80,
656 3363 832 3424 Deborae4,
854 3363 988 3416 Gedeonis
1007 3365 1053 3426 40,
1074 3363 1288 3426 ΔιιιηιΙιοιιι3,
1310 3363 1413 3416 Tholae
1435 3364 1484 3426 23,
1506 3363 1573 3415 Jairi

262 3442 307 3504 22,
329 3447 358 3493 et
377 3441 587 3496 Philistaeorum
610 3443 654 3505 18,
675 3444 764 3496 adium
785 3443 891 3496 circiter
907 3443 944 3497 30
965 3444 1144 3497 numerandos
1165 3444 1215 3495 sub
1230 3443 1315 3496 Josua
1335 3447 1363 3494 et
1382 3449 1447 3510 post
1460 3443 1573 3496 Josuam
1670 3453 1671 3474 ¹

260 3521 320 3584 (sub
337 3519 514 3576 servitutibus
529 3517 682 3586 nonnullis),
702 3530 733 3577 ιιι
749 3523 814 3576 lacit
828 3523 972 3590 Josephus,
993 3529 1101 3575 secutus
1117 3521 1221 3576 initium
1236 3522 1298 3576 libri
1312 3521 1446 3576 Judicum.
1488 3522 1554 3575 Et'
1547 3539 1573 3574 ιιι
1670 3573 1671 3582 ,

259 3601 360 3654 dextra
385 3600 492 3670 quidem
519 3601 692 3670 dispositione
725 3601 897 3657 invenirmtur
925 3603 982 3657 303
1008 3618 1026 3654 a
1051 3609 1172 3672 tempore
1198 3603 1292 3682 mortis
1316 3601 1400 3656 Musis
1422 3603 1467 3655 rel
1494 3619 1572 3656 occu-

257 3680 368 3750 patione
388 3686 479 3734 terrae
498 3682 662 3736 Moabitidis.

347 3779 392 3833 74.
421 3779 464 3834 Ab
486 3779 561 3832 initio
582 3779 667 3849 igitur
687 3780 833 3849 Jepbtbae,
853 3779 945 3834 mundi
965 3795 1035 3832 anno
1057 3779 1150 3842 2800,
1170 3781 1220 3834 sub
1241 3779 1415 3850 sequentibus
1432 3777 1571 3848 judicibus

258 3857 344 3926 elapsi
364 3864 427 3911 sunt
447 3858 481 3912 31
506 3858 569 3912 anni
589 3875 674 3930 usque
695 3861 731 3913 ad
750 3859 910 3928 principium
931 3859 1069 3912 servitutis
1090 3861 1225 3914 secundae
1246 3861 1295 3912 sub
1308 3859 1466 3913 Philistaeis
1489 3876 1571 3913 anno-
1670 3897 1671 3906 .

257 3953 316 3991 rum
337 3938 390 4002 40,
417 3953 569 4009 annumque
594 3939 686 3996 mundi
706 3940 798 4003 2832,
826 3939 953 4008 quierat
975 3940 1097 3994 1162ι.
1120 3940 1167 3994 Ch.
1207 3939 1313 3995 Abhinc
1333 3947 1513 3992 numerantur
1533 3941 1570 3992 40

258 4018 475 4081 Philistasorum‚
497 4021 535 4073 40
556 4019 610 4081 Ειι,
632 4020 668 4074 20
690 4019 826 4074 samsonis
848 4025 876 4072 et
900 4018 946 4070 alii
968 4020 1004 4074 20
1026 4019 1075 4072 sub
1096 4020 1235 4074 Samuele:
1256 4035 1365 4082 ¹smmum
1386 4020 1451 4074 120.
1495 4019 1572 4080 Quae
1670 4029 1671 4048 ¹

257 4113 368 4160 sununs,
390 4098 586 4150 connumeratis
607 4101 643 4152 ad
664 4099 811 4168 Jepbtbam
831 4099 897 4162 303,
925 4115 984 4152 cum
1005 4116 1058 4151 non
1085 4106 1191 4152 tantum
1217 4098 1300 4152 libros
1320 4099 1428 4168 Regum
1449 4107 1571 4168 superet,
1670 4099 1671 4172 Ῐ

257 4179 304 4231 sed
326 4177 408 4231 etiam
427 4178 638 4234 numerationem
656 4179 736 4232 Pauli
755 4184 815 4234 Act.
837 4180 867 4233 l:
889 4179 969 4230 dator
990 4177 1075 4248 igitur
1095 4177 1220 4248 intelligi,
1241 4179 1395 4232 redundare
1415 4195 1502 4232 annos
1523 4181 1572 4238 40,
1670 4219 1671 4240 ,

258 4273 343 4326 eoque
364 4255 507 4310 verisimile
528 4264 577 4320 est,
599 4260 705 4318 eosdem
727 4276 786 4313 esse
807 4259 844 4314 40
865 4258 910 4311 Eli
931 4265 959 4310 et
980 4259 1016 4312 20
1036 4259 1245 4312 Philistaecrum
1264 4259 1381 4321 ultimos,
1402 4274 1464 4312 cum
1486 4258 1571 4311 servi·
1670 4253 1671 4322 ι

256 4337 310 4390 tuti
329 4337 407 4390 finem
428 4336 585 4404 imposuerit
604 4337 717 4391 Samson
742 4338 969 4407 occupaveritqoe
994 4337 1114 4409 reliquos
1136 4339 1172 4392 20
1193 4339 1238 4392 Eli
1257 4337 1430 4408 posteriores.
1472 4340 1571 4408 ltaque

257 4417 351 4470 eodem
370 4423 492 4486 tempore
517 4414 649 4484 perierint
666 4417 752 4486 primo
773 4418 900 4480 Samson,
921 4419 1003 4486 paulo
1024 4425 1086 4487 post
1106 4436 1144 4472 ex
1163 4417 1222 4487 ejus
1249 4417 1390 4470 occasione
1411 4417 1496 4472 etiarn
1515 4417 1570 4480 Eli,

241 4512 308 4566 ·quo
330 4495 463 4550 exstincto
479 4495 631 4564 judicatum
651 4496 687 4550 sit
707 4514 821 4550 exorsus
842 4497 952 4552 Samuel
973 4498 1010 4552 20
1031 4513 1168 4552 annorum

345 4603 390 4656 75.
419 4607 491 4657 Ante
508 4603 555 4656 Ch.
576 4602 661 4673 igitur
684 4602 768 4665 1083,
786 4605 880 4658 mundi
902 4604 1055 4660 telesam
1076 4605 1178 4658 electus
1198 4603 1320 4674 praebuit
1340 4605 1483 4666 annos4tl,
1502 4609 1569 4695 quot

255 4683 340 4734 habet
359 4669 480 4736 Paulus'
510 4683 682 4752 Colliguutur
708 4691 800 4738 autem
828 4683 846 4737 ιι
874 4702 910 4737 ex
937 4689 1030 4738 aetate
1055 4685 1180 4740 Is'bcsetb
1205 4685 1252 4739 lilii
1279 4692 1309 4738 et
1331 4685 1408 4739 Sauli
1434 4682 1568 4754 conjugiis
1670 4749 1671 4760 χ

255 4761 420 4831 filiorumque
440 4762 533 4816 ordine
551 4762 709 4817 nativitatis.
