3400 5538
610 266 789 347 stereometrla
806 219 981 320 Amhimedsa.
1310 349 1314 362 Ι
1391 271 1453 334 573

217 443 286 526 Ego
307 462 383 508 vero
406 449 439 508 et
460 440 578 528 perfeci
600 443 797 527 potissimam
824 463 935 509 eorum
965 447 1091 527 partem
1113 448 1165 523 nt,
1198 431 1285 528 'quod
1316 445 1449 512 demon·

127 533 286 598 stratione
301 533 444 614 sattinet,
467 552 594 616 parum,
619 531 706 616 quod
721 551 821 612 usum,
846 531 925 597 nihil
939 532 982 598 ad
996 531 1223 616 perfectionem
1245 536 1398 619 supersit3
1422 539 1456 599 et

128 627 307 686 tractatum
340 621 374 686 in
407 620 512 705 ipsum
546 620 689 686 libellum
723 619 775 686 hic
795 620 927 686 'inserui
960 641 1018 686 suc
1052 620 1123 686 loco
1151 641 1286 704 cumque
1307 623 1454 706 partibus

131 711 248 775 ceteris
272 710 320 775 ita
342 711 505 790 connexui,
530 715 567 776 ut
590 730 653 775 non
677 709 838 792 appendix
855 710 967 790 cauda,
990 709 1046 774 sed
1068 715 1165 793 caput
1187 716 1245 775 aut
1267 733 1322 778 cor
1344 732 1454 794 specu·

129 799 261 864 lotionis
292 799 406 878 totius,
438 805 474 874 ut
496 805 546 865 cst
569 798 708 883 quidem,
730 798 832 863 videri
853 799 965 883 possit:
990 799 1077 880 quod
1099 805 1133 863 ct
1147 798 1201 876 Te,
1225 799 1262 863 L.
1285 801 1321 865 B.
1345 799 1452 882 Jiirg·

128 909 210 969 ere,
235 893 268 952 ct
288 887 391 952 multo
413 888 550 952 maxime
572 888 621 952 Te
643 887 914 953 Illustrissime
940 886 1097 952 Domine
1124 886 1168 952 de
1191 887 1454 955 Lichtcnstein

130 975 238 1060 (cujus
261 977 294 1040 in
315 976 376 1040 hac
396 975 618 1061 philosophiae
648 981 742 1061 parte
772 976 1015 1041 exercitationes
1037 975 1182 1041 assiduas
1203 975 1454 1059 facultatemque

130 1070 352 1148 comparatam
382 1065 541 1148 egregiam
568 1063 749 1151 judicandi,
786 1085 825 1128 ex
854 1085 918 1149 quo
949 1065 993 1129 Te
1023 1065 1162 1149 primum
1192 1066 1225 1130 in
1254 1062 1454 1150 praefatione

130 1153 207 1218 libn·
229 1173 299 1218 sum
321 1153 491 1233 allocutae,
514 1155 614 1219 multo
637 1173 721 1220 nuno
742 1152 869 1218 rectius·
882 1159 914 1218 et
941 1153 1099 1238 copiosius
1122 1151 1225 1219 habeo
1240 1154 1399 1238 cognitam
1422 1161 1455 1219 et

130 1238 437 1324 perspectam)‚'ubi
458 1247 586 1326 tempus
608 1242 652 1307 ad
673 1242 796 1306 isthaec
812 1241 1220 1324 cognoscenda'vacaverit
1244 1245 1329 1327 ipsos
1352 1241 1451 1308 censi·

131 1337 222 1396 turos
244 1331 399 1399 existimo.
445 1330 556 1398 Valete
578 1337 611 1398 et
632 1330 783 1398 fruimini.
828 1331 876 1398 ld.
898 1330 993 1398 Jnliis
1015 1330 1106 1400 Anno
1132 1335 1226 1398 1615.
