3406 5542
118 1117 381 1303 Mamdfioo,
414 1161 736 1279 Nobilissimo
774 1163 1251 1303 Consultissimoque
1285 1165 1420 1298 Viro,
1517 1285 1521 1293 ,

366 1369 454 1475 Ι).
496 1367 781 1477 Tobiae
823 1366 1158 1478 Sculteto
1235 1367 1238 1374 ’

116 1559 157 1625 Dc
178 1559 364 1644 Bregoschiz
385 1566 417 1626 et
438 1559 637 1641 Swanensee,
659 1559 925 1656 haereditariam
946 1559 1141 1642 Hirschfeld,
1164 1559 1194 1626 J.
1218 1559 1259 1626 U.
1280 1559 1424 1640 Doctori,

118 1666 253 1734 Caesarei
274 1669 393 1734 Palatii
421 1667 552 1734 Comiti:
584 1687 695 1734 sacrae
715 1688 827 1762 ¹nuper
850 1669 1043 1749 Caesareae,
1074 1689 1157 1733 nunc
1186 1667 1282 1732 etiam
1308 1667 1425 1750 Regiae

118 1773 286 1858 llajestatis
299 1773 497 1854 Consiliario,
519 1771 651 1858 fiscique
673 1775 751 1860 regii
771 1795 830 1860 per
844 1773 985 1842 Silesiam
1008 1781 1040 1842 et
1062 1775 1226 1840 Lusatiam
1246 1774 1424 1842 antenorem

402 1881 556 1962 Patrono,
578 1881 711 1966 Fautori
733 1901 803 1947 meo
825 1879 1126 1948 benevolentissime.

492 2073 659 2158 Magnifice
682 2065 948 2162 Nobilissinieque
969 2075 1036 2141 Vir.

191 2217 268 2283 Post
298 2213 482 2282 conflictum
520 2215 602 2282 hunc
631 2197 854 2301 grauissimum
890 2219 1137 2302 uniuscujusque
1174 2223 1336 2298 nostmm,
1372 2217 1427 2300 qui
1487 2217 1493 2226 '

114 2311 341 2371 sacramentum
362 2305 442 2389 Imp.
455 2306 546 2370 Caes.
563 2305 724 2390 Rudolphi
735 2307 775 2372 11.
788 2307 810 2372 l.
828 2329 883 2388 m,
906 2328 1007 2392 nuper
1017 2307 1164 2372 humanis
1187 2305 1281 2372 rebus
1303 2307 1427 2384 exemti,

114 2415 164 2457 suo
188 2395 325 2479 quisque
351 2393 420 2459 loco
447 2395 546 2460 secuti
576 2415 684 2459 sumus
712 2417 784 2460 cum
810 2395 940 2462 fortune.
972 2395 1116 2480 publica,
1151 2417 1216 2479 qua
1244 2395 1307 2462 duo
1329 2417 1429 2478 regna

114 2481 298 2548 nobilissima
322 2503 483 2566 regnoque
504 2504 568 2548 non
590 2484 692 2549 minor
711 2483 945 2552 Archiducatus
965 2485 1114 2550 Austriae
1136 2483 1298 2550 dominnm
1320 2493 1425 2550 muta·

113 2577 197 2651 mmt3
219 2594 285 2657 qua
309 2571 482 2637 Germania
499 2571 697 2656 Imperatore
708 2572 936 2652 Romanorum,
961 2572 1159 2638 Christianus
1183 2572 1270 2638 orbis
1281 2573 1429 2658 Principe

114 2661 232 2740 annac,
254 2661 490 2746 Imperatorem
501 2666 533 2725 et
543 2659 722 2745 Principem
742 2661 841 2726 alium
855 2661 1067 2727 nonobscura
1088 2668 1197 2726 tamen
1219 2661 1429 2728 destinatione

114 2748 375 2834 circumspiciunt,
398 2755 572 2833 postquam
593 2769 632 2814 ex
646 2749 786 2814 tumultu
805 2771 934 2834 pugnae
956 2771 1014 2814 nos
1036 2739 1246 2834 recolligendi,
1270 2751 1429 2816 exlabore
1542 2820 1546 2830 ,

114 2843 142 2899 et
167 2837 346 2904 terroribus
372 2837 566 2922 respirandi,
599 2858 638 2902 ex
670 2838 799 2922 pulvere
829 2839 1014 2924 respiciendi
1042 2845 1167 2924 tempus
1199 2839 1312 2904 datur:
1349 2861 1429 2906 curs

113 2925 216 2992 merito
239 2927 340 2993 duces
363 2932 395 2991 et
416 2927 547 3008 milites,
579 2948 659 2991 cura
686 2935 840 3011 patronos
868 2934 900 2992 et
923 2928 1050 2993 clientes
1071 2923 1214 3007 incessit,
1233 2949 1301 2994 sese
1327 2928 1425 2994 inter·

113 3015 270 3096 noscendi,
304 3036 371 3100 qua
393 3015 529 3098 quisque
554 3013 685 3081 fortuna
714 3015 808 3082 fuerit
830 3039 908 3082 usus
937 3015 1154 3100 interrogandi
1175 3016 1373 3101 salutemque
1395 3025 1428 3082 st

112 3101 355 3170 incolumitatem
376 3103 507 3169 invicem
529 3103 723 3188 gratulandi.
770 3105 812 3174 Et
834 3112 866 3170 te
888 3105 1014 3190 quidem
1037 3103 1174 3188 dignitas
1196 3107 1267 3190 ipsa
1288 3108 1428 3172 muneris
1503 3109 1505 3114 ’

112 3193 261 3258 commissi
289 3191 442 3258 membris
470 3193 547 3278 reip.
571 3191 738 3258 Silesiacae
764 3194 809 3260 sic
830 3195 986 3275 innexuit,
1014 3199 1051 3260 ut
1072 3216 1129 3260 nec
1158 3193 1234 3260 mali
1261 3194 1338 3278 quid
1360 3196 1430 3279 pati

110 3283 245 3363 potueris
267 3280 419 3347 incolumi
429 3283 547 3366 patria,
570 3302 627 3346 nec
638 3282 788 3365 ignorari,
812 3284 1050 3368 qnamvisnunc
1066 3282 1191 3363 absens,
1213 3286 1427 3367 amepossis:

110 3388 156 3433 me
176 3391 268 3451 vero,
297 3369 355 3454 qui
376 3369 496 3434 nullam
518 3371 597 3454 reip.
620 3377 746 3454 partem
775 3373 915 3454 attingo,
946 3393 1017 3436 cum
1039 3371 1228 3456 liudolphus
1256 3373 1326 3456 ipse
1346 3374 1427 3458 Imp.

111 3455 191 3526 lm.
215 3480 290 3524 cum
319 3464 414 3542 parte
442 3459 628 3524 meritorum
657 3477 800 3524 meorum
827 3459 869 3524 ad
896 3481 1011 3524 munus
1038 3459 1096 3525 tibi
1128 3460 1282 3526 creditum
1309 3464 1430 3528 remisit

109 3551 259 3631 tuumque
283 3547 430 3612 clientem
441 3547 526 3626 fecit,
548 3553 617 3612 tum
630 3568 703 3612 vero
714 3568 789 3613 voce
800 3548 951 3614 instruxit
962 3553 1090 3628 natura,
1114 3569 1179 3632 qua
1190 3550 1272 3614 inter
1282 3549 1429 3633 palantes

110 3637 336 3702 commilitones
358 3635 501 3700 exaudiri
523 3637 706 3720 requirique
728 3657 864 3719 possem,
887 3659 926 3702 ne
948 3636 1044 3701 cliens
1066 3658 1087 3701 a
1101 3645 1250 3721 patrono,
1273 3637 1427 3722 plurima·

109 3744 176 3788 mm
197 3746 310 3790 remm
322 3725 499 3810 provisione
517 3723 682 3802 distracto,
705 3725 888 3808 negligerer.
921 3724 1072 3808 Adeoque
1082 3724 1192 3790 lubens
1215 3727 1431 3810 equidemhoc
1524 3751 1528 3758 ’

109 3817 138 3876 te
157 3813 268 3880 labore
292 3813 413 3878 diutius
435 3812 614 3896 inquirendi
628 3811 804 3878 dehoctuo
826 3814 938 3880 cliente
960 3811 1097 3894 sublevo,
1121 3812 1313 3900 sublataque
1327 3817 1431 3882 altum

107 3921 177 3968 rece
198 3901 362 3986 significo,
392 3923 442 3966 me
464 3903 566 3966 vivere
586 3901 690 3966 adhuc
718 3903 842 3986 superis
864 3910 895 3967 at
917 3903 1034 3967 vescier
1061 3903 1166 3981 au1·is;
1193 3925 1295 3988 neque
1316 3912 1427 3990 patro·

108 3989 184 4056 cinio
206 3991 414 4069 renunciare,
443 3991 587 4074 quamvis
610 3990 716 4072 Praga
743 4013 825 4056 nunc
848 3991 989 4056 Lincium
1010 3996 1188 4072 transeam,
1215 3995 1298 4076 regis
1320 3987 1453 4080 auspi?

107 4079 257 4146 notissimi
281 4100 432 4144 concessu
451 4080 649 4145 Maecenates
671 4077 733 4144 illic
754 4077 922 4144 habiturus
940 4079 1080 4144 illustres
1102 4081 1253 4156 Proceres
1270 4084 1431 4161 sisarae,

107 4169 310 4253 ejusdemque
332 4167 448 4251 Regiae
471 4169 647 4254 Majestatis
670 4167 826 4252 stipendia
842 4171 938 4254 juxta
959 4169 1142 4233 meriturus.

191 4257 300 4344 Hujus
324 4277 397 4322 vero
419 4257 503 4321 vocis
519 4278 607 4322 meae
629 4256 779 4321 nuncium
797 4277 865 4322 esse
882 4257 962 4342 jussi
984 4256 1123 4322 libellum
1144 4257 1430 4340 huncllclogarum

107 4343 349 4424 Chronicarum,
372 4365 444 4410 cum
459 4351 495 4410 nt
516 4345 709 4430 promissum
726 4354 831 4410 meum
851 4367 1008 4430 nuperum
1030 4345 1245 4432 adimplerem,
1268 4355 1336 4411 tum
1355 4369 1429 4412 vero

105 4435 252 4515 maxime,
269 4441 308 4499 ut
325 4433 394 4500 Tibi
410 4440 620 4518 patronorum
642 4455 785 4498 meorum
808 4455 872 4500 non
889 4441 1050 4519 pestremo
1073 4457 1192 4520 perque
1204 4435 1247 4500 Te
1257 4435 1430 4500 lectoribus

105 4525 215 4588 ceteris
239 4524 401 4593 rationem
421 4522 585 4588 redderem
607 4521 760 4606 temporis
782 4522 823 4587 ab
846 4521 980 4589 editione
997 4524 1303 4590 Commentariorum
1314 4523 1429 4590 Martis

108 4613 281 4693 consecuti,
304 4611 337 4677 in
359 4633 423 4696 qno
444 4617 572 4696 praeter
593 4609 722 4695 publica
744 4611 830 4676 mals
852 4618 1055 4696 terroresque
1081 4611 1158 4678 soris
1185 4609 1433 4678 circumstantes

104 4701 197 4766 etism
221 4699 356 4766 domum
377 4700 524 4786 privatim
546 4720 649 4764 meam
667 4719 730 4763 non
750 4721 848 4766 unum
870 4700 1061 4768 calamitatis
1080 4722 1177 4784 genus
1200 4701 1376 4784 pervasisse
1397 4707 1430 4766 et

104 4809 213 4855 coram
236 4789 346 4854 vidisti
367 4794 399 4854 et
420 4805 541 4854 mecum
562 4788 750 4872 ingemuisti.

182 4893 273 4946 sapies
287 4891 352 4944 osen
366 4891 400 4933 n.
430 4898 432 4908 ·
1158 4895 1229 4946 w.
