3412 5538
231 255 343 372 lbi=
420 321 429 334 ·
603 299 606 312 '
709 317 815 386 reptes
825 321 910 373 saca
920 319 1100 386 deense.

231 470 304 532 sunt
316 463 349 530 in
363 465 517 532 mensibus
532 464 553 528 3
567 463 681 546 plenis:
697 469 841 528 atverum
850 483 910 527 non
920 469 996 538 erat,
1012 461 1149 526 Graecos
1163 463 1334 545 primaevos
1346 459 1490 525 divisisse
1497 458 1578 522 hanc
1637 505 1641 522 .

230 575 376 620 summam
392 555 435 620 90
450 556 564 635 diemm
585 553 616 616 in
637 571 757 616 menses
770 553 794 616 3
808 553 915 636 plenos
921 571 931 628 ;
960 571 1064 616 verum
1079 573 1139 616 non
1156 559 1236 628 erat,
1258 571 1311 615 eos
1326 552 1501 616 celebrasse
1520 549 1578 612 bos

231 653 296 710 tres
312 641 437 726 (etcum
451 642 560 708 initiali
576 643 646 707 anui
663 644 733 706 noni
748 643 840 724 plane
855 635 1000 724 quatuor)
1017 641 1158 706 continue
1173 642 1293 723 plenos:
1309 661 1414 706 verum
1428 659 1490 703 non
1501 645 1579 712 erat,

230 753 334 804 omnes
350 735 371 798 3
387 731 597 798 intercalarius
613 752 692 796 ωηο
708 739 817 796 octavo
833 733 986 813 multoque
1000 731 1187 796 minusanno
1197 750 1276 795 nono
1291 731 1385 794 fnisse
1395 727 1579 802 accensitns,

229 831 266 888 ut
280 824 310 888 is
328 824 416 888 lieret
431 823 553 896 dierum¹
560 821 634 884 444.
663 822 771 886 Plures
788 821 867 884 enim
882 828 954 884 sunt
968 829 1119 896 auctores,
1134 820 1183 902 qui
1199 821 1349 886 diversum
1370 821 1419 883 hie
1434 840 1456 881 a
1470 817 1578 882 Selino

230 919 394 977 testantur.
423 912 572 993 Apparet
586 911 693 992 igitur,
715 909 852 976 Solinum
865 911 943 973 haec
964 911 1054 991 paulo
1070 910 1272 992 negligentius
1288 927 1356 974 esse
1375 915 1579 993 prosecutum.

319 1001 446 1065 Interim
461 1007 564 1064 tamen
580 999 703 1064 Solinus
717 1000 778 1063 iste
793 1001 874 1064 inter
888 1017 972 1062 meos
987 1007 1037 1062 est
1052 1007 1208 1073 auctores,
1231 999 1400 1074 affirmans,
1421 998 1579 1061 Romnum

231 1097 354 1155 veteres
363 1093 593 1165 formamsuam,
602 1109 679 1172 quae
690 1089 884 1162 adsciscebat
892 1089 985 1151 tertio
995 1107 1111 1172 quoqne
1121 1109 1200 1154 anno
1209 1088 1447 1164 Merkedcnim
1462 1086 1578 1149 dierum

231 1183 274 1244 22
283 1180 333 1242 vel
342 1180 395 1256 23,
410 1185 565 1242 mutuatos
575 1197 643 1242 esse
656 1177 812 1242 aGraecis
820 1179 959 1242 vetustis.
971 1178 1061 1242 .Nam
1075 1179 1133 1241 hoc
1143 1178 1169 1241 si
1178 1197 1282 1242 verum
1291 1185 1349 1254 est,
1364 1178 1457 1240 etiam
1465 1173 1579 1240 Graeci

229 1269 344 1334 vetusti
358 1269 452 1332 talem
466 1268 639 1331 habuerunt
653 1269 788 1343 formam,
804 1268 922 1350 qualem
938 1287 1029 1350 snpra
1045 1287 1082 1330 ex
1097 1269 1247 1332 Herodoti
1260 1268 1362 1331 verbis
1379 1266 1476 1330 elicui.

320 1351 357 1440 6)
373 1347 507 1422 Accedit
515 1357 621 1421 Solino
632 1365 665 1420 et
679 1356 890 1421 Macrobius
903 1359 984 1427 (14.)
998 1357 1290 1440 quiquiaiudelinite
1299 1356 1439 1438 loquitur,
1448 1352 1579 1434 intelligi

230 1449 296 1512 sine
312 1447 501 1512 correctione
523 1453 630 1534 potest
652 1447 690 1510 de
707 1445 837 1510 Graecis
858 1445 1094 1527 posterioribus,
1116 1447 1165 1529 qui
1182 1447 1419 1510 uctaeteridibus
1436 1452 1508 1512 sunt
1521 1443 1579 1507 usi.

228 1538 345 1602 Verum
361 1537 479 1599 sibene
495 1536 624 1612 memini,
640 1535 708 1600 aliis
724 1536 817 1600 etiam
831 1536 917 1610 locis,
932 1535 982 1598 ubi
998 1536 1035 1599 de
1044 1535 1242 1600 Merkedonio
1258 1535 1460 1618 agit-clarius
1475 1541 1578 1597 testa-

229 1637 288 1703 tur,
302 1628 382 1692 banc
397 1626 523 1689 formam
540 1647 559 1688 a
575 1623 704 1688 Graecis
719 1643 788 1688 esse
804 1631 1030 1689 transsnmtam.

318 1710 355 1797 6)
380 1714 509 1779 Sextum
523 1714 664 1797 producit
672 1714 819 1778 Petavius
836 1714 1087 1800 Censorinum.
1110 1714 1215 1796 Atque
1230 1714 1257 1776 is
1274 1733 1353 1778 anno
1367 1711 1579 1776 vetustissimo

231 1805 418 1870 Graecorum
434 1804 535 1868 omnia
549 1804 685 1868 membra
699 1803 815 1880 tribuit,
830 1824 870 1866 ex
884 1803 991 1885 quibus
1001 1823 1098 1868 annus
1114 1809 1203 1868 vetus
1210 1803 1367 1868 Romanus
1383 1798 1460 1884 (uua
1469 1821 1579 1884 super-

230 1896 355 1961 stitione
371 1895 486 1957 numeri
501 1892 625 1975 imparis
641 1888 759 1974 demta)
777 1893 957 1956 contexitur.
990 1893 1124 1960 Primum
1138 1892 1217 1956 enim
1232 1893 1339 1956 tribuit
1355 1912 1433 1956 anno
1450 1889 1580 1972 simplici

229 1992 368 2049 veterum
391 1981 579 2046 Graecorum
604 1982 643 2044 12
666 2001 785 2046 menses
806 1977 958 2058 Lunares,
979 1983 1001 2046 ii
1022 2002 1095 2046 vern
1116 1983 1233 2046 faciunt
1253 1983 1319 2046 dies
1331 1981 1414 2056 364.
1459 1980 1580 2044 Deinde

231 2073 370 2139 residuos
386 2073 451 2136 dies
470 2073 508 2135 ll
527 2072 568 2135 ad
582 2071 672 2135 finem
687 2073 758 2136 enni
773 2070 892 2136 Solaria
906 2071 1001 2136 habet
1020 2091 1075 2154 pro
1092 2073 1217 2136 semisse
1237 2071 1350 2137 mensis
1371 2072 1484 2153 aitque,
1500 2089 1580 2134 anno

231 2163 363 2228 secundo
379 2161 472 2225 fuisse
490 2161 531 2227 13
546 2180 681 2224 menses:
698 2181 737 2224 ex
751 2181 810 2244 quo
821 2163 986 2237 coniicitur,
1001 2180 1136 2224 mensem
1147 2162 1197 2224 13.
1213 2161 1449 2236 fuissebrevem,
1463 2160 1580 2224 dierum

231 2273 273 2318 sa
289 2252 339 2315 22.
376 2251 482 2316 Tertio
505 2251 664 2314 confirmat
685 2251 764 2315 banc
786 2251 900 2314 mensis
922 2251 1105 2314 brevitatem
1127 2251 1220 2314 etiam
1234 2251 1288 2314 illa
1302 2271 1350 2327 re,
1372 2249 1453 2333 quod
1468 2250 1526 2324 ait,
1548 2249 1581 2312 in

230 2341 356 2406 dennis
378 2341 471 2404 luisse
492 2339 697 2423 quantitatem
719 2340 740 2403 4
762 2359 908 2403 annorum
930 2339 1090 2404 Solarium.
1128 2338 1202 2406 cam
1224 2339 1303 2404 euim
1324 2341 1355 2404 in
1371 2341 1392 2404 4
1407 2336 1580 2403 Lunaribus

230 2430 416 2513 simplicibus
431 2429 527 2494 insint
542 2429 607 2492 dies
625 2428 719 2505 1416,
734 2429 765 2492 1η
781 2431 910 2493 totidem
924 2428 1082 2494 Solaribus
1098 2429 1164 2496 dies
1181 2429 1280 2506 1461,
1299 2431 1332 2494 in
1347 2432 1367 2492 2
1382 2429 1477 2512 igitur
1489 2447 1578 2492 men-

231 2521 315 2585 sibus
330 2519 563 2583 intercalaribus
579 2519 649 2582 anni
659 2521 689 2582 2.
706 2526 738 2582 et
747 2518 776 2582 4.
794 2518 1032 2585 summadiernm
1042 2525 1110 2582 erat
1124 2519 1176 2594 46,
1192 2526 1225 2584 et
1240 2520 1331 2583 sicin
1345 2517 1580 2586 intercalaribus

231 2609 358 2674 alternis
376 2608 442 2672 dies
459 2610 500 2670 22
515 2609 564 2672 vel
580 2608 631 2672 23.
663 2606 797 2684 Quarto,
820 2608 988 2672 ordinarios
1005 2609 1191 2674 Graecorum
1212 2617 1350 2673 veterum
1370 2628 1493 2674 meuses
1512 2608 1580 2670 Ln-

230 2717 321 2764 nares
337 2697 439 2774 inisse,
456 2697 614 2762 confirmat
629 2698 722 2762 etiam
737 2698 790 2762 illa
804 2717 847 2774 re,
863 2699 942 2781 qnod
958 2699 1040 2774 dicit,
1053 2698 1086 2761 in
1101 2699 1301 2763 tetratteride
1323 2699 1443 2782 quidem
1458 2697 1579 2761 restitui

231 2789 314 2855 Solis
331 2807 450 2852 emaum
466 2787 578 2862 solnm,
600 2793 634 2849 at
648 2787 680 2851 in
695 2787 883 2852 octatteride
900 2789 1018 2852 demum
1040 2789 1154 2852 reverti
1175 2789 1268 2853 etiam
1282 2788 1388 2852 Lunae
1410 2788 1525 2870 pheses
1541 2786 1581 2850 ed

231 2878 355 2942 eosdem
370 2877 443 2940 dies.
473 2876 523 2940 Ex
544 2895 603 2959 qua
619 2877 743 2958 exegesi
758 2884 791 2940 et
806 2897 844 2940 ex
866 2878 1062 2960 usurpatione
1077 2871 1268 2942 trieteridum
1286 2878 1581 2962 penteteridumque,

232 2987 309 3052 quas
331 2966 407 3031 dicit
425 2965 527 3029 verius
549 2966 642 3030 fnisse
661 2965 846 3043 dictaridas,
875 2967 1108 3042 tetrattsridas,
1128 2968 1197 3048 jare
1221 2969 1357 3050 quintum
1381 2983 1581 3030 annumerare

230 3075 356 3142 possum
370 3061 588 3137 argumentum
617 3057 748 3120 Frustra
762 3056 900 3121 nimirum
915 3057 1080 3122 dieteridas
1095 3061 1129 3120 et
1143 3059 1361 3123 tetradtaridas
1381 3075 1582 3132 numeramus,

232 3147 258 3211 si
273 3165 334 3209 non
349 3152 399 3208 est
414 3145 516 3228 aliqua
530 3151 664 3209 totarum
678 3145 760 3210 inter
775 3165 808 3210 se
824 3146 997 3210 similitudo.
1026 3146 1097 3209 dam
1111 3166 1193 3222 vero,
1210 3148 1236 3210 si
1250 3165 1370 3211 menses
1386 3166 1501 3223 omnes,
1516 3146 1582 3228 ipse

232 3235 326 3300 etiam
340 3233 562 3309 intercalarius,
578 3235 781 3317 quantitatem
795 3235 1081 3312 habentLunarem,
1096 3255 1193 3319 neque
1203 3237 1329 3301 dieteris
1338 3235 1480 3300 dieteridi
1496 3235 1582 3298 simi·

230 3326 269 3390 lis
285 3325 358 3398 erit,
380 3344 477 3407 neque
493 3323 671 3388 tetrasteris
687 3325 892 3401 tetraeteridi‚
915 3326 969 3388 sed
984 3326 1082 3409 prima
1097 3325 1157 3389 erit
1179 3326 1358 3402 octaeteris,
1381 3345 1459 3409 quae
1474 3345 1581 3390 rever-

230 3421 316 3479 tatur
331 3413 485 3488 similiter3
509 3432 548 3476 ex
563 3427 601 3476 ea
620 3413 920 3491 hekkaidecaeteris,
936 3415 1205 3480 enneadecaeteris
1221 3416 1273 3480 &a
1322 3417 1408 3481 Haec
1430 3435 1499 3478 cum
1521 3415 1584 3479 sint

232 3504 416 3579 clarissima,
437 3503 529 3566 miror
545 3521 598 3566 cur
612 3504 758 3566 Petavius
774 3504 920 3582 affirmet,
942 3506 1056 3569 nullum
1072 3525 1104 3568 se
1118 3505 1233 3569 veteris
1250 3505 1321 3570 anni
1336 3505 1467 3570 Romani
1483 3503 1582 3569 vesti-

231 3595 313 3677 gium
327 3593 463 3656 invenire
478 3593 510 3655 in
525 3593 708 3658 testimoniis
724 3599 860 3657 veterum
877 3595 914 3657 de
925 3592 1048 3658 Graeca
1063 3593 1133 3658 anni
1149 3595 1254 3670 forma.
1277 3595 1346 3660 Nisi
1362 3596 1441 3658 forte
1457 3593 1584 3677 respicit

232 3684 272 3748 ad
287 3683 367 3746 diem
382 3682 683 3763 supemumerarium‚
699 3684 749 3766 qui
765 3682 940 3756 aRomauis
956 3683 1078 3747 additus
1094 3684 1329 3750 fecithnarem
1345 3703 1458 3749 annum
1467 3685 1583 3748 dierum

231 3771 312 3847 366,
333 3791 466 3855 proque
487 3771 642 3836 additione
665 3773 695 3835 in
718 3773 820 3855 aliqua
842 3791 988 3837 annorum
1009 3773 1134 3854 periodo
1157 3774 1294 3856 longiore
1316 3775 1477 3856 panciores
1500 3793 1584 3847 sane,

232 3880 322 3944 quam
344 3861 424 3942 apud
449 3860 588 3927 Graecos
608 3876 730 3925 menses
752 3863 953 3926 intercalatus
976 3881 1044 3926 esse
1068 3870 1198 3944 oportet
1242 3865 1347 3947 Atque
1370 3864 1409 3927 ob
1430 3865 1490 3928 hoc
1513 3864 1584 3928 anni

232 3949 347 4015 veteris
362 3951 493 4014 Romani
514 3951 706 4034 privilegium
726 3951 829 4016 addidi
851 3971 908 4034 ego
930 3953 1069 4018 voculam
1091 3953 1182 4028 lere,
1204 3973 1264 4037 qna
1278 3961 1383 4018 stante
1398 3953 1473 4018 nihil
1488 3953 1584 4019 habet

230 4041 386 4116 Patavina,
403 4041 483 4123 qnod
498 4041 630 4123 objiciat

314 4127 413 4202 Quod
435 4131 530 4212 igitur
549 4130 696 4194 Patavina
719 4130 812 4194 etiam
834 4129 953 4195 Gazam
977 4132 1093 4213 allegat
1112 4132 1329 4209 affirmantem,
1351 4131 1431 4216 quod
1453 4132 1583 4196 alteram

232 4221 304 4286 anni
326 4221 453 4284 formam
472 4220 562 4302 juxta
577 4220 769 4302 respexerint
783 4227 906 4293 veteres
929 4221 1045 4285 dierum
1060 4219 1141 4299 360,
1164 4221 1302 4305 quodque
1322 4222 1354 4295 is¹
1372 4223 1453 4286 hunc
1470 4221 1585 4286 dierum

232 4327 388 4375 numerum
403 4310 518 4391 repetit
540 4310 579 4373 ab
596 4308 714 4391 aequali
729 4329 853 4375 numero
876 4311 1022 4392 gradum
1038 4311 1168 4376 zodiaci:
1193 4319 1337 4395 quantum
1358 4312 1398 4376 ad
1411 4314 1493 4376 hanc
1510 4331 1584 4375 cau-

234 4416 316 4476 sam,
338 4398 366 4463 is
381 4399 514 4462 novitius
531 4399 662 4481 scriptor
677 4406 735 4474 est,
750 4419 806 4462 nec
822 4418 898 4481 opus
921 4400 1009 4464 nobis
1026 4407 1074 4464 est
1088 4401 1147 4465 hae
1163 4401 1228 4482 ejus
1244 4421 1352 4477 cansa,
1374 4421 1432 4465 nec
1447 4402 1585 4483 ipseper

234 4509 267 4554 se
283 4496 491 4552 consentanea
501 4494 571 4564 est,
594 4507 661 4552 curn
675 4507 817 4552 numerus
838 4490 986 4571 graduum
1000 4489 1116 4554 zodiaci
1133 4490 1264 4554 nondum
1279 4491 1370 4554 fuerit
1384 4489 1463 4554 adeo
1485 4508 1586 4573 popu-

232 4579 308 4642 laris
322 4584 359 4641 ut
372 4576 472 4642 hodie.
498 4575 620 4641 Sufficit
629 4578 738 4654 dicere,
754 4579 833 4661 quod
848 4578 935 4642 initio
951 4586 1001 4643 est
1014 4589 1202 4662 usurpatum,
1218 4600 1372 4644 nnmerum
1387 4579 1504 4644 dierum
1520 4579 1585 4644 360

202 4709 207 4730 .
233 4667 291 4731 niti
307 4665 550 4750 denominatione
567 4667 626 4730 diei
641 4667 765 4732 ultimae
779 4669 902 4744 mensis,
914 4677 995 4751 'quas
1010 4667 1041 4732 in
1057 4670 1194 4733 omnibus
1209 4681 1332 4750 τριακος
1347 4670 1514 4733 dicebatur.
1545 4669 1587 4732 Et

233 4755 372 4838 populari
387 4756 506 4820 ratione
529 4762 617 4846 tanto
639 4757 738 4837 magis
752 4757 783 4819 in
799 4777 887 4822 usum
901 4765 1043 4841 receptus
1065 4759 1123 4822 ruit
1145 4779 1285 4824 numerus
1301 4757 1382 4835 360,
1405 4759 1486 4841 quod
1501 4765 1587 4831 esset

234 4843 432 4912 intermedius
452 4845 534 4910 inter
554 4863 807 4916 verosnumeros
830 4847 946 4912 dierum
966 4847 1039 4922 anni
1061 4847 1126 4913 364
1147 4848 1294 4926 Lunaris,
1317 4857 1350 4914 et
1369 4847 1435 4914 366
1458 4847 1586 4913 Solaria.
