3412 5538
241 263 285 332 88
309 311 311 320 ·
669 279 770 330 Literna
782 277 887 342 Kepleri
899 277 1052 363 aliorumque
1061 281 1164 330 mamae
1208 303 1211 312 v

312 423 459 480 Suetonius:
480 424 590 478 Tantam
597 419 722 490 fiducius
727 419 786 489 suti
797 418 930 486 Amano
942 418 1042 480 babuit
1055 425 1084 470 ut
1097 419 1181 470 ibono
1191 433 1265 470 reem
1276 417 1431 486 aaronis
1447 435 1589 470 mm

240 514 289 566 que
300 505 449 564 urgerem
459 505 523 548 soto
534 493 627 548 edat
637 491 798 560 Capricorni.
811 507 861 558 quo
873 499 952 542 nutus
964 499 1010 552 ert,
1021 490 1185 557 pneumati.
1208 489 1335 562 Quomodo
1346 491 1488 558 Augustus,
1501 491 1527 542 9.
1536 491 1588 543 cal

244 569 301 622 Oct.
314 570 389 634 paulo
402 575 461 620 ante
475 565 507 630 Θ
521 573 631 620 exortum
643 566 752 630 genitus,
766 563 811 614 sub
825 562 972 628 Capricorno
984 569 1060 613 natus
1073 574 1127 614 esse
1139 560 1235 626 potuit?
1569 559 1578 582 '

320 643 501 712 Keplerus:
517 641 682 696 Credendum
692 637 848 692 auctoribus
863 639 896 692 de
906 636 1078 706 Capricorno.
1100 635 1138 691 Et
1151 635 1204 690 fuit
1216 639 1290 690 certo
1300 635 1348 690 Sol
1356 637 1428 692 inter
1442 641 1473 692 Θ
1490 643 1521 690 et
1533 635 1590 693 ἐξ.

240 724 319 795 Ergo
340 724 363 778 si
383 729 464 776 natus
485 727 529 776 est
547 737 613 775 rere
626 719 712 789 paulo
726 723 792 773 ante
807 711 840 775 Θ
856 723 951 780 ortum,
972 733 1060 786 neque
1075 707 1116 780 Θ,
1135 731 1223 786 neque
1238 717 1402 780 ascendens,
1424 733 1519 787 neque
1531 717 1590 771 HC.

241 803 295 860 tuit
315 804 343 858 in
357 793 399 866 ὅ,
414 804 462 857 red
477 802 548 856 forte
565 791 599 863 (1,.
627 799 679 854 Sed
695 798 759 868 quia
772 797 904 852 familiare
918 797 1056 852 veteribus
1070 796 1134 861 fuit,
1155 796 1205 850 snb
1224 813 1257 849 ec
1276 794 1355 868 signo
1373 803 1469 852 nanim
1488 797 1590 861 dicere,

242 886 313 954 quod
327 882 380 937 fuit
393 883 421 936 in
435 887 510 946 ortu,
532 879 654 950 suspicor
673 878 702 933 in
714 877 844 933 Suetonio
858 877 1018 948 legendumc
1043 876 1142 946 „paulo
1157 882 1223 930 anto
1240 875 1311 932 Solis
1326 875 1478 932 omasum?
1516 879 1592 932 Tunc

246 957 364 1022 enim&
380 954 444 1024 inii
461 952 535 1023 eth
551 960 662 1014 inortu.

311 1040 357 1092 His
384 1041 494 1104 exceptis
512 1037 547 1088 nil
570 1041 685 1102 superest
707 1035 835 1086 literarum
852 1033 959 1100 Kepleri
984 1034 1018 1085 ad
1040 1033 1197 1086 Hervartum
1221 1034 1271 1084 illis
1294 1037 1446 1100 temporibus
1473 1036 1593 1088 datsrun

243 1109 332 1176 (comp.
345 1110 401 1162 Vol.
415 1111 450 1160 II.¹
460 1126 484 1175 p.
494 1103 555 1172 79);
568 1123 626 1174 pars
640 1121 734 1164 earum,
746 1118 811 1170 quse
821 1105 1001 1164 desiderantur,
1014 1105 1196 1172 chronologiam
1205 1111 1332 1170 spectasse
1343 1106 1454 1165 videtur,
1468 1113 1591 1171 qnantum

244 1199 275 1234 en
287 1182 411 1234 Henarti
427 1179 624 1246 responsionibus
643 1177 796 1242 collegimus.
827 1174 958 1226 Proximus
979 1190 1075 1236 samm,
1096 1191 1160 1243 quse
1173 1183 1305 1240 supersunt
1316 1177 1418 1238 durae,
1439 1178 1519 1228 datae
1532 1185 1590 1228 sunt

241 1248 266 1306 7.
278 1253 334 1304 Oct.
349 1252 430 1312 1602,
449 1265 555 1318 quarum
570 1255 668 1314 partem
684 1248 802 1298 volumini
817 1243 849 1297 Π.
866 1253 964 1312 parton
976 1247 1089 1298 Volui
1103 1249 1258 1298 masmanna.
1287 1248 1316 1298 ln
1332 1249 1371 1299 bis
1388 1249 1443 1316 adit
1459 1249 1589 1313 Keplsrus

244 1322 441 1390 chronologiam.
455 1323 590 1376 delendens
603 1327 690 1372 contra
701 1320 859 1370 Hervartnm
872 1315 961 1384 (comp.
974 1318 1030 1370 Vol
1042 1319 1075 1370 lI.
1089 1335 1112 1385 p.
1125 1313 1171 1382 77)
1190 1321 1365 1371 certitudinem
1381 1323 1494 1386 priorum
1506 1319 1590 1370 obser·

241 1397 377 1448 rationum.

332 1495 392 1570 At,
425 1501 518 1567 inquit,
540 1511 617 1574 pace
633 1497 688 1553 tua
711 1489 851 1564 dixerim,
873 1508 933 1552 non
948 1493 1038 1550 tanta
1053 1493 1101 1549 est
1115 1487 1313 1563 incertitudo,
1328 1497 1475 1569 quantam
1491 1489 1594 1552 iacere

240 1585 347 1664 Magn.
364 1584 431 1645 Tua
445 1581 575 1656 videtur,
591 1579 731 1642 tentandi
742 1578 861 1654 animo,
883 1577 1031 1652 ausonio,
1053 1576 1163 1638 nescio.
1193 1578 1290 1640 Putas
1304 1579 1466 1640 Metonis
1484 1577 1593 1641 obser-

244 1673 385 1735 vationes
410 1671 502 1732 ctiam
523 1670 555 1732 in
578 1690 657 1732 anuo
679 1669 813 1732 incertas
836 1686 914 1730 esse.
949 1667 1082 1730 Primum
1103 1685 1164 1728 non
1184 1667 1323 1730 innititur
1343 1668 1461 1730 Metoni
1482 1663 1594 1730 Ptole-

244 1781 358 1835 maeus,
373 1760 427 1822 sed
443 1779 478 1820 eo
489 1766 634 1840 tanquam
644 1757 781 1820 auctario
790 1757 885 1818 utitur
900 1757 939 1819 ad
948 1755 1136 1836 probandam
1146 1756 1217 1819 anni
1226 1755 1452 1836 longitudinem.
1472 1757 1594 1819 Deinde

249 1852 274 1914 si
292 1869 363 1912 vere
379 1848 563 1912 novilunium
579 1849 644 1929 ejus
660 1847 719 1909 diei
734 1865 789 1930 pro
806 1846 945 1908 solstitio.
955 1845 1012 1906 fnit
1026 1844 1179 1920 habitum,
1192 1864 1252 1908 non
1268 1853 1316 1908 est
1330 1847 1448 1908 incerta
1463 1847 1496 1908 in
1513 1865 1593 1908 anno

246 1939 382 2004 Metonis
399 1938 581 2012 observatio,
598 1945 647 2000 est
662 1937 741 1999 enim
757 1936 956 1997 certissimum
972 1934 1037 2014 ejus
1052 1941 1171 2014 tempus
1187 1935 1334 2016 excapite
1349 1935 1466 2017 periodi
1483 1934 1526 1999 19
1536 1957 1594 1999 au-

248 2047 362 2092 norum.
393 2027 507 2102 Tertio,
523 2027 602 2108 quod
618 2025 968 2104 observationemipsam
984 2023 1104 2098 attinet,
1121 2025 1284 2086 concedam
1299 2024 1411 2105 aliquid
1421 2031 1455 2086 et
1469 2025 1594 2104 tejuvo,

247 2126 282 2181 ut
296 2125 407 2199 postea
421 2116 535 2180 rectius
549 2116 706 2198 pugnetis:
731 2115 845 2188 fateor,
866 2113 949 2176 illam
964 2112 1077 2176 nullam
1093 2132 1169 2175 esse.
1203 2113 1285 2176 Nam
1300 2113 1325 2176 si
1339 2115 1398 2176 hoc
1414 2113 1493 2176 scire
1510 2115 1594 2177 desi-

247 2209 335 2270 derat
348 2205 559 2281 Ptolemaeus,
581 2205 755 2268 observatio
775 2203 926 2278 Metonis,
948 2202 1027 2284 quod
1045 2203 1109 2284 jam
1130 2202 1219 2264 modo
1240 2203 1507 2285 praesuppositum
1529 2204 1596 2277 fuit,

166 2309 171 2313 ’
247 2295 321 2360 nihil
340 2302 388 2358 est
404 2295 495 2370 alind,
511 2314 600 2377 quam
620 2293 797 2375 principium
818 2291 878 2354 diei
892 2292 1005 2366 Attici,
1028 2291 1077 2373 qui
1099 2291 1282 2355 novilunium
1302 2299 1415 2373 puncto
1437 2293 1596 2356 solstitiali

248 2383 418 2467 proximum
433 2385 463 2446 in
481 2405 536 2446 sua
551 2389 655 2446 aetate
673 2389 722 2444 est
737 2381 919 2463 complexus.
954 2381 1001 2444 Eo
1018 2381 1096 2442 enim
1112 2400 1203 2456 anno,
1226 2401 1283 2463 quo
1298 2381 1468 2446 Euctemon
1482 2381 1596 2444 scribi-

248 2473 350 2538 turin
373 2493 461 2536 mane
485 2473 545 2536 diei
568 2468 619 2536 27.
635 2469 717 2536 Junii
741 2473 921 2535 observasse
945 2470 1124 2544 solstitium,
1151 2471 1270 2533 invenio
1291 2490 1320 2553 p.
1348 2490 1386 2533 m.
1408 2471 1596 2534 novilunium

247 2563 386 2628 medium.
416 2564 467 2626 Ita
483 2571 515 2625 et
528 2562 560 2626 iu
574 2561 699 2644 periodo
717 2560 852 2643 Calippi,
874 2579 953 2623 anno
968 2579 1026 2642 qno
1042 2559 1171 2640 incepit,
1192 2561 1374 2624 novilunium
1389 2561 1523 2624 medium
1538 2561 1595 2623 fuit

247 2648 401 2716 in2011‘
426 2666 467 2718 aa.
496 2650 540 2714 Et
561 2651 635 2715 illud
648 2651 783 2714 Metonis
804 2667 857 2712 aen
872 2648 1068 2713 Euctemonis
1089 2649 1282 2712 Ptolemaeus
1303 2650 1368 2730 ipse
1389 2650 1507 2713 latetur
1527 2645 1594 2714 ὀλο·

251 2763 443 2826 σχερεστερον
459 2748 646 2803 annotatum.
678 2737 757 2810 Quin
774 2739 832 2802 imo
849 2735 985 2814 dubitat,
1005 2758 1064 2820 qua
1085 2738 1161 2801 hora
1183 2739 1390 2816 observatum,
1411 2739 1594 2822 principium

252 2837 354 2894 autem
370 2829 428 2892 diei
445 2831 581 2905 assumit,
595 2829 664 2912 quia
680 2829 758 2891 forte
775 2828 848 2892 nihil
865 2828 945 2891 alind
961 2827 1086 2903 invenit,
1106 2847 1194 2910 qnam
1215 2835 1393 2892 annotatum
1409 2847 1446 2890 ec
1462 2829 1512 2890 die
1530 2831 1595 2892 sine

248 2921 391 2982 boramm
413 2918 576 2981 additione.
621 2917 724 2998 Atque
747 2917 840 2980 etiam
860 2917 910 2980 hic
932 2917 1141 2998 Hipparchus,
1170 2917 1220 3000 qui
1240 2918 1390 3000 referente
1413 2919 1595 2980 Ptolemaeo

252 3008 315 3072 lca
339 3026 435 3070 annos
457 3007 603 3087 interjicit
617 3007 754 3087 integros
775 3006 856 3068 inter
877 3007 1026 3088 principia
1046 3005 1134 3086 hujus
1157 3007 1377 3070 observationis
1400 3014 1432 3070 et
1454 3008 1527 3074 anni
1543 3007 1595 3070 51.

250 3095 385 3178 Calippi‚
409 3115 488 3159 anno
509 3115 569 3159 uuo
592 3095 687 3158 serius
704 3103 919 3159 commemorat
932 3096 990 3159 hoo
1007 3095 1185 3171 solstitium,
1208 3097 1301 3158 ialsns
1320 3115 1355 3158 eo
1372 3096 1491 3170 forsan,
1515 3097 1596 3178 quod

248 3185 411 3267 Apseudes
435 3192 506 3247 ante
531 3185 694 3251 solstitium
715 3185 899 3266 magistratu
921 3184 1004 3248 abiit
1041 3185 1142 3246 Velim
1164 3205 1202 3248 ex
1225 3185 1379 3250 autoribus
1402 3186 1596 3250 firmamenta

249 3275 381 3348 discere,
403 3292 461 3354 quo
484 3294 562 3336 anno
580 3272 770 3356 Olympiadis
791 3275 857 3355 quis
872 3273 1005 3336 Athenis
1028 3274 1108 3338 circa
1129 3275 1213 3338 illum
1233 3294 1342 3338 annum
1363 3275 1539 3356 imperarit,
1563 3283 1594 3337 et

249 3370 395 3445 quantum
409 3361 532 3425 cuilibet
547 3364 664 3426 auctori
680 3363 878 3426 tribuendum.
909 3362 973 3425 Sed
988 3363 1028 3426 ad
1042 3381 1114 3425 rem.

335 3453 402 3533 Ego
424 3453 484 3514 etsi
505 3452 553 3515 his
576 3453 729 3516 decausis
750 3451 819 3514 huic
843 3451 1049 3516 observationi
1069 3471 1175 3534 parum
1190 3453 1306 3528 tribuo,
1327 3471 1388 3515 non
1403 3458 1509 3516 tamen
1523 3453 1592 3515 huic

247 3541 397 3605 rationem
425 3561 522 3604 meam
552 3543 588 3605 de
617 3541 688 3605 anui
716 3542 943 3622 irregularitate
964 3541 1193 3623 superaedifica:
1226 3542 1337 3605 sufficit
1356 3542 1431 3605 mihi
1462 3543 1502 3605 ad
1534 3543 1591 3605 hoc

217 3685 218 3689 ,
245 3630 629 3712 ΡιοΙθιῃαθί,,Α11)αῐεςῃίἰ
652 3639 685 3693 et
705 3639 813 3694 nostra
835 3631 1017 3693 observatio.
1058 3631 1107 3694 Ac
1127 3631 1186 3693 etsi
1209 3631 1280 3713 quid
1300 3632 1590 3713 superaedificarem,

246 3739 352 3802 parum
374 3727 477 3782 tamen
505 3721 640 3782 efficeret
660 3721 748 3782 unius
770 3720 841 3782 anni
864 3739 948 3783 error
969 3719 1000 3782 in
1022 3720 1219 3802 aequinoctiis
1241 3720 1414 3801 quidem‘et
1439 3721 1590 3783 solstitiis.

247 3806 337 3881 Quod
353 3817 455 3871 antem
469 3807 629 3872 historiam
643 3810 805 3873 multorum
820 3827 965 3872 annorum
980 3829 1063 3884 ream
1079 3809 1154 3890 agis,
1169 3829 1238 3871 mea
1253 3809 1405 3872 sententia
1422 3830 1518 3874 causa
1533 3831 1591 3873 non

247 3906 304 3961 est
342 3897 564 3962 Chaldaeorum
586 3899 814 3962 observationes
835 3899 981 3963 falsitatis
1004 3919 1130 3980 arguere
1146 3899 1296 3974 statuisti,
1319 3899 1344 3962 si
1360 3899 1426 3981 quis
1442 3899 1499 3963 tibi
1517 3920 1588 3964 con-

248 3989 350 4063 cedat,
372 3996 443 4051 tuno
458 3988 604 4068 temporis
619 3989 803 4050 Menarchus
818 3987 888 4050 illos
907 3987 938 4050 in
954 4006 1053 4051 rerum
1074 3997 1184 4051 natura
1199 4008 1258 4052 non
1273 3987 1374 4052 fuisse.
1403 3988 1541 4053 Primum
1556 3989 1588 4052 de

245 4078 478 4164 Monaroharum
494 4085 597 4140 aetate
611 4077 702 4158 plane
717 4077 790 4140 mibi
805 4075 971 4140 inauditnm
987 4084 1048 4152 est,
1070 4097 1239 4160 quenquam
1259 4084 1420 4158 tantopere
1442 4078 1589 4142 dubitare.

245 4166 364 4230 Deinde
385 4166 548 4246 fingamus,
570 4168 646 4228 haee
666 4165 793 4248 imperia
815 4167 946 4230 conficte
961 4187 1044 4242 esse,
1066 4175 1101 4228 at
1114 4186 1176 4230 nou
1197 4167 1304 4230 statim
1320 4166 1357 4228 de
1373 4167 1588 4231 observatione

230 4254 354 4318 -incerti
371 4272 480 4316 sumus.
516 4245 707 4336 Impossibile
722 4255 801 4318 enim
821 4263 884 4329 est,
905 4263 941 4319 ut
961 4255 1010 4318 vel
1032 4255 1113 4320 intra
1134 4255 1248 4320 multas
1270 4275 1415 4319 annorum
1437 4257 1588 4338 myriades

246 4351 297 4408 tot
312 4342 555 4418 observationes,
577 4352 651 4426 quot
664 4345 859 4407 Ptolemaeus
882 4344 920 4407 ab
935 4345 1125 4426 Hipparcho,
1146 4345 1340 4426 Hipparchus
1356 4367 1374 4408 a
1390 4343 1587 4420 Callisthene,

245 4433 295 4496 bic
312 4454 330 4494 a
344 4431 523 4513 Babyloniis
539 4432 672 4514 accepit,
695 4453 730 4496 eo
748 4433 851 4498 ordine
867 4453 1013 4497 annorum
1027 4442 1109 4497 retro
1126 4454 1144 4497 a
1160 4434 1263 4510 nobis,
1285 4453 1342 4517 quo
1358 4435 1495 4498 traditae
1512 4441 1587 4508 sunl,

247 4526 423 4603 appareant
453 4521 516 4584 Imo
532 4541 569 4584 ne
585 4521 704 4603 quidem
718 4523 783 4586 fieri
796 4529 911 4605 potest,
925 4530 961 4585 nt
975 4523 1041 4606 quis
1055 4524 1126 4586 illas
1142 4523 1178 4586 de
1193 4523 1343 4588 industria
1359 4525 1586 4606 excogitaverit

247 4609 391 4691 Oportnit
405 4602 483 4672 eriim
498 4609 592 4674 talem
606 4617 744 4694 tempora
759 4612 851 4676 etiam
866 4613 967 4675 fotura
982 4613 1012 4676 in
1028 4611 1138 4675 notitia
1147 4611 1269 4676 habere.
1299 4613 1422 4696 Alioqui
1428 4623 1584 4696 ‘nunquam

247 4701 502 4853 fmmmtiiisiet⁵
523 4707 559 4764 nt
578 4707 702 4764 nostrae
723 4723 791 4766 cnm
812 4700 871 4765 illis
892 4701 1108 4785 antiquissimis
1129 4702 1391 4766 observationibus
1413 4709 1481 4766 tam
1495 4721 1584 4785 prope

248 4805 360 4851 consen
401 4808 438 4851 en
