3390 5542
269 235 332 304 5⁰2
409 283 412 292 .
735 235 1125 292 stereometrloe‘hrclrimedeoc

267 415 362 474 ultimo
382 421 411 470 ει
424 413 540 486 cylindri
549 429 655 486 corpus,
672 413 745 470 intro
759 433 854 472 zonam
878 416 964 470 abditi
976 416 1053 472 3290
1060 423 1111 471 etc.
1122 415 1396 486 comobuqnetomm
1405 431 1502 489 corpor
1512 411 1583 470 citril

268 495 776 564 umect140229688979091,cojus
793 496 950 565 parsmajor
968 496 1071 566 quinta,
1080 496 1165 550 minor
1182 495 1382 558 commissario
1390 495 1585 552 estinnonam.

348 576 441 630 Lubet
449 575 657 644 comparationis
678 591 762 629 causa
776 581 932 644 computare
953 576 1036 630 etiam
1051 592 1156 645 corpus,
1176 593 1230 630 non
1240 575 1319 638 cittii,
1341 577 1387 629 ced
1400 576 1583 644 ,compositum

271 672 308 710 ex
327 657 431 709 duobus
452 655 553 728 truncis
575 655 673 709 conicio
693 655 789 710 ncr'fl
810 663 838 709 et
857 657 963 718 Accu,
990 655 1028 708 sic
1049 662 1080 709 ut
1098 657 1158 718 AB,
1178 656 1237 719 ΔΕ,
1258 654 1316 719 CR·
1331 655 1378 708 CG
1398 655 1453 710 sint
1471 663 1583 716 recinet

270 736 479 805 computandum
504 733 590 804 igitur
618 740 660 788 est
684 751 783 804 corpus
804 734 863 790 coni
885 737 956 789 GBE
977 742 1006 789 et
1025 735 1086 788 ocni
1106 727 1188 798 CBA(
1204 751 1241 788 ex
1261 735 1301 789 th.
1321 735 1409 790 XVlL
1451 735 1494 788 Sit
1514 751 1584 804 ergo

265 831 353 890 *contu
374 814 455 876 GBE,
476 813 551 882 cnjus
572 813 653 877 basis,
677 830 744 868 areo
764 815 858 882 circuli
884 817 948 878 GE,
970 815 1030 884 jorn
1051 815 1077 868 in
1098 814 1280 884 superioribus
1301 813 1353 868 fnit
1373 814 1486 878 inventa
1508 815 1586 869 7496

270 901 323 950 eto.
363 892 487 948 Altitudo
512 909 576 948 vero
602 895 653 948 KB
679 895 717 946 sic
742 893 869 948 habetur.
917 895 987 948 Nam
1012 900 1044 948 ut
1069 895 1117 950 ΔΡ
1145 891 1185 962 (3)
1206 895 1241 948 od
1261 895 1308 950 PE
1330 890 1399 960 (27),
1419 893 1472 948 hnc
1493 899 1536 946 εει
1557 900 1589 944 ut

269 976 286 1030 ι
310 975 345 1028 od
366 973 393 1036 9,
414 971 452 1024 sic
472 973 525 1026 ΕΚ
549 974 642 1028 15447
664 976 699 1028 ad
720 975 784 1036 KB;
807 989 875 1027 oum
902 966 994 1028 autern
1018 989 1070 1043 pro
1093 974 1151 1028 enni
1179 991 1291 1043 corpore
1311 974 1395 1028 tertia
1414 974 1502 1026 solnm
1522 987 1589 1042 pars

271 1051 422 1109 altitudinis
443 1051 479 1106 sit
498 1052 704 1121 multiplicanda
719 1053 746 1107 in
767 1053 853 1118 basin,
873 1069 923 1123 per
942 1053 1049 1117 nhsw,
1071 1070 1138 1124 erg-o
1152 1053 1263 1124 triplum
1275 1053 1455 1115 ΕΚ,46341,
1476 1054 1588 1106 ductum

273 1133 300 1188 in
327 1132 407 1186 basin
433 1139 510 1186 creat
536 1133 819 1196 34737900512643,
849 1150 945 1202 corpus
975 1133 1035 1187 ooni
1064 1135 1144 1187 GBE.
1193 1134 1255 1187 Jam
1284 1135 1320 1187 ad
1341 1149 1436 1187 conum
1457 1133 1588 1192 alterum,

271 1211 442 1282 curjushasis
470 1211 517 1267 AG
547 1227 615 1266 area
639 1213 755 1266 nondum
785 1221 828 1268 εει
855 1221 930 1276 ιιοιε,
959 1213 1008 1266 sed
1036 1212 1118 1268 docile
1143 1213 1327 1283 investigatur
1348 1229 1384 1266 ex
1404 1217 1473 1264 arca
1493 1210 1589 1264 circuli

270 1292 348 1348 EG.'
369 1292 439 1344 Nam
459 1290 512 1344 ΕΚ
532 1293 577 1345 rel
596 1292 644 1345 PL
664 1298 707 1349 εει
727 1293 839 1355 ade,
859 1301 900 1346 ut·
914 1294 949 1348 19
965 1295 1004 1348 ad
1017 1294 1063 1356 22,
1084 1309 1152 1363 erg-o
1172 1295 1311 1363 quadrata
1330 1299 1393 1346 sunt
1414 1293 1449 1346 ad
1471 1290 1589 1344 invicem

270 1379 304 1430 nt
323 1372 378 1426 361
403 1373 439 1424 ad
459 1371 525 1426 484.
567 1371 605 1425 ιιι
623 1387 689 1424 vero
710 1373 847 1442 quadrata
866 1375 901 1427 ad
922 1373 1044 1435 invicem,
1065 1373 1103 1426 sic
1123 1380 1188 1428 sunt
1206 1373 1290 1426 etiam
1312 1387 1396 1428 areae
1416 1371 1588 1445 circulorum.

270 1453 324 1507 Est
341 1450 426 1521 igitur
453 1465 521 1504 arca
534 1450 640 1518 ‘circuli
665 1451 720 1515 AC,
746 1453 792 1523 qui
818 1451 892 1506 basis
913 1459 956 1506 est
982 1453 1041 1506 coni
1061 1452 1139 1514 ABG,
1163 1450 1366 1507 1005023661.
1405 1451 1588 1520 aurumque,

270 1538 303 1586 ut
321 1533 369 1587 ΔΡ
400 1525 439 1596 (3)
470 1531 506 1584 ad
530 1531 578 1586 PE
605 1525 679 1598 (27),
706 1531 758 1586 hoc
783 1537 826 1586 εει
855 1535 867 1588 1
890 1533 926 1586 ad
948 1532 975 1594 9,
995 1531 1034 1586 sic
1053 1531 1111 1595 AL,
1135 1531 1230 1587 17886
1253 1530 1412 1600 (composita
1433 1547 1469 1584 ex
1490 1531 1540 1586 ΔΡ
1561 1536 1589 1582 ει

270 1612 318 1667 PL
337 1610 469 1672 collidi,
495 1625 580 1678 supra
606 1605 732 1674 inventis)
760 1613 795 1666 od
822 1611 868 1666 LB
894 1612 1066 1666 altitudinem
1092 1611 1159 1666 coni.
1201 1611 1293 1672 Quare
1313 1611 1398 1664 ctiam
1417 1609 1501 1678 hujus
1522 1625 1587 1662 ncn-

271 1689 343 1760 cupli
364 1695 470 1758 portem
490 1689 608 1752 tertiam,
628 1690 680 1743 hoc
702 1696 745 1743 εει
763 1691 875 1766 triplum
895 1691 980 1760 ipsius
1000 1691 1059 1754 AL,
1080 1690 1193 1754 53658,
1214 1692 1266 1744 duc
1286 1689 1315 1744 in
1335 1705 1428 1744 aream
1450 1690 1588 1744 inventam

171 1775 178 1785 ”
271 1769 432 1839 creabisque
457 1785 554 1838 corpus
580 1768 640 1829 coni
663 1769 733 1824 ABG
760 1763 1057 1830 53927559601938..
1091 1771 1162 1826 Hinc
1183 1770 1262 1824 aufer
1282 1785 1377 1824 conum
1397 1763 1588 1832 GBE,'i·estot

271 1859 383 1906 muscus
413 1864 481 1902 rmus
507 1849 619 1912 Acus),
648 1849 935 1926 19189053089295,
962 1848 1005 1903 cni
1030 1850 1154 1922 aequalis
1180 1850 1225 1920 εει
1248 1851 1320 1905 alter
1345 1849 1449 1905 ncffl.
1491 1849 1589 1904 Totum

272 1927 358 2002 igitur
372 1925 484 1998 'eorpus
514 1945 551 1981 ex
575 1929 679 1982 muncia
704 1927 802 1983 conicio
833 1929 1008 1999 compositum
1037 1923 1090 1984 crit
1118 1923 1402 1986 38379318178580.
1451 1929 1527 1982 Ecce
1556 1935 1587 1980 ut

271 2009 359 2064 minus
378 2007 529 2062 habearnns
555 2023 636 2078 quam
651 2014 742 2072 ειιιεε,
763 2025 813 2078 per
828 2003 1095 2072 1850370800501;
1125 2009 1228 2064 scilicet
1250 2015 1357 2064 tantm
1385 2015 1429 2065 εει
1456 2006 1586 2062 infertum

272 2087 388 2144 induas
409 2104 491 2142 zonas
511 2085 644 2158 obliquas,
666 2089 783 2146 arcubus
802 2091 862 2151 ΗΔ,
882 2089 941 2164 ΑΕ,
968 2098 998 2142 ει
1022 2090 1105 2144 rectis
1129 2091 1190 2152 HA,
1218 2090 1268 2146 ΔΕ
1289 2089 1480 2143 adumbratas:
1517 2095 1588 2157 puto

274 2173 381 2239 portem
406 2170 488 2237 pardo
516 2167 602 2221 miuus
628 2168 782 2222 vicesimam
808 2175 934 2223 octavam
960 2169 1049 2223 trunci
1070 2169 1192 2239 duplicis.
1234 2168 1336 2230 Quodsi
1356 2170 1447 2222 altera
1467 2166 1587 2222 breviori

272 2249 399 2314 methodo
420 2263 498 2310 usus,
524 2253 556 2300 ut
582 2247 609 2301 in
629 2247 703 2302 conis
726 2245 866 2311 similibus,
886 2249 992 2312 seceris,
1017 2255 1050 2302 ut
1072 2249 1167 2306 10648
1189 2246 1296 2316 (cubum
1317 2249 1352 2302 de
1373 2243 1422 2310 22)
1442 2248 1488 2302 rel
1509 2247 1586 2302 6859

274 2327 382 2400 (cutum
408 2327 442 2380 de
466 2320 512 2389 19)
540 2329 575 2381 ad
602 2343 694 2382 corum
719 2317 898 2382 differentiam
923 2320 1009 2392 3789,
1035 2329 1189 2398 nicoenum
1208 2327 1339 2398 majorem
1358 2327 1435 2384 5392
1456 2333 1510 2381 etc.
1533 2325 1587 2394 (rel

274 2407 358 2462 etiarn
377 2407 514 2468 minorem,
536 2405 558 2459 si
578 2407 652 2475 prior
672 2401 794 2470 daretur)
817 2410 852 2466 ad
873 2399 1013 2479 quartum:
1033 2409 1154 2478 prodibit
1173 2415 1286 2462 mancus
1306 2407 1385 2470 idem,
1405 2412 1437 2460 ut
1455 2407 1542 2476 priua

351 2493 390 2542 At
414 2488 559 2540 secundum
586 2487 672 2540 theor.
693 2487 781 2542 xvn.
809 2487 923 2558 ejusque
949 2489 1204 2543 demonstrationem
1223 2487 1251 2540 in
1270 2487 1394 2557 proximo
1414 2486 1588 2557 episagmote

271 2565 462 2639 proemiorum:
491 2567 609 2620 comsit
635 2568 761 2620 inventus
781 2557 906 2637 cylindcr
934 2566 1035 2622 mma
1064 2569 1141 2624 3290
1169 2575 1220 2622 eto
1248 2583 1333 2639 quare
1362 2566 1501 2620 dimidium
1529 2565 1588 2634 ejus

275 2645 561 2708 16454794979673,
572 2645 694 2700 „sciatur
719 2659 784 2700 vcro
809 2646 856 2702 AC
879 2647 916 2700 22
942 2646 980 2714 (in
1000 2663 1052 2702 sua
1070 2646 1182 2717 propria
1201 2640 1338 2712 mensuro)
1359 2651 1389 2700 ει
1407 2646 1454 2700 ΡΟ
1476 2647 1522 2702 rel
1542 2645 1588 2698 lli*

274 2727 320 2789 19,
341 2725 418 2794 cnjus
439 2727 550 2795 duplum
570 2725 617 2789 38,
634 2733 667 2786 ,ει
688 2715 782 2780 addita
801 2725 847 2780 AG
867 2727 913 2796 22,
935 2743 1038 2782 summa
1048 2729 1101 2782 dat
1110 2729 1157 2791 60,
1178 2734 1207 2781 et
1221 2725 1375 2782 differentia
1395 2725 1588 2780 diametrorum

272 2805 308 2860 rit
330 2805 357 2868 3,
378 2805 465 2859 ductis
486 2821 554 2876 ergo
576 2805 593 2858 3
615 2804 641 2860 in
663 2803 708 2869 30,
729 2812 839 2860 creatur
858 2809 1050 2878 rectiangulum
1068 2808 1132 2870 180,
1152 2813 1361 2877 repraesenteris
1381 2805 1588 2875 timicnmquc·

272 2887 381 2940 draturn
400 2901 466 2939 rero
480 2885 590 2960 minoris
610 2884 735 2940 diarnetri
755 2887 812 2948 HF,
833 2885 920 2940 idest
939 2888 1103 2957 quadratum
1122 2888 1157 2940 de
1180 2887 1216 2942 19
1230 2892 1274 2940 εει
1286 2887 1360 2948 Ι361,
1382 2885 1462 2956 cujus
1478 2885 1590 2953 triplum

275 2965 351 3038 1083
372 2971 564 3034 repraesentat
584 2965 734 3035 cylindrum
754 2969 850 3019 trunco
875 2965 1041 3035 inscriptum.
1088 2969 1125 3022 Ut
1142 2983 1217 3038 ¹ergo
1241 2963 1316 3021 1083
1337 2967 1376 3038 ud,
1397 2965 1464 3028 180,
1485 2965 1524 3018 sic
1545 2979 1589 3032 cy·

271 3043 361 3099 lindcr
385 3044 459 3099 1045
487 3049 545 3097 etc:
573 3047 608 3126 ad
634 3045 761 3099 tunicam.
809 3047 861 3100 Vel
882 3045 999 3110 brevius,
1020 3049 1167 3101 secundum
1187 3045 1373 3115 compendium
1392 3045 1534 3102 corollarii
1557 3045 1590 3096 nd

272 3123 362 3180 XVII.
384 3124 422 3178 sic
443 3139 570 3194 agemus:

623 3201 747 3256 Dlnmetri
784 3201 827 3323 ἐξ,
844 3201 887 3323 23,
905 3202 949 3262 21,
967 3202 1009 3253 22
1039 3203 1089 3254 Vel
1106 3204 1143 3254 sio
1159 3201 1203 3323 ἐξ,
1220 3199 1239 3323 ξ

764 3361 825 3421 361,
843 3361 879 3414 60
1141 3363 1202 3424 418.
1221 3363 1238 3415 9

791 3434 852 3486 εει.
991 3441 995 3450 ·
1177 3433 1195 3485 a
1240 3450 1245 3460 ·
1321 3486 1347 3522 x·

598 3561 603 3578 .
786 3547 789 3556 ’
1142 3525 1203 3586 421.
1309 3548 1314 3560 ·

356 3613 393 3668 ιιι
412 3605 499 3685 igitur
519 3613 573 3670 361
598 3618 632 3670 ad
654 3616 722 3680 421,
742 3613 780 3669 sio
801 3615 923 3686 cylinder
944 3614 1166 3684 iurentus01645
1188 3605 1239 3669 ctis.
1262 3618 1297 3670 ad
1319 3615 1591 3671 2734863971691ε

275 3707 453 3762 cuprionem,
474 3695 596 3765 cylindro
618 3696 712 3750 oblato
734 3711 752 3750 a
771 3703 876 3759 trunco,
897 3701 960 3750 erat
979 3697 1030 3749 hoc
1050 3711 1148 3766 corpur
1175 3691 1445 3752 2734364109622ε
1468 3696 1590 3750 diileren·

273 3773 340 3827 tiam
360 3775 519 3828 minutulam
539 3775 643 3829 iaciunt
662 3776 745 3840 sinus,
765 3776 941 3864 quibus'nou
960 3776 1069 3845 penitus
1090 3775 1197 3850 exactis
1216 3775 1260 3830 usi
1279 3790 1378 3830 rumua

837 3901 891 3986 Dc
913 3901 1023 3968 Fusio.

362 4026 525 4092 Hactenus
546 4027 688 4110 cylindcr
711 4034 743 4095 et
766 4027 876 4111 globus
898 4034 954 4092 ant
977 4033 1044 4114 ejus
1067 4027 1137 4095 loco
1153 4029 1366 4114 sphaeroides,
1391 4028 1426 4108 in
1449 4048 1592 4110 segmen·

177 4109 183 4124 '
273 4119 343 4180 tum
366 4115 498 4199 cylindri
523 4117 573 4182 'sni
599 4117 841 4202 transformata,
861 4117 961 4183 -uobis
988 4117 1128 4186 subsidio
1155 4127 1310 4184 venerunt
1337 4118 1380 4182 ad
1409 4119 1592 4202 prodendos

274 4223 437 4269 mensuras
456 4204 628 4276 malorum,
645 4205 820 4285 citriorum,
837 4213 1058 4286 cotoneorum,
1081 4207 1241 4272 melonum
1255 4206 1421 4288 sensilium,
1439 4207 1594 4274 olivarum

275 4297 311 4356 ει
329 4313 503 4380 prunorum
526 4293 746 4377 elliptioorum.
793 4295 873 4360 Cum
896 4295 980 4364 enim
1002 4317 1174 4379 corporum
1188 4301 1329 4362 totorumr
1350 4295 1438 4380 leges
1461 4297 1497 4360 in
1517 4297 1594 4378 ipsis

274 4377 385 4463 figuris
418 4403 481 4447 non
514 4382 740 4469 inveniremus,
772 4385 913 4468 partium
944 4385 1084 4468 corporis
1113 4405 1279 4454 mensuras
1311 4385 1346 4448 in
1378 4385 1595 4469 cylindrorum

274 4467 419 4553 partibus
454 4470 639 4536 invenimus.
695 4471 738 4536 At
771 4493 843 4536 oum
876 4467 985 4555 partes
1020 4473 1178 4556 quaedam
1211 4471 1346 4555 cylindri
1377 4473 1594 4540 definitionem
1627 4511 1633 4534 .

275 4555 403 4639 quidem
433 4556 572 4623 habeant
602 4566 737 4639 cartam,
769 4560 942 4625 scientiam*
964 4581 1039 4627 rero
1068 4583 1125 4628 seu
1155 4562 1240 4646 leges
1264 4561 1486 4645 corpulentiae
1507 4563 1542 4626 in
1563 4582 1595 4626 se

274 4644 351 4728 ipsis
373 4645 423 4710 vel
450 4645 569 4728 nullas,
597 4647 646 4713 vel
673 4648 813 4713 nondum
838 4651 998 4722 inlunem
1020 4649 1174 4734 prolatas,
1197 4641 1310 4734 globus
1334 4655 1366 4715 et
1388 4651 1594 4734 sphaeroides

275 4740 610 4820 successerunhuuae
633 4757 704 4806 curu
720 4737 945 4804 dimensionem
968 4739 1181 4821 corpulentiae
1201 4736 1343 4804 habeant
1356 4747 1464 4822 amco,
1489 4749 1592 4807 trans·
1673 4733 1674 4770 l
