3406 5542
622 321 785 390 tapnsvm
807 323 914 378 limodls
923 341 998 378 mors.
1415 307 1481 376 315

143 469 194 532 set
207 481 306 527 annos
321 457 380 540 71,
401 465 518 548 egisset
538 461 591 544 72,
610 473 645 530 at
660 465 710 552 qni
725 474 850 550 superat
873 467 1139 551 septuagesimum,
1160 469 1187 533 is
1206 489 1394 553 nequaquam
1417 471 1482 535 iere

144 553 401 634 septuagesimum
423 555 533 620 dicitnr
547 575 654 638 agere,
676 557 778 620 sedis
800 565 935 634 tantum,
956 559 1006 640 qni
1028 559 1304 640 aliquantominus
1327 579 1416 642 quam
1437 554 1480 624 70

143 648 235 704 natus
257 649 315 706 est
355 641 424 707 ·Sed
445 645 641 710 fundamenta
662 645 749 726 hup'us
771 649 897 723 erroris,
920 667 978 729 qno
994 646 1144 712 Calvisius
1159 648 1311 712 Herodem
1333 669 1412 712 anno
1426 649 1480 712 42.

143 730 199 795 dat
213 725 257 796 67
273 751 427 809 annornm,
442 751 533 815 supra
548 735 686 800 discussa
701 743 772 798 sunt
787 737 849 800 suis
863 737 947 800 locis.

233 818 490 892 Quemadmodum
505 822 562 886 uec
576 824 649 888 illud
665 843 786 900 senum,
808 827 887 908 qnod
903 825 1054 892 Calvisius
1070 826 1240 901 contendit,
1261 827 1410 890 neminem
1424 825 1484 889 dici
1528 886 1530 892 ,

143 909 184 974 ad
199 911 456 992 septuagesimum
471 913 617 976 accedere
633 920 688 976 aut
702 914 765 978 lere
782 909 824 980 70
841 935 937 980 anuos
952 915 1075 990 habere,
1089 915 1147 980 nisi
1157 915 1207 996 qui
1216 915 1282 996 jam
1296 915 1486 980 inchoaverit

142 995 194 1063 70.
224 999 289 1061 lmo
311 1000 361 1081 qui
382 1000 563 1081 ipsissimum
586 998 738 1082 001170,
766 1002 794 1068 is
816 1005 930 1068 frustm
952 1005 1102 1068 diceretur
1126 1005 1189 1068 fere
1221 1003 1484 1086 septuagenarius,

142 1089 264 1152 omnino
287 1089 366 1152 eninr
390 1097 481 1152 esset.
525 1091 609 1154 Nihil
629 1091 723 1172 igitur
744 1093 839 1156 habet
861 1111 899 1156 ex
912 1094 1047 1174 Josepbo
1064 1091 1231 1168 Calvisius,
1254 1093 1334 1174 qnod
1348 1093 1483 1174 losepho

140 1177 200 1258 ipsi
223 1184 374 1258 opponat,
396 1180 463 1242 sola
485 1199 540 1243 sua
561 1181 736 1261 eorujectnra
756 1181 878 1257 nititur,
900 1201 959 1264 qua
977 1183 1067 1246 tidem
1088 1183 1218 1263 derogat
1238 1181 1388 1263 Josepm:
1417 1182 1483 1263 ipse

141 1273 251 1330 contre
264 1267 417 1349 Josephna
439 1269 520 1332 circe
536 1289 645 1334 annum
666 1269 773 1335 mortis
795 1271 925 1334 Heredis
947 1271 1135 1354 undiqueque
1158 1271 1215 1334 sibi
1237 1271 1392 1338 consensit
1412 1271 1483 1352 pul-

140 1357 306 1431 cherrime,
327 1357 407 1438 qnod
429 1377 468 1420 ex
490 1359 685 1440 sequentibus
707 1361 835 1441 amplius
860 1361 1092 1428 confirmabitur.
1137 1361 1302 1436 Tenemus,
1324 1379 1382 1444 qno
1404 1378 1483 1436 anno

138 1445 265 1508 Juliano
286 1453 422 1510 mortuns
436 1449 590 1522 Herodes,
611 1447 749 1512 nimimm
769 1450 821 1512 42.
856 1451 938 1514 Nam
958 1449 1030 1532 qnia
1042 1456 1178 1514 mortuus
1200 1449 1286 1530 regni
1300 1469 1321 1512 a
1334 1447 1482 1512 Romanis

141 1535 262 1616 accepti
277 1529 345 1610 37.,
367 1535 444 1599 adde
466 1536 509 1600 36
526 1537 638 1602 solidos
661 1539 701 1602 ad
716 1545 885 1602 currentem
907 1538 937 1602 6.
950 1539 1119 1614 Julianum,
1141 1557 1198 1621 quo
1214 1557 1293 1602 anno
1309 1538 1482 1602 declaratus

140 1631 193 1686 est
207 1643 277 1699 rex,
299 1632 464 1706 consurget
484 1625 535 1688 42.
556 1645 678 1692 currens
698 1629 849 1692 Julianus
891 1629 934 1690 Et
948 1628 1018 1710 quia
1032 1635 1168 1704 mortuus
1183 1628 1250 1703 34.,
1273 1646 1385 1708 exque
1401 1625 1484 1708 cepit

138 1714 341 1795 Jerosolyma,
357 1715 434 1777 adde
450 1715 490 1777 ad
500 1723 669 1780 currentem
676 1717 736 1780 Jul.
746 1716 785 1793 9.,
800 1736 858 1799 quo
874 1717 956 1799 cepit
969 1717 1170 1798 lerosolyma,
1184 1716 1237 1791 33,
1253 1716 1409 1796 consurgit
1422 1715 1484 1780 ite-

141 1821 209 1868 rum
224 1801 363 1866 Julianus
382 1804 434 1866 42.
456 1823 588 1868 currens.
633 1805 784 1872 Calvisius
806 1805 991 1870 1011213.
1015 1806 1162 1889 epistolae
1185 1825 1257 1869 suae
1278 1813 1402 1886 praeter
1425 1804 1486 1868 alia

142 1891 238 1956 etiam
252 1893 310 1956 boc
324 1893 356 1955 in
370 1913 418 1956 me
434 1894 637 1974 reprehendit,
651 1897 731 1979 qnod
746 1895 846 1960 verbis
855 1895 983 1977 Josephi
997 1891 1059 1958 iim
1074 1895 1197 1958 faciam:
1213 1913 1284 1958 nam
1299 1895 1325 1958 si
1334 1895 1355 1956 J
1356 1894 1487 1975 osepbus
1538 1937 1550 1948 -

141 1982 183 2044 ad
197 1981 318 2044 literam
333 1981 531 2063 intelligatur,
545 1991 673 2048 mortem
687 1985 818 2050 Herodis
842 1985 881 2048 ab
897 2003 933 2048 eo
954 1985 1059 2066 reponi
1079 1984 1111 2048 in
1124 1985 1277 2050 lulianum
1298 1983 1357 2057 43,
1379 2002 1440 2046 non
1454 1983 1485 2044 in

141 2070 202 2144 42,
225 2077 344 2134 tantum
367 2071 446 2134 enim
462 2072 570 2136 abesse
592 2081 627 2136 nt
643 2095 661 2136 a
677 2073 706 2138 9.
721 2074 835 2139 Juliani
850 2093 953 2138 mense
967 2073 1066 2149 Julio,
1086 2081 1122 2135 nt
1137 2074 1203 2155 ipse
1219 2073 1293 2148 vult,
1315 2072 1355 2136 ad
1369 2071 1488 2153 pascha

141 2159 215 2224 auni
231 2159 282 2222 42.
298 2160 449 2224 numerari
464 2162 584 2241 possint
599 2163 642 2226 34
658 2162 739 2237 anni,
759 2169 795 2226 nt
810 2183 847 2226 ne
863 2163 982 2244 quidem
997 2163 1041 2226 33
1057 2163 1145 2226 solidi
1161 2163 1236 2237 sint,
1254 2161 1364 2243 qnippe
1379 2161 1487 2244 quibus

141 2257 207 2312 tres
224 2249 287 2311 fere
302 2267 423 2314 menses
438 2251 590 2316 deessent.
634 2251 682 2316 At
696 2254 936 2316 demonstratum
951 2258 1001 2314 est
1016 2251 1116 2333 capite
1131 2252 1211 2326 VH,
1231 2251 1402 2332 fragmenta
1418 2247 1488 2312 anni

140 2336 231 2420 primi
247 2344 279 2400 et
294 2337 366 2402 anni
379 2338 477 2404 ultimi
491 2357 574 2404 more
588 2342 717 2405 Judeico
734 2349 765 2404 et
779 2341 918 2404 Romano
932 2341 1071 2422 populari
1085 2341 1116 2404 in
1132 2358 1254 2404 censum
1267 2340 1379 2404 venire.
1416 2337 1488 2402 Sive

140 2427 222 2490 enim
237 2427 477 2492 consideraverit
490 2429 643 2510 Josepbus
664 2430 834 2494 Romanum
856 2430 926 2494 anni
945 2430 1079 2505 initium,
1100 2430 1179 2510 qnod
1202 2427 1342 2492 Herodes
1364 2443 1489 2508 regnum

141 2517 298 2596 acceperit
313 2516 468 2580 sententia
482 2518 609 2599 primum
624 2527 749 2582 senatus
764 2519 910 2594 Romani,
931 2519 1039 2583 deinde
1055 2518 1238 2582 exercitibus
1252 2516 1408 2590 Romanis,
1423 2515 1488 2597 pri·
1541 2579 1545 2586 ,

141 2624 209 2668 runs
234 2605 272 2668 de
287 2605 335 2668 his
350 2605 394 2668 34
416 2606 473 2670 fuit
493 2607 640 2672 mensium
662 2607 747 2672 (ivel
763 2603 783 2671 7
799 2627 892 2690 usque
915 2609 955 2671 ad
976 2609 1065 2672 linem
1080 2607 1151 2670 anni
1162 2606 1345 2681 Romanum,
1367 2604 1490 2670 ultimus

140 2695 290 2758 mensium
305 2696 397 2758 trium
418 2697 599 2794 aprincipio
621 2697 692 2760 anni
705 2697 844 2760 Romano
867 2716 961 2779 usque
984 2698 1025 2760 ad
1045 2703 1173 2760 mortem
1187 2695 1334 2771 Herodis3
1358 2695 1422 2758 eive
1437 2711 1489 2756 re-

140 2784 282 2865 spexerit
304 2785 342 2848 ad
363 2785 523 2848 Judeicum
545 2787 616 2850 anni
638 2786 833 2867 principium,
855 2787 934 2867 quod
955 2785 1095 2850 Herodes
1116 2785 1369 2849 rexJndaeomm
1391 2789 1489 2847 esset:

138 2874 256 2956 primus
272 2874 379 2938 bomm
394 2875 437 2938 34
454 2895 473 2938 a
488 2893 591 2943 mense
608 2875 704 2939 Sivan
720 2876 759 2938 ad
774 2877 872 2940 Nisan
888 2875 969 2938 ultra
985 2874 1005 2939 9
1021 2893 1140 2938 menses
1157 2873 1393 2948 extendebatur,
1414 2870 1490 2934 ulti·

137 2981 207 3026 mus
229 2981 304 3026 vero
318 2963 385 3042 jam
406 2964 563 3046 inceperat
584 2964 726 3030 diebne8
749 2965 798 3028 vel
816 2964 856 3027 14
879 2971 950 3028 ante
966 2971 1094 3028 mortem
1107 2963 1248 3027 Herodis
1291 2961 1376 3026 Nibil
1396 2961 1489 3040 igitur

139 3071 196 3116 neu
213 3051 336 3116 absurdi
353 3071 410 3133 ego
425 3053 579 3117 introduxi
594 3074 650 3118 nec
665 3054 736 3118 novi
751 3054 990 3138 apudJndaeos3
1008 3053 1101 3117 adeat
1111 3051 1263 3118 Calvisius
1277 3051 1490 3114 vetneTesta-

141 3149 278 3206 mentum
294 3147 326 3204 et
340 3141 434 3206 libros
449 3142 583 3224 Regum,
605 3143 740 3208 inveniet
755 3143 901 3225 exempla
946 3141 1010 3206 Sed
1026 3142 1165 3224 exempla
1180 3159 1272 3223 snpra
1292 3140 1350 3203 dno
1366 3137 1436 3202 dedi
1452 3156 1491 3200 ex
1606 3215 1615 3234 ·

138 3227 363 3312 ipsoJosepbo,
379 3249 456 3313 quae
473 3234 763 3301 contestatissimnm
780 3232 897 3296 faciunt
910 3231 989 3295 hunc
1000 3231 1064 3313 ejus
1079 3249 1203 3306 morem,
1217 3231 1382 3311 inquorum
1393 3228 1491 3290 altero

142 3319 234 3384 solidi
250 3319 293 3383 26
308 3321 545 3386 numerabantur
560 3317 612 3398 27,
627 3323 658 3386 10
669 3322 766 3386 altero
778 3322 849 3386 anni
867 3321 915 3386 13.
925 3341 1045 3386 menses
1060 3319 1246 3384 8dietributi
1260 3318 1493 3390 inveniebantur

139 3409 170 3472 in
187 3428 285 3472 annos
310 3409 415 3474 civiles
433 3411 489 3484 16,
511 3430 588 3492 qnae
612 3411 751 3493 exempla
773 3429 839 3474 cum
855 3409 1007 3484 Calvisius
1028 3410 1060 3472 in
1074 3427 1143 3472 mea
1162 3408 1295 3472 diatriba
1315 3406 1513 3482 invenisset,'

139 3505 245 3561 tamen
264 3498 390 3578 perinde
414 3519 450 3562 ac
473 3498 499 3564 ei
518 3519 578 3564 non
600 3500 745 3575 vidisset,
767 3499 813 3562 ita
835 3499 1022 3573 dissimulat,
1044 3499 1089 3560 ita
1104 3517 1152 3560 me
1168 3499 1218 3562 fol.
1232 3498 1281 3560 12.
1297 3495 1444 3560 novitatis
1459 3502 1493 3558 et

141 3587 343 3650 absurditatis
363 3607 447 3652 reum
463 3589 537 3670 agit
582 3591 648 3654 Nec
669 3589 755 3653 videt
768 3589 857 3652 homo
874 3587 1061 3668 incogitans,
1083 3606 1116 3649 se
1135 3605 1220 3649 snam
1234 3586 1329 3667 ipsius
1345 3585 1493 3648 cervicem

142 3677 243 3752 ferire,
260 3676 329 3740 dnm
345 3677 504 3740 contendit
511 3678 679 3759 Josephum
694 3697 854 3759 perperam
869 3695 1027 3741 numerare
1042 3676 1086 3740 34
1102 3670 1348 3751 0137001010εο
1364 3695 1392 3736 n.
1402 3669 1445 3738 37
1461 3681 1494 3738 01

140 3767 192 3830 40.
236 3765 281 3828 Et
295 3771 399 3829 temen
414 3765 535 3830 interim
550 3775 678 3830 mortem
692 3762 825 3831 Herodis
842 3766 982 3846 assignat
1003 3785 1083 3830 anno
1096 3765 1220 3828 Juliano
1236 3764 1287 3828 46.
1304 3763 1354 3828 fol
1371 3763 1422 3828 25.
1439 3762 1491 3826 26.

139 3855 239 3937 Epist.
256 3873 338 3918 suae.
368 3854 419 3919 Ab
436 3863 558 3919 aestate
574 3874 646 3919 vero
663 3857 732 3920 anni
756 3855 784 3920 9.
800 3875 894 3937 usque
910 3856 941 3918 in
956 3856 1073 3937 pascha
1087 3854 1159 3918 anni
1174 3853 1225 3917 45.
1242 3859 1314 3918 sunt
1328 3871 1388 3916 non
1404 3851 1492 3916 solidi

140 3945 199 4020 36,
221 3963 298 4026 qnos
321 3952 424 4008 tamen
439 3943 593 4010 Calvisius
608 3945 673 4026 ipse
689 3945 756 4008 vult
771 3966 790 4008 a
803 3945 940 4025 Joeepbo
957 3943 1086 4008 civiliter
1107 3942 1258 4008 numerari
1273 3961 1329 4024 pro
1344 3937 1396 4006 37.
1429 3941 1491 4006 Gur

140 4047 213 4115 ergo
228 4051 328 4096 meum
343 4033 496 4114 privatum
511 4034 623 4098 crimen
639 4035 723 4108 facit,
746 4035 825 4115 quod
841 4034 867 4096 si
883 4041 946 4108 est,
967 4033 1198 4114 ipsi‘commune
1214 4041 1264 4096 est
1278 4030 1414 4096 mecum?
1445 4031 1492 4092 lu

139 4141 212 4188 vero
227 4123 327 4186 lector
343 4130 376 4185 et
389 4123 448 4186 boc
464 4141 539 4204 cape
555 4130 781 4204 argumentum,
801 4123 969 4203 Josepbnm
991 4121 1095 4186 civiles
1111 4141 1207 4185 annos
1229 4139 1387 4187 numerare
1410 4125 1443 4199 et
1456 4125 1493 4182 ut

140 4213 229 4276 bodie
244 4211 396 4294 loquimur
416 4211 577 4276 inclusive:
602 4214 682 4295 qnod
696 4211 843 4276 mensium
866 4220 898 4275 et
914 4211 1029 4276 diemm
1051 4211 1262 4276 excedentium
1284 4228 1416 4273 summas
1431 4226 1492 4270 non

141 4302 253 4384 adjecit
269 4319 407 4364 summae
422 4321 583 4376 annorum,
606 4302 685 4366 sient
701 4301 775 4366 fecit
788 4301 820 4364 in
834 4301 968 4382 imperiis
982 4301 1125 4384 Augusti,
1147 4301 1269 4374 Tiberii,
1290 4297 1421 4362 Neronis
1437 4295 1491 4360 bc.

140 4391 358 4466 dasenbendie,
375 4409 441 4457 cnm
457 4391 658 4454 certissimum
672 4391 801 4456 baberet
822 4391 958 4473 adeoque
980 4390 1047 4474 ipse
1062 4390 1244 4464 indicasset,
1265 4388 1417 4452 Herodem
1431 4403 1493 4450 nou

140 4482 313 4548 decessisse
331 4479 439 4543 eodem
460 4479 508 4543 die
530 4499 589 4564 qno
612 4481 713 4562 coepit
735 4499 878 4561 regnare:
902 4479 1040 4543 nimirum
1062 4481 1132 4561 qnia
1154 4478 1235 4560 apud
1247 4476 1384 4540 ludaeos
1398 4474 1491 4536 moris

136 4579 235 4650 esset,
257 4568 409 4635 minutias
430 4569 509 4632 istus
530 4567 659 4651 integris
682 4569 819 4634 civilibus
842 4569 929 4632 annis
952 4570 1127 4632 attribuere.
1173 4565 1342 4632 Considera
1363 4583 1435 4626 vero
1459 4571 1493 4626 et

134 4683 254 4737 musas,
270 4679 353 4743 qnae
368 4657 521 4738 Josepbus
536 4658 643 4722 habuit
656 4659 843 4740 peculiares,
866 4665 917 4722 cu'r
932 4657 1078 4721 inclusive
1093 4662 1267 4722 numeraret
1283 4659 1316 4716 et
1331 4654 1389 4717 boc
1403 4652 1490 4733 prin-

132 4755 241 4837 cipium
264 4747 343 4815 anni
359 4746 412 4810 34.
427 4747 477 4810 vel
492 4742 543 4812 37.
560 4756 752 4812 contemnere
768 4747 873 4823 nollet,
888 4747 997 4829 qnippe
1013 4765 1074 4810 non
1089 4753 1209 4810 tantam
1223 4741 1362 4806 Herodes
1378 4749 1413 4806 01
1427 4761 1494 4818 rex,
1568 4817 1573 4822 ¹

129 4847 183 4910 sed
199 4843 302 4910 etiam
319 4836 437 4902 subditi
450 4835 548 4918 ipsine
567 4838 599 4903 in
615 4845 684 4902 tota
698 4836 855 4920 provincia
870 4855 925 4918 per
946 4836 1002 4900 bos
1018 4835 1104 4902 8001
1122 4836 1162 4900 14
1177 4833 1251 4898 dies·
1265 4850 1348 4896 more
1361 4829 1494 4898 ludaico
