3390 5542
284 279 346 344 642
409 235 430 326 ⁶.
496 335 500 344 ι
854 278 941 328 Tertia
957 278 1027 330 Pare.

281 453 464 540 provocati,
494 452 669 518 exciderint
698 455 731 517 et
758 449 987 534 patefecerint:
1018 450 1228 516 mediocribus
1258 451 1389 534 ingeniis
1418 451 1531 536 nullos
1553 452 1601 518 hic

281 543 447 608 thesaurus
481 542 630 606 utilitatis
661 547 719 606 eut
749 541 924 624 compendii
957 540 1039 606 latet
1074 540 1287 606 absconditus.
1339 541 1428 607 Idem
1462 541 1601 626 denique

281 635 404 698 teneto:
428 651 502 695 cnm
526 629 578 695 00
601 631 704 696 minor
725 629 767 694 ad
791 629 841 696 ΟΥ
871 629 1107 712 fuerit„quam
1131 628 1187 695 OG
1217 629 1259 694 ad
1283 629 1358 710 GY,
1388 630 1496 712 ligura
1519 633 1601 696 enirn

281 721 342 785 erit
365 739 403 784 ex
426 719 531 804 ellipsi
553 725 743 797 transversa,
768 725 801 782 et
823 717 1022 802 sphaeroidis
1046 719 1198 800 segmenti
1226 719 1391 802 proportio
1413 719 1458 784 ed
1481 721 1599 784 olivam

280 811 382 892 major
405 809 473 888 erit,
497 829 592 890 quam
608 805 663 871 GO
679 808 720 872 ad
736 806 800 886 00,
824 807 881 872 sed
903 807 1040 888 genuina
1062 807 1147 872 linea
1168 808 1311 874 nondum
1332 814 1381 872 ast
1394 815 1491 889 nota3
1516 809 1599 892 quod

280 903 371 962 tanto
400 897 533 963 minoris
561 895 712 962 momenti
742 895 1003 978 impedimentum
1032 896 1158 961 ¹censeri
1192 894 1299 978 debet,
1336 905 1460 980 quanto
1494 900 1601 964 minus

280 985 447 1050 verisimile
469 991 534 1067 est,
561 985 649 1052 dolia
675 983 874 1070 sphaeroidis
901 1005 999 1068 quarn
1026 983 1213 1069 hyperboles
1242 991 1299 1051 aut
1321 986 1433 1052 circuli
1460 988 1600 1070 figuram

279 1074 407 1140 imitari.

285 1213 321 1280 V.
348 1213 419 1297 Qua
429 1217 551 1281 ratique
568 1215 641 1298 quis
656 1215 827 1296 artificiose
840 1215 947 1278 irretiri
957 1215 1063 1296 possit
1079 1217 1432 1296 proportionemque
1447 1223 1600 1281 evacuatae

279 1305 323 1369 ud
344 1305 508 1373 residuum
525 1305 667 1388 liquoris,
692 1309 792 1368 struto
809 1303 892 1368 dolio
910 1304 1079 1386 erectisque
1094 1303 1136 1368 od
1149 1305 1412 1385 perpendiculum
1430 1305 1600 1371 diarrsetris

676 1395 795 1458 reatris
817 1397 847 1456 et
869 1393 991 1456 orbium
1014 1393 1196 1475 ligneorum.

366 1517 552 1584 Desiderato
584 1517 757 1596 hacteuus,
792 1523 949 1601 quantum
979 1537 1037 1599 ego
1066 1516 1147 1596 scio,
1178 1516 1345 1582 doctrinae
1377 1517 1476 1602 hujus
1512 1539 1596 1602 pars,

278 1607 364 1672 utilis
387 1613 495 1672 tamen
518 1607 665 1690 patribus
686 1607 825 1672 familias
847 1605 889 1670 ad
910 1606 1074 1689 arguenda
1097 1611 1128 1670 et
1150 1606 1291 1671 cavenda
1313 1605 1414 1685 irrita,
1438 1607 1466 1670 si
1489 1614 1596 1672 tamen

278 1697 421 1762 Bacchus
437 1717 457 1760 a
472 1697 611 1761 Thetidis
632 1696 750 1762 ditione
765 1715 841 1760 suas
856 1715 931 1777 opes
952 1693 1065 1778 procul
1081 1693 1282 1759 collocaverit
1294 1697 1388 1778 eique
1403 1697 1468 1761 suis
1482 1692 1596 1761 linibus

278 1785 497 1850 interdixerit:
529 1786 611 1850 solet
641 1787 723 1850 enim
752 1784 832 1849 haec
853 1785 922 1848 Dea
944 1785 988 1848 sic
1010 1791 1117 1864 tegere
1145 1785 1194 1848 sui
1215 1805 1331 1849 vernae
1360 1784 1536 1864 maleficia,
1561 1793 1597 1850 ut

279 1893 350 1938 cum
364 1879 491 1957 partem
505 1873 559 1939 ille
580 1872 776 1954 subduxerit,
799 1872 861 1938 istu
877 1871 1073 1937 refundendo
1097 1878 1281 1956 corrumpat
1302 1873 1471 1954 reliquum.
1504 1873 1595 1956 Coig·

278 1963 344 2026 neti
367 1963 566 2046 aliorumque
587 1963 711 2042 modus,
734 1983 799 2047 qua
822 1968 929 2026 certus
953 1966 1011 2039 est,
1035 1962 1159 2044 angusti
1181 1967 1230 2025 est
1251 1982 1327 2028 usus
1356 1969 1447 2038 (comp.
1472 1973 1531 2022 ror.
1550 1975 1598 2034 111,

277 2078 302 2126 p.
322 2057 404 2131 734),
427 2057 560 2116 atvero
583 2051 740 2116 adomnia
762 2050 885 2134 geneiis
900 2049 987 2114 dolia
1009 2050 1189 2116 extenditur
1211 2050 1278 2115 sine
1301 2071 1410 2115 errore
1434 2057 1467 2116 et
1484 2051 1597 2116 absur-

278 2139 337 2220 dis,
362 2140 447 2224 quod
469 2139 560 2205 facile
588 2139 777 2207 fatebuntur
802 2144 960 2216 suctores,
992 2138 1131 2202 exerceri
1153 2159 1217 2202 aon
1244 2145 1357 2221 potest.
1403 2138 1599 2223 Incipiamus

277 2231 384 2294 tamen
407 2229 447 2294 ab
469 2228 538 2294 illo.
582 2229 736 2296 Nimirum
758 2227 785 2293 si
808 2227 925 2293 dolium
947 2227 988 2292 sit
1009 2225 1112 2308 figura
1135 2227 1270 2310 cylindri
1291 2234 1350 2292 aut
1371 2227 1598 2294 insensibiliter

271 2317 320 2383 ab
339 2339 379 2382 ‚ea
402 2317 560 2396 deflectat,
584 2316 766 2402 superficies
788 2317 887 2401 plana
907 2315 1042 2399 liquoris
1055 2321 1143 2380 secat
1164 2315 1256 2380 orbes
1278 2316 1399 2398 ligneos
1417 2319 1598 2400 ventrisque

276 2405 517 2489 amplitudinem
545 2408 579 2472 in
607 2407 683 2472 bina
712 2411 873 2488 segmenta
903 2404 1030 2485 circuli;
1065 2425 1166 2486 quare
1194 2425 1254 2489 per
1283 2404 1330 2470 th.
1358 2405 1457 2470 xlll.
1492 2408 1597 2490 partis

276 2495 399 2579 primae
421 2501 582 2577 segmenta
605 2495 669 2562 duo
690 2495 788 2560 totius
812 2492 1004 2577 cylindracei
1026 2492 1117 2572 dolii,
1141 2513 1277 2559 vacuum
1300 2501 1333 2560 et
1356 2493 1498 2577 plenum,
1523 2502 1599 2560 sunt

276 2584 309 2648 'm
331 2584 540 2668 proportione
563 2590 799 2666 segmentorum
821 2582 991 2666 planorum
1012 2581 1044 2646 in
1068 2579 1207 2648 basibus.

364 2672 426 2737 Sed
448 2673 526 2754 quia
548 2671 667 2738 dolium
690 2679 740 2737 est
762 2672 972 2756 compositum
994 2692 1033 2735 ex
1055 2669 1176 2736 duobus
1202 2670 1299 2736 veluti
1320 2671 1444 2736 truncis
1467 2673 1596 2753 conicis,

276 2781 413 2844 quorum
441 2765 608 2844 reputatur
632 2759 773 2826 'altitudo
802 2759 964 2841 technica,
999 2767 1159 2842 quantum
1188 2765 1237 2824 est
1268 2759 1476 2840 longitudinis
1511 2761 1598 2826 inter

276 2849 430 2914 circulum
456 2850 574 2914 ventris
603 2855 635 2915 et
656 2850 765 2916 orbem
790 2849 946 2933 ligneum:
973 2855 1109 2914 truncus
1138 2869 1213 2914 vero
1241 2849 1378 2931 quilibet
1403 2856 1597 2915 constater

276 2937 419 3022 cylindro
450 2938 570 3018 medio,
602 2958 700 3021 super
730 2937 801 3003 basi
830 2939 935 3005 trunci
963 2936 1080 3001 minori
1107 2943 1139 3002 et
1168 2936 1371 3024 circumjecta
1399 2939 1513 3013 tunica
1534 2939 1597 3018 (sic

196 3043 206 3066 ·
275 3026 358 3091 enim
385 3025 513 3111 appello
539 3027 572 3092 in
600 3026 684 3093 dolio
707 3025 872 3092 dimidiam
900 3027 1019 3092 ventris
1046 3024 1321 3108 protuberantiam
1349 3046 1451 3109 supra
1477 3027 1598 3092 molem

275 3115 379 3180 intimi
402 3115 550 3198 cylindri3
572 3116 600 3180 si
621 3119 727 3180 totum
749 3114 867 3182 dolium
890 3117 1022 3198 ejusque
1044 3114 1217 3196 genuinam
1242 3113 1380 3197 figuram
1402 3115 1596 3196 consideres,

275 3210 347 3268 tota
365 3203 485 3288 ‚ventris
519 3200 775 3286 proculeianus,
805 3210 953 3282 constans
987 3223 1025 3267 ex
1048 3201 1171 3267 duabus
1200 3203 1320 3268 talibus
1349 3203 1448 3268 veluti
1478 3206 1597 3270 tunicis

275 3291 427 3372 adversis,
451 3294 484 3357 in
499 3290 717 3377 superioribus
738 3289 815 3358 mihi
832 3291 918 3356 dicta
935 3291 996 3355 luit
1010 3289 1112 3371 zona),
1138 3291 1355 3358 animadverte
1376 3293 1484 3374 igitur,
1507 3293 1598 3376 quod

275 3382 402 3445 tunicae
424 3381 475 3446 vel
497 3401 594 3448 zonae
616 3379 711 3466 hujus
733 3401 842 3462 margo
870 3381 1006 3463 primum
1028 3378 1176 3460 subsidit,
1206 3382 1393 3464 priusquam
1408 3380 1458 3445 ab
1480 3383 1596 3448 intimo

275 3469 426 3554 cylindro,
451 3469 508 3552 qui
523 3475 573 3535 est
588 3469 670 3534 inter
685 3467 780 3534 orbes
802 3469 930 3552 ligneos,
954 3467 1030 3552 quid
1046 3467 1170 3549 deficit3
1194 3475 1428 3553 posteaquam
1451 3470 1596 3553 cylinder

274 3558 387 3641 incipit
408 3559 516 3638 minui,
547 3579 672 3642 semper
694 3577 760 3622 una
781 3558 935 3624 minuitur
962 3559 1056 3623 etiarn
1086 3559 1211 3638 tunica3
1241 3559 1282 3623 ad
1311 3565 1499 3639 extremum,
1524 3567 1596 3626 toto

275 3646 418 3729 cylindro
446 3648 614 3727 exhausto,
642 3651 745 3712 restat
766 3647 799 3711 in
820 3645 962 3711 faecibus
989 3645 1094 3712 adhuc
1120 3667 1231 3728 margo
1258 3648 1384 3713 tunicae
1409 3648 1459 3714 vel
1480 3669 1595 3713 zonae.

275 3733 352 3811 Quis
374 3735 407 3800 in
429 3736 488 3800 bac
510 3735 745 3819 irregularitate
767 3741 874 3820 speret
896 3733 937 3799 ab
959 3741 1030 3800 arte
1053 3734 1250 3808 subsidium?

364 3821 463 3906 Atqui
486 3845 550 3888 uon
572 3826 643 3908 plus
666 3825 759 3889 unico
782 3825 978 3889 theoremate
1001 3824 1091 3888 nobis
1114 3845 1194 3908 opus
1216 3824 1324 3903 suerit,
1348 3829 1385 3889 ut
1407 3824 1448 3890 de
1470 3846 1592 3891 vacus·

145 3992 152 4003 ι
275 3913 362 3978 tione
392 3912 467 3978 dolii
503 3935 576 3977 eum
606 3913 710 3996 figura
739 3912 844 3978 tmnci
874 3912 974 3978 conici
1004 3912 1159 3995 duplicati
1187 3913 1467 3978 demonstrativam
1498 3914 1596 3998 plane

275 3999 526 4084 praescribamus
553 4001 748 4067 methodum.
793 4002 922 4066 Dictum
950 4006 999 4066 est
1026 4022 1125 4084 supra
1147 4001 1193 4065 th.
1218 4000 1300 4066 xvl.
1328 4002 1430 4085 partis
1457 4003 1621 4086 primae,-

275 4089 415 4155 noudum
439 4109 506 4155 esse
529 4088 648 4154 factam
674 4089 885 4174 ageometris
913 4088 1163 4172 disquisitionem
1190 4090 1230 4154 de
1252 4090 1415 4156 soliditate
1446 4111 1593 4174 segmen·

274 4184 379 4246 torma
401 4177 602 4261 quorundam
625 4180 710 4260 coni,
733 4200 815 4262 quae
829 4179 912 4242 inter
928 4183 1002 4242 sunt
1020 4179 1117 4243 ctiam
1131 4179 1195 4244 ista
1218 4177 1381 4261 segmenta
1402 4185 1596 4246 truncorum

275 4267 455 4332 conicorum
470 4288 525 4332 seu
540 4265 626 4348 dolii,
647 4287 729 4350 quae
749 4267 1000 4332 determinantur
1015 4289 1073 4350 per
1088 4266 1220 4352 planam
1238 4267 1441 4352 superficiem
1456 4269 1595 4354 liquoris
1684 4339 1685 4342 ,

275 4353 447 4434 defluentis,
470 4354 661 4439 parallelam
682 4355 735 4420 axi
757 4363 944 4420 truncorum
967 4357 1154 4434 conicorum,
1177 4363 1300 4422 rectam
1321 4357 1364 4422 ad
1387 4379 1593 4424 communem

274 4441 383 4510 basem
405 4449 593 4510 truncorum
615 4464 673 4508 seu
696 4445 847 4509 circulum
868 4443 1005 4510 medium
1027 4445 1155 4510 ventris.

363 4533 410 4597 De
431 4531 479 4597 his
501 4533 610 4617 itaque
631 4535 800 4616 segmentis
820 4533 891 4598 coni
904 4533 994 4598 lubet
1014 4533 1125 4618 aliqua
1147 4533 1299 4600 disserere
1317 4536 1413 4599 etiam
1431 4534 1594 4615 hocloco,

155 4685 158 4690 .
275 4619 318 4684 ed
339 4622 557 4702 provocandos
579 4627 769 4706 geometras,
792 4629 827 4686 ut
849 4624 902 4706 qui
929 4621 1085 4688 hactenus
1107 4644 1171 4688 nou
1193 4623 1404 4707 satagendum
1429 4629 1593 4709 putarunt
1684 4663 1685 4686 1

275 4707 315 4773 dc
329 4707 379 4774 his
395 4711 575 4792 segmentis,
596 4731 667 4792 usu,
682 4710 768 4795 quod
783 4731 880 4794 supra
895 4710 1049 4794 dicebam,
1063 4733 1128 4778 uon
1144 4713 1304 4794 exigente,
1328 4713 1349 4777 ii
1360 4716 1431 4796 jam
1446 4714 1592 4792 tandem,

275 4803 446 4881 postquam
472 4800 674 4866 manifestum
703 4798 810 4866 vident
843 4821 934 4866 usum
955 4821 1083 4882 eorum,
1113 4821 1264 4868 esomno
1286 4801 1437 4884 evigilent
1453 4801 1591 4868 demon·
1684 4797 1685 4844 t
