3396 5540
231 233 294 290 4114
390 301 392 308 .
746 224 853 290 llelogau
880 223 1025 274 (laconicae.

230 425 291 468 nou
323 426 364 487 77
366 403 565 481 (771777
595 401 678 464 enirn
708 397 1336 480 7771771717.77717777017717
1363 395 1406 462 nd
1428 415 1548 460 aunum
1609 431 1613 441 ·

231 453 463 558 Nabouassanis
484 497 553 568 100,
574 490 678 571 Athyr
698 488 823 553 lussit
838 481 964 570 eclipsis
979 489 1151 571 conspicua
1166 487 1262 570 plane
1277 485 1421 571 ejusdem
1436 485 1551 568 plagae

231 588 264 644 et
285 582 485 663 quantitatis
515 580 546 644 17
569 583 653 641 esset
675 577 850 642 secundnm
873 576 1019 641 tabulam
1037 573 1206 659 Nabopoll.
1228 581 1340 640 sextus
1362 579 1422 639 aut
1441 575 1483 656 (si
1497 573 1551 638 ille

230 686 287 760 rex
310 675 382 751 7777
403 667 515 751 hthyri
538 665 655 752 coepit)
687 667 831 730 desinens
860 666 1000 747 quintus.
1048 665 1177 747 Cogita·
1208 683 1295 728 nam
1310 664 1354 728 717
1379 667 1422 728 70
1451 681 1552 727 annos

230 745 403 840 captivitat
395 779 421 821 1s
448 735 578 820 7177777
604 755 829 838 77171ι771ι77;
853 755 975 820 Bcroso
1002 773 1077 818 7777
1100 755 1134 818 in
1154 751 1215 817 1ι77
1241 752 1308 818 7717
1335 751 1551 834 obloquimur,

230 847 317 929 quod
341 843 442 929 Cyrus
464 863 548 910 anno
574 849 624 907 17.
648 841 833 908 Nabonnidi
855 843 990 906 adortus
1014 842 1141 926 quidem
1168 842 1264 906 177717
1250 848 1421 924 tregnum
1444 839 1550 924 Baby·

230 933 343 1018 177177,
366 934 423 998 sed
445 932 670 998 Nahonnidum
691 937 765 1016 post
751 932 962 995 tmultorum
985 951 1143 1014 annorum
1161 929 1286 994 bellum
1308 930 1448 1012 deniquo
1469 929 1551 994 rice-

231 1022 637 1101 717,“7777717177117777,
671 1019 818 1085 7771117
842 1026 1008 1085 2377777
1034 1019 1121 1086 bello
1150 1019 1334 1084 iusumserit
1362 1019 1554 1102 priusquam

231 1071 436 1193 Babylonem
447 1115 588 1212 tapete,
615 1109 687 1193 7177
709 1109 803 1192 hujus
825 1109 979 1211 77777717
1005 1111 1039 1174 17
1061 1107 1253 1172 debellando
1274 1106 1465 1194 Babylonio,
1487 1107 1554 1170 1777

230 1207 306 1264 7777
321 1201 509 1284 imperante,
524 1200 717 1276 insumsisse,
734 1218 829 1280 quam
840 1199 872 1261 in
884 1197 1060 1266 minoribus
1073 1195 1333 1278 Asiaegentibus.
1357 1197 1406 1262 De
1417 1195 1555 1261 Ezechia

230 1307 304 1353 sero
331 1309 396 1352 uua
423 1293 572 1370 superest
600 1285 788 1364 (7111771777,
819 1307 892 1350 777
915 1287 1075 1352 Μ777(1771
1105 1287 1227 1350 initium
1257 1285 1353 1353 cadat
1381 1290 1456 1368 post
1486 1288 1554 1370 ejus

229 1398 348 1441 annum
378 1377 499 1460 imperii
530 1381 580 1440 14.
608 1377 732 1440 circiter
762 1375 916 1450 77777717.
962 1375 1031 1439 Ν171
1057 1375 1164 1439 (117777
1193 1374 1341 1454 volimus,
1368 1373 1553 1438 Manassem

229 1466 402 1548 imperasse
425 1487 496 1530 curn
525 1470 629 1548 patre.
675 1465 704 1530 N
707 1485 759 1528 77
789 1464 886 1528 etiam
916 1463 975 1530 hoc
1003 1464 1187 1543 considera,
1218 1463 1277 1528 nisi
1306 1463 1367 1528 hoo
1395 1461 1553 1540 dicamus,

231 1555 395 1620 blanasses
425 1575 509 1622 7777
536 1560 586 1620 14.
609 1553 761 1618 Ezechiae
790 1553 933 1619 nendum
960 1551 1074 1618 fuisset
1103 1559 1210 1618 natus.
1247 1553 1305 1618 ‘An
1331 1571 1390 1616 rex
1421 1556 1555 1616 creatus

230 1641 406 1722 Monaeses,
430 1643 557 1724 quando
579 1643 665 1726 petri
688 1642 826 1706 dietum:
848 1641 982 1724 dispone
1005 1639 1235 1710 domui‘tuaei

309 1753 480 1807 Calvisius
502 1756 599 1825 ,(117177.
618 1757 701 1822 71177
742 1755 785 1807 De
806 1753 899 1822 eclipsi
920 1753 983 1806 anni
997 1753 1167 1820 Nshcnnass.
1192 1751 1337 1822 12777771
1351 1767 1453 1814 mones,
1474 1750 1554 1804 video
1607 1812 1611 1828 .

231 1833 354 1902 ejusdem
381 1833 493 1904 generis
522 1833 648 1903 eclipsin·
662 1832 747 1888 luisse
776 1847 847 1886 annu
876 1831 947 1886 Nah.
971 1831 1036 1894 109,
1066 1832 1188 1901 ejusdem
1213 1831 1318 1900 scilicet
1348 1831 1505 1886 anomaliae
1526 1835 1554 1884 et

232 1913 392 1976 latitudinis,
418 1930 489 1986 quae
515 1913 645 1968 acciderit
672 1915 716 1968 12.
741 1913 834 1982 Athyr
860 1920 925 1966 ante
949 1912 1066 1968 mediam
1089 1921 1204 1968 nomem.
1245 1911 1298 1966 Sed
1328 1912 1352 1964 si
1377 1913 1554 1966 Ptolemaeus

232 1993 332 2046 erroris
354 1995 521 2047 accusandus
545 1999 594 2056 est,
617 1992 721 2063 triplex
739 1992 799 2060 ejus
820 2009 896 2047 error
917 1999 968 2052 est,
988 1992 1090 2062 primus
1111 1992 1227 2062 quidem,
1247 1993 1318 2062 quod
1338 1991 1416 2060 ponit
1435 1990 1554 2046 medium

232 2072 348 2142 eclipsis,
374 2079 503 2144 tanquam
530 2079 595 2126 tunc
619 2073 717 2126 fuisset
743 2073 822 2125 Luna
842 2089 926 2140 supro
946 2074 1066 2126 Terram.
1106 2071 1221 2135 Deinde,
1243 2071 1362 2126 7177777
1383 2077 1427 2124 est
1447 2069 1553 2124 librarii

233 2153 259 2205 17
285 2152 362 2206 annis
388 2152 636 2222 Nabopollassaris,
667 2154 737 2223 quod
763 2159 846 2220 putat
874 2149 938 2206 127.
964 2151 1129 2206 habitasses
1144 2169 1204 2204 esse
1230 2167 1328 2204 annum
1354 2151 1380 2206 5.
1406 2151 1552 2220 Nabnpoll.

233 2233 307 2292 1777
332 2231 376 2284 717
401 2233 483 2286 facile
505 2249 580 2286 error
601 2232 700 2285 oboriri
720 2227 837 2302 potest),
865 2231 910 2302 qui
938 2239 1029 2284 77777
1055 2230 1138 2285 177717
1165 2247 1252 2284 77777
1274 2233 1300 2294 6,
1320 2235 1353 2284 ut
1373 2239 1423 2284 tua
1444 2237 1553 2284 seuten-

232 2311 273 2364 117
294 2317 344 2374 est,
366 2329 403 2365 ex
424 2311 515 2374 tertio,
537 2315 607 2384 quod
629 2311 756 2366 tribuerit
775 2311 997 2379 Nabopollassari
1020 2327 1103 2364 annos
1126 2311 1176 2374 29,
1197 2309 1243 2380 qui
1263 2317 1383 2372 tantum,
1404 2317 1437 2364 ut
1456 2309 1555 2364 tabula

233 2392 327 2454 habet,
354 2393 387 2446 21
418 2391 555 2464 regnavit.
601 2393 717 2462 Eelipsis
744 2391 813 2444 7717
839 2390 887 2446 1117
913 2393 947 2444 ab
975 2385 1479 2446 777712777777777.77777771
1504 2407 1557 2442 nou

232 2477 330 2541 potest,
358 2487 418 2525 curn
445 2471 473 2525 17
492 2472 614 2525 7771777
635 2471 842 2526 circumstantiis
865 2481 893 2524 et
913 2470 1092 2540 descriptione
1114 2470 1264 2524 conveniat
1305 2471 1348 2524 De
1369 2469 1447 2524 annis
1469 2469 1555 2538 cupti-

192 2587 194 2595 ,
233 2551 327 2604 sitatis
352 2551 541 2622 Babylonicae
567 2551 677 2606 dubium
702 2553 804 2604 nullum
829 2550 916 2606 siden
958 2547 1135 2604 dabonnidus
1155 2549 1243 2604 victus
1265 2557 1307 2602 est
1328 2566 1399 2602 anno
1423 2548 1555 2620 77771

232 2634 276 2685 rel
303 2630 387 2686 etiam
414 2631 656 2686 71777177077
683 2631 769 2702 igitur
790 2629 877 2700 Cyrus
899 2647 969 2684 auno
994 2631 1037 2684 13.
1060 2629 1189 2683 Croesum
1209 2629 1314 2691 7177717,
1336 2624 1404 2682 satis
1425 2629 1556 2698 temporis

233 2709 331 2764 habuit
356 2711 390 2764 ad
416 2709 518 2766 bellurn
544 2708 712 2766 1717777177
739 2709 906 2782 babyloniis.
947 2711 990 2765 De
1010 2709 1138 2764 Manasse
1159 2709 1249 2764 nullus
1270 2710 1426 2778 scrupulus;
1448 2707 1555 2762 etiamsi

235 2789 307 2844 eninr
329 2807 383 2844 non
403 2797 484 2844 natus
506 2791 602 2845 luisset
624 2809 694 2845 anne
718 2793 761 2846 14.
782 2791 927 2854 Eneclriae,
948 2789 1014 2848 71711
1036 2789 1162 2852 17777777
1183 2785 1316 2842 Ezechias
1338 2787 1455 2842 decessit
1472 2805 1556 2842 annas

236 2877 318 2924 nutus
341 2871 387 2932 54,
409 2871 476 2924 satis
499 2878 579 2940 aptus
601 2874 635 2924 ad
657 2871 826 2942 gignendum
848 2870 957 2932 liberos,
979 2869 1556 2924 7117777177777711777777777777777

322 2961 515 3046 Keplerus
538 2971 626 3038 (Epist.
646 2970 746 3037 vum:
769 2961 870 3027 Putas
892 2960 925 3027 in
939 2962 1044 3026 altera
1066 2963 1210 3039 materia,
1235 2959 1365 3045 eclipsin
1380 2959 1557 3026 Ptolemaei

232 3071 297 3116 non
319 3071 415 3135 77777
438 3050 545 3116 divelli
566 3050 608 3116 ab
631 3050 1064 3119 7777127117777777771.
1097 3050 1444 3130 Reddotescourum,
1468 3050 1557 3115 salva

233 3139 430 3205 astronomia
452 3139 484 3204 id
498 3139 570 3204 fieri
592 3161 700 3224 posse:
721 3161 783 3205 non
801 3140 883 3203 7717
906 3139 1055 3204 assumsit
1078 3139 1203 3222 777177
1218 3137 1420 3204 Ptolemaeus
1443 3138 1556 3204 horam

232 3227 396 3293 stlocum
416 3227 511 3312 hujus
534 3230 686 3312 eclipseos
708 3227 750 3293 ad
774 3227 971 3295 demonstt
904 3233 971 3292 7777
973 3230 1058 3292 iones
1085 3249 1174 3308 7777,
1197 3227 1254 3320 sed
1275 3231 1347 3291 tant
1347 3247 1402 3291 um
1425 3228 1554 3311 quanti·

230 3247 281 3380 777
284 3337 332 3382 em
356 3315 481 3400 eclipsis
503 3317 563 3382 hoc
585 3315 655 3382 loco
678 3317 815 3382 zodiaci:
839 3323 964 3382 certum
987 3325 1094 3381 77777
1118 3309 1184 3398 est,¹
1206 3313 1326 3398 siquis
1350 3316 1449 3398 dicat,
1473 3337 1557 3382 anno

235 3410 308 3470 109.
324 3404 543 3470 Nabonassari
558 3405 620 3470 alio
640 3405 709 3474 loco
733 3404 862 3490 eclipsin
885 3405 1050 3488 contigisse
1072 3405 1146 3472 huic
1169 3405 1455 3509 aequiparandam,
1478 3409 1557 3470 tnnc

232 3495 328 3560 77177
350 3493 393 3560 ad
412 3499 483 3560 127.
501 3493 719 3560 Ν7777777771
738 3515 796 3560 777
815 3495 886 3559 1777
909 3496 1016 3560 777177
1039 3495 1170 3577 eclipsin
1188 3497 1296 3582 justae
1319 3500 1440 3576 magnit
1417 3493 1557 3560 tudinis.

174 3601 176 3612 ’
231 3582 338 3647 11177
329 3605 362 3647 nn
385 3583 623 3666 consignatione
652 3583 880 3650 observationis
906 3602 970 3650 non
997 3581 1056 3650 fuit
1082 3601 1246 3670 supressa.
1290 3583 1496 3650 Ptolemaeus
1520 3583 1558 3648 de

231 3691 290 3735 suu
312 3671 435 3738 addidit
421 3677 511 3737 7.27
528 3673 641 3757 Athy.r
672 3674 876 3738 7177715110.
904 3678 953 3738 13.
970 3671 1043 3738 177.
1064 3676 1097 3736 77
1119 3673 1214 3739 loss.
1241 3676 1291 3736 10.
1306 3671 1402 3738 Febr.
1425 3673 1557 3738 fuerunt

233 3757 369 3864 77117777
391 3760 489 3844 71777
513 3761 664 3846 aequales
687 3759 785 3846 plaga
807 3765 838 3824 et
860 3762 1053 3845 quantitate.
1099 3756 1168 3826 Hoc
1190 3759 1271 3826 illud
1294 3766 1357 3840 est,
1380 3759 1470 3844 quod
1492 3761 1555 3826 Pli·

231 3849 303 3912 nius
327 3849 384 3930 717,
407 3849 548 3914 delectus
573 3855 635 3916 223
659 3849 817 3952 mensibus
839 3849 966 3916 reverti.
1011 3849 1072 3930 lgit
1073 3866 1114 3913 ur
1140 3850 1253 3933 quinto
1275 3809 1557 3934 Nabiapollassaris

231 3935 308 4020 legit
322 3937 526 4004 Ptolemaeus
548 3937 681 4022 eclipsin
704 3937 894 4022 quantitatis
918 3943 950 4004 77
972 3937 1086 4021 plagae
1108 3943 1225 4004 certae.
1262 3938 1557 4005 1117777777109.

233 4031 267 4092 77
292 4026 622 4092 127.Ν77777777717
649 4026 755 4112 potuit
782 4027 974 4110 contingere.
1020 4027 1083 4090 Per
1107 4045 1197 4091 eram
1225 4025 1324 4110 igitur
1352 4027 1557 4094 Ptolemaeus

234 4113 567 4200 711777771777717
598 4115 639 4180 ed
665 4121 738 4182 127.
769 4113 926 4197 alligavit,
957 4135 1030 4180 cum
1060 4049 1105 4180 71
1132 4118 1207 4180 100.
1235 4115 1407 4182 debuisset.
1453 4115 1492 4181 Id
1514 4117 1558 4180 sic

232 4203 302 4268 fieri
323 4205 439 4290 potuit,
463 4206 490 4270 si
512 4203 700 4289 simpliciter
724 4211 753 4271 5.
776 4204 903 4288 Nabop.
925 4203 1022 4270 fuerit
1044 4210 1226 4283 annotatus,
1249 4205 1293 4271 sio
1315 4209 1352 4269 ut
1374 4203 1558 4270 Ptolemaeo

233 4291 411 4359 incubuerit
433 4293 615 4372 necessitas,
637 4293 728 4358 illum
751 4291 927 4376 quaerendi
949 4313 1007 4378 per
1029 4303 1149 4358 motum
1164 4293 1276 4360 Lunae
1290 4294 1323 4359 in
1337 4293 1555 4359 7771711777-

232 4383 383 4449 nassaris.
434 4383 508 4447 ,lam
536 4384 569 4448 in
598 4388 638 4447 70
667 4383 873 4468 captivitatis
887 4384 983 4465 inque
1012 4389 1118 4446 aetate
1141 4381 1300 4447 Manassis
1329 4379 1455 4447 nullum
1485 4381 1558 4447 mihi

233 4471 396 4553 peculiare
419 4470 561 4551 dubium,
585 4471 671 4554 quod
692 4493 756 4536 non
779 4491 818 4535 ex
839 4471 901 4535 hoo
928 4469 1080 4554 eclipseos
1104 4471 1318 4536 Ptolemaicse
1339 4470 1437 4535 dnbio
1460 4471 1555 4554 fluat3

231 4560 341 4642 1177177
361 4565 399 4624 77
421 4579 545 4626 mecum
568 4559 711 4624 delibera
733 4559 869 4642 amplius
893 4576 988 4642 77777
1010 4560 1070 4625 777
1093 4579 1138 4628 re.

312 4669 489 4724 Calvisius
530 4675 617 4740 (Epist.
638 4676 706 4740 1777
756 4671 799 4725 Dc
836 4670 929 4740 eclipsi
964 4669 1133 4733 Ptolemaei,
1171 4670 1193 4726 si
1223 4671 1436 4725 demonstratum
1468 4671 1553 4729 hient

232 4749 299 4804 711711
325 4757 472 4820 praeterea
499 4751 525 4805 in
551 4752 646 4806 literas
673 4751 903 4815 7717777171777,
930 4765 1010 4820 quam
1032 4751 1144 4819 eclipsin
1164 4749 1266 4804 factam
1288 4769 1348 4803 esse
1369 4751 1464 4822 quinto
1486 4767 1553 4804 anno
