3412 5538
552 351 1058 439 Del’oterlllloctrlna'l'ernpornm·
1252 347 1260 359 '
1388 333 1450 408 ltt
1581 327 1583 334 Α

106 493 207 572 menia,
222 478 292 560 'nis
313 499 500 580 panselenos
516 490 651 582 (latinis
665 499 753 576 Idus,
773 499 854 582 quod
869 501 988 586 species
1003 499 1086 565 orbis
1099 499 1204 567 Lunae
1227 501 1319 584 plena
1341 495 1399 566 dat
1414 508 1448 566 et

107 579 250 668 cuidam),
272 585 338 650 alia
354 586 404 669 inp
418 611 467 652 aas
481 607 549 664 reu3
573 588 693 651 etiamsi
707 590 821 670 phasee
837 591 1030 673 cognomines
1046 597 1106 653 non
1122 609 1241 676 semper
1257 609 1325 655 cunr
1338 591 1448 656 diebus

106 674 142 737 sic
156 675 241 738 dictis
256 676 446 742 coincidunt
475 678 577 761 Atque
592 678 651 742 hoo
664 679 754 741 modo
770 679 862 743 etiam
877 680 948 742 anni
964 686 1096 762 aguntur
1111 681 1275 744 secundum
1292 678 1405 756 Solem,
1421 679 1448 744 si
1522 693 1525 702 '

105 764 224 828 inannis
239 765 463 848 4recipiantur
477 767 542 832 dies
561 765 654 842 1461,
670 768 789 831 etiamsi
803 788 864 832 uon
873 769 1000 852 quilibet
1007 787 1111 832 eornm
1126 769 1167 831 sit
1179 768 1374 846 dierum365,
1393 770 1449 833 sed
1469 841 1470 848 ¹

105 853 204 934 pn'nrus
220 853 342 918 diemm
359 857 440 932 sot,
456 857 605 920 secundus
619 851 694 933 376,
710 858 820 921 tertius
830 857 904 934 354,
919 865 1046 942 quartus
1062 851 1136 922 377.
1165 857 1309 940 Aguntur
1324 865 1357 922 et
1372 865 1448 922 tunc

104 943 164 1005 suni
178 943 348 1008 secundum
364 943 481 1022 Solem,
504 946 530 1009 si
545 945 611 1009 dios
626 944 665 1009 ab
682 947 872 1029 aequinoctio
887 947 1083 1012 denominata
1097 953 1181 1010 m'eta
1196 948 1246 1022 sit,
1261 949 1342 1011 circa
1357 967 1449 1032 quam
1562 971 1567 996 ¹

103 1049 195 1094 rerum
209 1034 440 1116 aequinoctium
454 1041 602 1120 perpetuo
611 1035 748 1104 ¹oberret
784 1037 864 1100 Nam
883 1036 942 1100 hoo
958 1043 1041 1100 oertc
1056 1053 1117 1099 non
1137 1037 1276 1100 leoemnt
1290 1037 1449 1120 Aegyptii,

104 1121 200 1204 quippe
215 1123 266 1204 qui
284 1123 377 1201 diem,
392 1144 469 1207 quae
477 1124 563 1187 initio
573 1123 755 1206 possederat
768 1126 998 1208 aequinoctium,
1012 1125 1098 1207 passi
1114 1131 1186 1188 sunt
1201 1125 1240 1190 ab
1256 1126 1448 1210 aequinoctio

102 1211 187 1292 magis
200 1212 364 1296 magisque
381 1214 545 1278 ascendere
560 1217 716 1296 totumque
733 1233 843 1278 annum
857 1215 1028 1279 naturalem
1042 1215 1215 1297 pervagari.

177 1301 236 1364 Hic
251 1303 428 1385 praeterire
449 1321 509 1366 non
523 1318 662 1385 possum,
684 1303 755 1386 quin
771 1303 909 1368 criticum
923 1321 1013 1384 agam
1034 1304 1094 1368 loci
1110 1321 1149 1367 ex
1164 1302 1294 1367 Gemino
1310 1303 1449 1385 allegati,
1494 1315 1500 1332 “

103 1389 144 1472 qni
157 1389 278 1472 integer
293 1393 470 1474 exscriptus
486 1400 536 1455 est
551 1412 570 1455 a
584 1391 713 1456 Petavio
726 1397 757 1464 (Ι,
771 1395 832 1465 ln).
856 1393 923 1474 Ego
938 1411 994 1474 pro
1009 1413 1044 1456 1ο
1059 1398 1146 1456 corre
1160 1413 1236 1456 saro
1249 1393 1289 1474 γ’,
1309 1390 1397 1474 ἤγουν
1410 1413 1449 1455 το

102 1499 212 1560 smper,
227 1481 397 1563 legendnm
417 1482 558 1545 existimo
574 1503 648 1544 κατα
666 1483 698 1557 Γ,
713 1478 802 1564 ἤγουν
815 1503 893 1545 acra
906 1503 984 1563 spec,
1006 1488 1060 1545 aut
1075 1483 1101 1544 si
1116 1482 1213 1546 mavis
1228 1503 1304 1544 rara
1317 1503 1357 1545 aa
1370 1503 1449 1562 apsa.

102 1568 244 1633 liecenset
260 1571 435 1648 oraculum,
458 1572 536 1653 qnod
551 1571 583 1634 in
597 1570 697 1652 legem
712 1578 781 1634 erat
799 1577 1027 1635 transsumtnm.
1065 1569 1202 1634 Oracula
1217 1589 1290 1634 vero
1305 1578 1341 1634 ut
1355 1570 1449 1634 variis

102 1659 255 1722 utebantur
271 1660 515 1742 aenigmatibus,
538 1659 582 1723 sio
598 1659 690 1723 etiem
707 1659 909 1724 adhibuerunt
920 1661 1134 1736 characteres,
1157 1661 1256 1743 qualis
1272 1668 1342 1724 erat
1355 1659 1450 1724 litera

102 1747 288 1829 Pythagorae
305 1753 343 1827 Y,
358 1750 456 1832 qualis
472 1755 505 1812 et
520 1749 725 1832 diphthongus
739 1750 826 1814 Elin
839 1749 991 1813 vestibulo
1007 1748 1112 1830 templi
1127 1749 1290 1832 Apollinis.
1319 1748 1374 1814 sio
1389 1751 1449 1816 hoc

101 1836 160 1898 loco
181 1839 341 1903 oraculum
358 1839 488 1921 jubebat
508 1843 595 1901 θοοιο
615 1859 692 1902 auro
713 1840 752 1915 Γ,
779 1839 951 1903 sacrificare
973 1840 1138 1902 secundum
1163 1839 1284 1904 literam
1309 1837 1449 1903 Gemma

103 1923 237 1990 Geminus
259 1929 360 2010 igitur
373 1929 572 2010 interpretem
587 1928 653 2008 aglt
666 1928 774 1992 literae
797 1931 835 2003 Γ,
865 1927 1012 1991 subdens:
1041 1923 1129 2010 ripam
1148 1949 1226 1991 κατα
1248 1949 1335 2012 spon,
1360 1927 1449 2011 quasi
1545 1995 1552 2006 ,

103 2014 218 2092 diceret,
240 2018 370 2082 literam
385 2019 414 2080 Γ
429 2018 462 2081 irr
477 2017 598 2095 oraculo
614 2034 682 2080 esse
705 2018 896 2080 numeralem.
926 2016 971 2081 Et
984 2035 1057 2080 vero
1072 2017 1200 2080 voculae
1222 2039 1298 2081 ausu
1313 2039 1383 2098 spru
1397 2017 1448 2080 rel

102 2127 134 2166 oo
146 2125 209 2187 apro
223 2115 357 2189 propter
372 2105 597 2170 similitudinem
613 2114 647 2168 et
660 2107 816 2170 literarum
826 2113 858 2170 et
872 2105 940 2170 'soni
955 2107 987 2170 in
1001 2126 1078 2169 suso
1087 2128 1200 2188 surpra
1215 2106 1449 2189 degenerarunt

102 2193 144 2257 Ita
156 2195 226 2258 mrhi
241 2197 385 2273 videtur;
409 2195 583 2260 consideret
596 2195 754 2259 Petavius.
871 2226 872 2236 ¹

179 2284 215 2360 3)
238 2283 391 2369 Sequitur
412 2285 522 2349 tertius
543 2284 632 2348 locus*
644 2302 682 2348 cx
695 2285 912 2361 Plutarcho,
928 2303 986 2368 quc
1001 2283 1149 2348 Patavina
1164 2283 1322 2348 existImat
1337 2283 1444 2350 decla-

103 2373 169 2450 rari,
189 2375 291 2456 qualis
309 2375 401 2439 luerit
416 2393 512 2438 annus
527 2383 664 2437 vetemm
679 2373 875 2438 Graecorum.
911 2373 1008 2456 Atqui
1023 2373 1050 2435 is
1065 2373 1141 2436 nihil
1156 2373 1238 2437 aliud
1254 2372 1335 2454 agit,
1358 2391 1449 2454 quam

105 2463 173 2543 quod
186 2463 216 2526 in
231 2463 384 2528 Solonem
398 2470 553 2528 auctorem
569 2465 687 2526 confert
701 2463 977 2528 denominationem
991 2462 1079 2524 unius
1095 2456 1155 2524 diei
1170 2462 1292 2537 mensis,
1315 2468 1347 2526 et
1363 2462 1447 2526 ordi·

104 2571 162 2614 nen
175 2554 357 2618 numerandi
372 2553 583 2635 retrogradum
597 2571 706 2615 versus
720 2553 818 2616 finem.
861 2552 908 2615 At
922 2570 984 2615 nou
998 2551 1068 2613 ideo
1084 2549 1229 2632 sequitur,
1252 2569 1372 2632 semper·
1385 2549 1447 2631 ipsi

107 2637 200 2705 Soloni
216 2663 297 2721 eam,
314 2663 391 2725 qnae
406 2643 456 2722 as
468 2663 580 2705 suerso
597 2642 764 2716 dicebatur,
778 2641 924 2704 habuisse
938 2640 1050 2722 phasin
1064 2639 1166 2715 istam,
1180 2640 1335 2722 multoque
1349 2640 1449 2703 minus

108 2733 243 2812 sequitur,
267 2741 344 2798 ante
361 2733 454 2796 etism
468 2730 613 2796 Solonem
629 2729 842 2796 calendarium
863 2729 1052 2794 Graecorum
1070 2728 1192 2804 usuale,
1215 2729 1245 2792 h
1261 2748 1286 2792 s.
1302 2737 1409 2812 typum
1429 2749 1449 2793 a

105 2817 198 2884 Lunae
219 2822 359 2886 motibus
379 2823 542 2886 deductum
563 2821 757 2903 respondisse
780 2819 1020 2902 apparitionibus
1041 2818 1147 2881 Lunae
1171 2825 1320 2900 perpetuo
1342 2817 1449 2882 eodem

106 2911 197 2986 modo;
226 2912 362 2976 historia
375 2911 445 2993 ipsa
459 2911 616 2974 reclamat
646 2909 826 2992 Quanquam
847 2929 908 2973 non
930 2907 1011 2971 omni
1032 2906 1223 2971 dubitatione
1240 2914 1345 2984 vacat,
1367 2907 1449 2990 quod

106 2997 302 3078 Plutarchus,
324 3000 449 3066 Christo
470 2997 638 3082 posterior,
657 3000 715 3063 hoo
729 2999 826 3082 primo
842 2997 949 3063 Soloni
964 2995 1088 3074 tribuit,
1110 2996 1161 3078 qui
1176 3001 1362 3060 coaetaneus
1378 3003 1447 3058 erat
1471 3056 1477 3067 ,

104 3085 308 3171 Pythagorae,
330 3097 467 3172 tempore
490 3087 681 3170 captivitatis
695 3088 911 3174 Babylonioae.
947 3087 1080 3150 Videtur
1101 3086 1182 3149 enim
1202 3086 1355 3170 antiquins
1377 3103 1446 3154 esse
1565 3131 1573 3150 .
1653 3061 1655 3068 ⁵

104 3175 152 3240 loc
167 3180 423 3244 denominationis
439 3178 621 3242 institutum.
853 3253 864 3262 -
1434 3239 1437 3252 ,

180 3263 217 3349 4)
239 3269 408 3352 Alle'gatur
423 3267 555 3332 Solinus.
591 3268 638 3331 Ao
651 3267 679 3330 is
694 3285 755 3329 non
769 3263 1011 3329 vetustissimam
1027 3261 1099 3327 anni
1115 3262 1299 3328 Graecanioi
1320 3263 1448 3328 formam

104 3353 254 3434 describit,
279 3359 432 3434 sedeam,
454 3375 531 3440 quae
554 3357 678 3419 invecta
699 3363 749 3419 est
769 3355 924 3437 posterius
945 3373 1002 3435 per
1024 3354 1241 3418 octaeteridas.
1286 3353 1357 3417 nesi
1371 3370 1445 3417 vero

104 3441 181 3523 dicit,
201 3447 363 3512 Romanos
379 3467 446 3511 eam
461 3449 604 3522 formam,
625 3445 663 3508 de
678 3464 738 3528 qua
751 3445 818 3526 ipse
834 3443 956 3518 scribit,
978 3441 1064 3506 initio
1079 3443 1244 3524 probasse,
1266 3450 1301 3505 at
1314 3443 1447 3506 testibus

103 3533 162 3598 aliis
173 3539 341 3619 probamus
357 3537 519 3612 diversum,
532 3536 637 3619 itaque
652 3535 733 3598 bona
748 3533 814 3614 ejus
829 3533 920 3595 venie
935 3532 1078 3607 dicemus,
1093 3532 1314 3596 hallucinatum
1330 3551 1399 3596 esse
1414 3533 1446 3596 in

102 3621 166 3701 hoc,
186 3627 269 3712 qnod
292 3647 353 3689 non
374 3627 482 3690 mirum
496 3625 529 3688 in
543 3625 730 3698 recentiore,
752 3624 802 3706 qni
824 3619 943 3686 omnem
965 3620 1180 3704 antiquitatem
1196 3640 1325 3704 eamque
1340 3621 1447 3685 multi-

103 3713 214 3780 nmen
240 3735 300 3779 uno
321 3716 433 3779 intuitu
457 3714 723 3796 complectebatur.
768 3713 884 3775 Verum
899 3716 983 3786 erat,
1006 3709 1145 3774 Graecos
1169 3709 1361 3774 notanterida
1379 3729 1447 3774 oum

102 3803 186 3867 tribus
207 3806 312 3890 plenis
333 3805 488 3868 mensibus
508 3802 744 3867 intercalaribus
765 3801 934 3875 invexisse,
957 3799 1013 3862 sed
1034 3800 1237 3881 posteriores,
1258 3800 1350 3882 paulo
1373 3807 1446 3864 ante

103 3889 263 3958 Matonem:
286 3913 392 3958 verum
407 3894 513 3958 itidem
528 3900 613 3968 erat,
633 3891 789 3954 Romanos
810 3897 932 3952 veteres
955 3889 1146 3952 ootaeterida
1163 3887 1352 3954 Graecorum
1367 3907 1446 3972 pro-

102 3977 197 4062 basse,
221 3985 278 4049 sed
294 4003 363 4047 earn
376 3983 578 4048 vetustiorem
594 3996 661 4044 cunr
674 3982 697 4045 4
712 3977 945 4042 intercalaribus
959 3976 1118 4053 brevibus,
1141 3997 1230 4062 quam
1253 3973 1392 4062 equidem
1406 3979 1446 4043 ab

103 4067 148 4134 ills
166 4075 370 4138 recentiorum
398 4071 587 4137 Graecorum
609 4069 812 4145 octacteride,
835 4087 924 4150 quam
947 4064 1070 4130 Solinus
1093 4068 1250 4150 exprimit,
1279 4088 1340 4133 non
1361 4068 1446 4132 deri-

102 4171 208 4227 verunt
238 4163 324 4244 Ergo
341 4164 411 4226 dnm
430 4163 484 4237 ait,
498 4161 655 4225 Romanos
664 4159 812 4241 probasse
828 4157 1020 4221 octattnida
1030 4156 1191 4233 Graecam,
1207 4176 1247 4221 ex
1262 4159 1447 4240 coarguitur

103 4252 219 4333 amplius
243 4252 374 4336 aliquid,
397 4271 486 4336 quarn
507 4250 656 4314 indicavit
677 4248 824 4312 hocloco
846 4246 985 4322 Solinus,
1006 4247 1146 4312 nimirum
1168 4245 1306 4312 Graecos
1328 4264 1446 4330 quoque

101 4339 205 4417 priores
227 4339 444 4406 intercalarios
466 4341 575 4404 breves
591 4339 704 4403 similes
719 4337 867 4402 Romanis
889 4336 1052 4413 habuisse,
1074 4344 1240 4420 quaternos
1255 4338 1287 4400 in
1302 4336 1391 4403 annis
1407 4333 1444 4410 83

102 4445 152 4492 uon
164 4449 236 4496 vero
259 4432 369 4512 longos
384 4437 417 4494 et
430 4430 554 4512 plenos,
576 4435 681 4492 ternos
694 4428 830 4491 inauris
846 4428 882 4502 ὃς
916 4426 1053 4490 confudit
1074 4425 1198 4490 Solinus
1221 4423 1445 4506 nscnguerrne,

103 4517 196 4602 quippe
213 4520 264 4603 qui
281 4521 319 4584 de
337 4521 386 4584 his
401 4519 492 4583 rebus
507 4526 596 4583 tanto
612 4517 736 4599 scripsit
749 4515 939 4591 incuriosius,
955 4516 1035 4596 quod
1049 4516 1247 4598 pertinebant
1261 4513 1302 4578 ad
1316 4519 1443 4576 exteros

102 4617 251 4692 essentque
274 4610 387 4673 dudum
407 4608 535 4674 danitae
572 4605 724 4672 Conciliat
736 4605 893 4682 Patavina,
909 4606 936 4668 si
950 4612 1070 4686 potest,
1093 4603 1232 4669 Solinum
1254 4617 1355 4666 secum
1370 4601 1440 4681 ipso

101 4699 222 4779 propius,
244 4699 396 4781 quomodo
412 4696 534 4762 Graeca
555 4697 720 4760 octaetcris
742 4695 785 4759 sit
804 4716 823 4757 a
842 4694 991 4758 Romanis
1011 4694 1099 4758 initio
1121 4693 1269 4777 probata,
1292 4688 1442 4770 siquidem

101 4799 141 4860 aa,
159 4794 193 4850 ut
206 4787 369 4854 contendit
384 4787 515 4868 scriptor
535 4805 574 4849 ex
590 4785 712 4860 Solino,
733 4784 755 4848 3
776 4803 897 4848 menses
919 4783 1132 4847 intercalarius
1154 4779 1282 4844 habuit?
1320 4777 1438 4843 Verum

101 4875 221 4958 qudem
237 4883 318 4954 erat,
332 4876 501 4960 superfluos
518 4873 556 4942 ll
566 4868 601 4962 Ἰ,
620 4873 687 4941 dies
700 4873 798 4941 cedes
812 4873 1033 4956 mrrltiplioatos
1055 4872 1176 4936 efficere
1198 4867 1264 4932 dias
1280 4864 1339 4944 90,
1360 4875 1437 4948 quot
