3406 5542
183 263 267 374 ἰιι
701 319 1043 386 mauruntus,

200 469 281 552 quod
294 467 397 534 versio
412 467 538 551 antiqua
552 467 655 542 labet,
669 473 704 540 ιιι
717 465 921 548 profiteretur.
957 467 1020 531 llbi
1035 465 1201 532 nomana
1214 465 1312 550 primo
1328 465 1469 540 omnium,
1484 485 1547 530 uon

199 577 320 640 semper
338 558 418 621 idem
433 577 518 632 esse,
539 555 684 632 describi,
706 553 954 638 daeoypupaudes,
976 556 1056 640 quod
1070 561 1232 634 τιμωσθαι,
1262 556 1343 640 qnod
1367 565 1418 620 est
1434 574 1546 618 census

199 649 319 712 minine
343 649 462 711 solvere
485 655 601 710 certam
622 645 769 727 pecuniae
793 665 940 709 summam
969 655 1024 709 aut
1047 655 1163 709 certum
1186 663 1337 710 nummum
1361 645 1547 708 censualem.

198 739 279 801 llam
300 745 334 799 et
354 737 431 799 laec
449 743 503 797 est
522 735 624 816 aliqua
645 735 825 816 descriptio,
846 741 882 798 nt
902 735 999 798 habet
1013 735 1140 818 antiqua
1153 737 1265 810 versio,
1286 736 1350 798 sive
1367 753 1478 797 census
1494 733 1547 796 vel

198 827 352 900 recensio,
372 833 407 888 nt
421 825 517 887 babet
530 825 749 900 Tertullianus,
771 825 891 906 qnando
906 823 1011 906 capita
1025 831 1223 888 recensentur
1244 841 1405 905 eorumque
1427 841 1547 886 summa

199 917 330 980 refertur
343 915 375 978 in
390 914 630 977 commentarios
661 911 764 977 Servit
779 913 898 994 quidem
914 914 1070 979 inventum
1083 914 1141 977 boc
1156 914 1312 996 politicum
1321 911 1547 995 descriptionis,

200 1001 297 1068 seruit
320 1003 442 1086 inquam
465 1001 673 1066 exactionibus
697 1010 730 1064 et
753 1002 939 1066 sectionibus
964 997 1001 1084 (a
1024 1022 1149 1085 qnorum
1172 1003 1270 1066 altero
1292 1021 1352 1065 roa
1375 1001 1548 1065 Teutonica

200 1089 377 1174 ὕιιιιιιιιις)
394 1109 483 1172 qnam
499 1093 619 1173 optime,
633 1100 669 1154 at
682 1110 741 1155 nou
757 1109 876 1173 semper
890 1111 999 1155 census
1015 1093 1117 1174 agitur
1132 1091 1301 1156 unctionis
1316 1111 1418 1156 causa
1463 1091 1548 1154 Nam

198 1191 231 1246 et
246 1182 285 1244 ad
300 1199 400 1244 mores
414 1180 499 1244 utilis
514 1190 563 1243 est
578 1199 687 1244 census
702 1187 736 1244 et
749 1181 789 1243 ad
804 1181 1015 1263 dispertienda
1022 1182 1126 1264 popnd
1141 1181 1298 1245 commoda
1311 1182 1392 1244 iuter
1407 1179 1548 1261 singulm

198 1279 232 1334 et
244 1269 374 1334 maxime
390 1269 520 1332 omnium
535 1270 574 1332 ad
589 1270 794 1333 defensionem
807 1271 1000 1352 reipublicae.
1044 1272 1115 1333 Non
1130 1271 1206 1334 dicit
1227 1271 1321 1352 igitur
1335 1269 1452 1344 Lucas,
1474 1270 1547 1332 An-

197 1369 319 1442 gustum
343 1359 482 1440 exegisse
504 1369 624 1440 partem
646 1360 826 1440 aliquotam,
849 1367 926 1444 puta
949 1359 1125 1424 vicesimam
1150 1360 1344 1436 facultatum,
1368 1367 1403 1423 ut
1428 1359 1546 1425 fantum

196 1449 313 1513 Rornae
329 1467 408 1511 anno
425 1449 476 1510 51.
492 1456 526 1512 et
539 1449 590 1512 58.
598 1448 736 1512 Juliano:
759 1468 815 1511 nec
829 1449 993 1514 verisimile
1008 1459 1068 1524 est,
1082 1449 1301 1531 Augustumid
1316 1447 1462 1530 temporis
1478 1447 1547 1509 lle-

196 1539 263 1601 rodi
277 1539 425 1602 tributum
445 1538 504 1601 hoc
524 1538 703 1619 imposuisse
723 1544 812 1601 aula
834 1539 964 1604 subditis
983 1539 1049 1620 eJus
1072 1537 1186 1621 aliquid
1207 1557 1316 1602 census
1332 1537 1450 1600 nomine
1467 1555 1546 1599 exe-

196 1627 339 1710 gisseni
355 1627 632 1708 aprovincialibns.
675 1628 755 1690 Nam
777 1629 847 1711 qnid
871 1629 1007 1692 diferret
1021 1647 1147 1710 regnum
1169 1627 1372 1710 sprevistis,
1394 1627 1421 1690 si
1438 1625 1548 1690 eadem

196 1717 353 1797 utriusque
369 1723 475 1780 essent
489 1717 602 1779 onera?
623 1718 709 1780 Haec
724 1717 818 1800 igitur
832 1719 998 1800 descriptio
1008 1718 1181 1800 quaerenda
1195 1718 1283 1781 nobis
1298 1717 1394 1780 estin
1407 1715 1547 1796 Joseplru

196 1805 286 1887 inque
301 1805 457 1870 historicis
471 1805 634 1881 Romanis,
655 1814 689 1869 ut
704 1807 769 1887 ejus
785 1826 864 1871 anno
879 1808 1003 1872 invento
1019 1807 1168 1871 nativitas
1183 1808 1277 1870 etiam
1292 1805 1408 1870 Christi
1427 1823 1547 1886 angus-

196 1894 326 1958 tioribus
348 1895 486 1958 terminis
508 1897 771 1959 circumscribatur
792 1915 883 1978 quam
897 1897 1054 1960 hactenus
1100 1895 1190 1968 Quod
1211 1896 1373 1960 historicos
1387 1893 1548 1958 Romanos

197 1984 327 2059 attinet,
349 1985 472 2066 longum
487 1993 571 2048 esset
585 1985 731 2066 originem
745 1994 779 2048 et
794 1986 1039 2049 circumstantias
1054 2005 1195 2050 censuum
1211 1993 1348 2048 actorum
1364 2004 1469 2046 omnes
1489 2003 1547 2046 ex-

197 2073 329 2156 plicare3
353 2073 485 2138 sudreiat
500 2075 587 2138 nobis
596 2074 772 2138 cassiodori
789 2075 1003 2157 compendiosa
1016 2076 1139 2151 mendo,
1155 2073 1282 2148 Oeonas,
1299 2073 1405 2156 inquit,
1420 2073 1549 2137 Romo·

194 2181 306 2226 mura
329 2163 442 2226 ιίυιιιιιι
459 2163 583 2246 primm
597 2162 727 2228 &aaa
746 2163 876 2238 iuuerit,
900 2183 976 2228 asoa
987 2165 1149 2248 Aeaeos
1164 2185 1225 2248 per
1245 2165 1348 2228 ordea
1369 2160 1548 2246 ampliata

194 2251 285 2314 llulti
308 2271 336 2314 n.
352 2269 461 2316 census
477 2253 539 2315 auti
558 2272 635 2316 nnnc
651 2261 777 2318 senatus
792 2273 871 2318 nunc
887 2255 995 2317 civium
1010 2254 1215 2317 Romanorum
1228 2256 1311 2317 intra
1325 2255 1444 2327 urbem,
1465 2269 1548 2314 nuno

198 2339 329 2403 omniurn
345 2341 439 2404 etiam
454 2350 543 2404 extra
557 2342 676 2417 urbem,
698 2361 777 2406 nunc
793 2363 901 2406 census
916 2344 1043 2416 ltaliae,
1065 2363 1144 2407 nunc
1159 2343 1382 2424 provinciamm
1405 2340 1547 2422 singula·

195 2449 270 2494 mm.
299 2430 418 2494 Primus
433 2431 637 2494 Romanorum
652 2429 708 2495 Gn.
723 2433 886 2514 Pompejus
907 2434 1008 2514 captis
1022 2433 1222 2514 Jerosolymis
1235 2433 1372 2495 Judaeae
1396 2431 1548 2494 tributum

196 2519 340 2600 imposuit
363 2527 435 2582 ante
457 2527 586 2583 mortem
605 2519 737 2584 Herodis
759 2523 846 2584 annis
868 2521 920 2585 60.
964 2523 1079 2586 Postea
1101 2522 1158 2585 sub
1180 2521 1317 2584 civilibus
1338 2521 1548 2584 Romanorum

156 2649 160 2664 .
195 2608 284 2671 bellis
299 2609 487 2688 gravissimis
509 2610 718 2674 exactionibus
734 2631 754 2672 a
769 2609 878 2674 Cassio
894 2629 1044 2675 concussa
1060 2619 1110 2674 est
1123 2611 1251 2674 Judaes.
1281 2609 1371 2682 Quod
1385 2629 1459 2672 vero
1475 2609 1547 2672 An-

195 2704 317 2779 gustum
340 2697 468 2774 attinet,
490 2698 517 2761 is
539 2718 661 2762 censum
681 2699 800 2782 populi,
822 2707 856 2762 ut
879 2699 1044 2764 Suetonius
1067 2701 1177 2776 habet,
1200 2699 1345 2782 tetegit,
1368 2699 1498 2782 primum
1514 2705 1548 2761 et

195 2787 332 2849 ultimum
355 2805 422 2850 curn
437 2790 570 2870 collega,
592 2787 722 2852 medinm
738 2789 828 2852 solus.
873 2790 993 2852 Primus
1009 2789 1129 2872 quidem
1149 2789 1193 2868 illi
1209 2797 1296 2852 actus
1312 2807 1392 2852 anno
1410 2787 1461 2852 18.
1478 2807 1547 2850 cnm

195 2876 315 2957 collega
330 2877 372 2939 lt
386 2877 535 2959 Agrippa,
550 2880 600 2960 qni
616 2879 754 2960 sequenti
771 2877 821 2944 19.
830 2878 890 2941 Jul.
904 2897 960 2962 per
975 2877 1096 2943 Gellius
1111 2879 1169 2942 fuit
1184 2879 1396 2953 continuatus;
1419 2877 1547 2940 ultimus

198 2983 277 3028 anno
292 2963 345 3030 58.
361 2985 428 3029 cnm
436 2967 557 3030 Tiberio
572 2968 749 3030 tribunitiae
764 2969 931 3049 potestatis
941 2969 979 3032 ll.
995 2969 1122 3050 collega,
1138 2969 1283 3050 quamvis,
1296 2975 1331 3030 ut
1346 2987 1385 3030 ex
1394 2966 1547 3031 Suetonio

194 3054 226 3118 in
241 3053 362 3118 'liberio
376 3063 478 3138 patet,
500 3055 612 3119 dilatus
633 3057 665 3120 iu
680 3055 732 3121 59.
746 3057 916 3133 Julianum;
938 3057 1055 3121 medius
1069 3057 1191 3121 Juliano
1207 3057 1269 3133 38ι,
1289 3065 1326 3120 ut
1341 3075 1379 3122 ex
1393 3075 1547 3120 marmore

195 3143 360 3224 Ancyrano
384 3147 548 3227 superstite
565 3146 724 3227 colligitur.
770 3144 886 3218 Quodsi
908 3147 946 3209 de
960 3148 1067 3210 horum
1091 3165 1233 3210 censuum
1254 3165 1314 3210 uno
1329 3146 1548 3227 intelligendus

196 3239 281 3294 esset
295 3233 496 3316 Evangelista
510 3235 620 3310 Lucas,
636 3235 673 3298 de
688 3235 797 3312 medio,
812 3237 861 3319 qui
876 3237 907 3299 in
922 3235 1076 3300 Juliauum
1091 3236 1149 3300 38.
1159 3237 1314 3320 competit,
1334 3237 1432 3319 accipi
1449 3236 1547 3298 debe-

195 3329 259 3386 ret:
285 3323 329 3386 sic
350 3331 385 3386 nt
399 3324 538 3406 inceptus
559 3343 638 3388 anno
654 3325 706 3390 38.
729 3334 782 3390 ant
796 3325 913 3388 Romae
928 3333 1085 3406 peractus,
1108 3325 1304 3408 sequentibus
1321 3326 1409 3388 annis
1424 3325 1457 3387 in
1471 3343 1548 3406 pro·

196 3411 312 3475 vincias
334 3412 528 3488 transiverit,
550 3433 629 3477 anno
645 3413 697 3479 39.
712 3415 744 3478 in
759 3414 896 3497 Syriam,
918 3435 997 3477 anno
1013 3416 1065 3479 40.
1080 3415 1111 3478 in
1128 3415 1241 3478 socium
1256 3413 1393 3480 Judaeae
1409 3431 1548 3496 regnum.

195 3499 265 3563 Etsi
288 3501 366 3564 enim
381 3501 501 3566 Judaea
519 3502 600 3567 inter
621 3504 794 3584 provincias
815 3505 917 3586 populi
940 3503 1070 3567 Romani
1092 3524 1152 3567 non
1175 3511 1247 3568 tnnc
1270 3505 1338 3580 fuit,
1362 3511 1397 3566 at
1411 3503 1548 3566 Herodis

195 3595 285 3671 pater
309 3589 474 3671 Antipater
494 3591 619 3655 ciuitate
641 3592 781 3656 Romana
803 3594 934 3657 donatus
956 3595 1106 3676 quondam
1128 3601 1212 3668 erat,
1233 3593 1312 3675 quod
1323 3593 1375 3674 jus
1398 3591 1548 3656 edilium

195 3678 349 3742 Herodem
364 3679 500 3744 Judaeae
522 3700 624 3763 regem
639 3683 813 3757 transtulit,
835 3690 867 3744 et
882 3682 1020 3747 Herodes
1037 3683 1131 3746 cliens
1155 3689 1222 3745 erat
1236 3682 1370 3762 Augusti
1387 3681 1549 3764 sociusque

195 3767 299 3848 populi
313 3769 459 3846 Romani3
482 3777 517 3832 ut
531 3771 693 3834 verisimile
709 3772 766 3848 sit,
788 3772 978 3834 occasionem
1001 3772 1196 3854 descriptioni
1215 3771 1351 3835 Judaeae
1373 3771 1549 3852 praebitam

197 3876 217 3918 a
239 3875 331 3920 censu
346 3857 551 3941 Romanqrum
572 3861 681 3924 civium
703 3879 782 3924 enno
805 3860 993 3924 antelmo
1016 3870 1150 3943 peracto.
1194 3861 1275 3924 Nam
1291 3860 1428 3924 diversas
1452 3861 1548 3924 fuisse

197 3963 307 4010 causas
326 3947 482 4031 utriusque
505 3969 613 4012 census
636 3950 824 4014 inconfesse
841 3957 898 4012 est.
934 3950 1051 4013 Romae
1074 3943 1154 4014 enim
1169 3967 1292 4014 censum
1307 3949 1371 4032 egit
1384 3951 1548 4030 Augustus

198 4053 237 4098 ex
250 4053 334 4101 more
351 4037 494 4119 antiquo:
525 4039 685 4121 generales
705 4058 778 4104 vero
802 4032 948 4120 (omniurn
970 4059 1047 4123 quae
1062 4040 1236 4122 possideret
1257 4047 1290 4102 et
1305 4039 1349 4102 sic
1363 4038 1457 4102 etiam
1472 4059 1548 4121 pro-

198 4123 379 4202 vinciarum,
402 4145 477 4210 quas
493 4147 571 4192 anno
590 4128 640 4194 19.
649 4128 709 4194 Jnl.
723 4147 778 4210 pro
794 4147 827 4192 se
842 4129 977 4206 retinuit,
992 4149 1068 4212 quas
1083 4129 1164 4192 iuter
1179 4136 1211 4192 et
1226 4129 1318 4210 Syria
1333 4135 1366 4190 et
1379 4129 1549 4192 Phoenicia

196 4211 294 4296 fuere)
319 4215 538 4297 descriptiones
559 4217 689 4282 faciendi
706 4217 863 4282 consilium
879 4239 957 4282 anno
973 4219 1033 4283 Jul.
1043 4217 1095 4295 36,
1117 4220 1267 4282 referente
1285 4217 1390 4292 Dione,
1411 4218 1548 4298 coepite

197 4303 287 4366 rebus
302 4305 515 4385 praesentibus
521 4325 530 4382 ς
553 4307 584 4370 id
601 4305 684 4370 enim'
695 4309 809 4372 factum
831 4309 877 4372 ait
892 4309 931 4372 ab
946 4308 1088 4389 Augusto
1103 4308 1227 4390 perinde
1249 4315 1285 4370 ut
1300 4307 1401 4370 solent
1415 4305 1547 4387 privati;

198 4399 230 4454 et
251 4395 375 4476 propria
397 4394 517 4477 quidem
537 4415 629 4459 mann
650 4405 810 4462 exaratum
831 4397 924 4461 fuisse
939 4397 1073 4461 libellum
1094 4399 1191 4462 tradit
1211 4395 1351 4460 Tacitus:
1381 4395 1501 4460 indicat
1516 4401 1548 4459 et

196 4491 414 4562 argumentum,
430 4503 504 4567 opes
518 4485 665 4566 publicas,
681 4495 826 4569 quantum
843 4487 952 4550 civium
967 4487 1174 4569 sociorumque
1191 4481 1283 4569 (quos
1297 4487 1379 4549 inter
1394 4493 1427 4548 et
1442 4485 1546 4548 Hero·

197 4569 244 4632 dis
259 4571 346 4653 regni
360 4567 494 4655 incolae)
517 4573 547 4636 in
565 4575 671 4652 armis,
693 4583 768 4658 quot
783 4576 915 4651 classes,
937 4595 1031 4657 regna
1048 4571 1141 4660 (quae
1156 4576 1237 4638 inter
1252 4583 1285 4638 et
1298 4570 1449 4657 Judaea),
1471 4593 1545 4658 pro·

195 4657 326 4735 vinciae,
350 4661 466 4726 tributa
481 4671 534 4726 aut
548 4663 714 4745 vectigalia
729 4672 761 4728 et
776 4665 979 4729 necessitates
996 4685 1032 4728 ac
1045 4665 1231 4746 largitiones.
1278 4663 1444 4728 Suetonius
1461 4663 1545 4728 simi-

197 4747 268 4811 liter
283 4752 419 4814 meminit
433 4751 574 4827 breviarii
590 4753 687 4816 totins
700 4754 827 4835 imperii,
843 4764 988 4836 quantum
1003 4754 1131 4818 militum
1147 4756 1202 4817 sub
1218 4753 1313 4835 siguis
1327 4753 1438 4836 ubique
1454 4759 1544 4816 esset

200 4835 249 4898 De
272 4837 327 4900 tali
348 4839 451 4920 itaque
466 4841 686 4923 descriptione,
708 4863 769 4926 qua
784 4845 889 4926 capita
903 4851 1100 4908 censerentur
1113 4845 1200 4926 regui
1222 4843 1305 4920 socii,
1318 4843 1433 4906 rectius
1449 4841 1544 4924 accipi
