3406 5542
404 1379 585 1464 Epistola
609 1381 634 1446 1.
678 1379 818 1448 Sethua
842 1380 1035 1448 Calvisius
1057 1379 1198 1446 loanni
1221 1376 1401 1463 lieplero.

713 1493 765 1552 22.
790 1487 876 1572 Maj.
900 1487 976 1554 Jul.
1004 1493 1098 1575 taut.

329 1611 691 1686 Quandoquidena'carha
713 1617 904 1671 Excellentiss.
933 1617 991 1679 Vir,
1019 1616 1044 1670 in
1065 1618 1118 1670 fine
1137 1615 1241 1686 sylvae
1261 1623 1327 1669 tuae
1348 1613 1568 1685 chronologicae

246 1711 339 1765 rogas,
366 1703 397 1748 ut
424 1696 446 1748 si
474 1698 533 1766 quis
560 1713 578 1749 a
602 1703 652 1749 tua
679 1696 812 1765 opinione,
838 1714 893 1768 qua
912 1697 1048 1768 Herodem
1068 1695 1167 1750 statuis
1187 1697 1342 1749 defunctum
1364 1712 1435 1748 anno
1457 1695 1568 1748 Juliano

246 1777 293 1836 42,
321 1776 457 1830 diuersum
482 1776 592 1837 sentiat,
619 1785 647 1829 te
674 1793 727 1829 non
752 1779 844 1848 celare
869 1777 944 1840 velit,
972 1783 1001 1830 et
1021 1793 1073 1846 ego
1094 1776 1228 1846 scaligeri
1241 1769 1412 1829 'sententiam
1434 1776 1470 1828 de
1491 1775 1567 1826 obitu

245 1857 362 1910 Herodis
389 1855 415 1908 in
440 1871 502 1908 mea
527 1855 711 1926 Chronologia
736 1857 794 1910 l'erc
815 1863 880 1910 ante
900 1857 1035 1910 biennium
1055 1854 1223 1925 publication,
1250 1861 1342 1908 statuo
1363 1853 1568 1924 obsequendum

246 1943 312 1988 tuae
332 1936 466 1990 voluntati
488 1935 598 2006 etquid
620 1935 646 1988 in
668 1935 721 1988 tuis
743 1937 911 2005 argumentis
933 1937 1090 1998 desiderem,
1112 1937 1183 2003 apud
1203 1941 1231 1988 te
1247 1934 1464 2004 exprimendum,
1486 1935 1568 2004 idque

246 2015 335 2068 uranio
357 2016 452 2078 antico,
473 2015 512 2069 tui
534 2015 630 2083 cupido
649 2022 678 2068 et
693 2015 817 2068 veritatis
833 2016 1008 2086 inquirendae
1024 2015 1152 2068 studioso.
1173 2015 1202 2068 si
1220 2014 1283 2085 quid
1305 2015 1483 2075 aberravero,
1503 2021 1568 2082 peto

245 2113 289 2148 me
310 2095 409 2156 doceri,
430 2095 452 2148 ai
473 2095 585 2149 liberius
606 2095 711 2157 dixero,
732 2095 797 2149 mihi
818 2095 930 2164 ignosci,
952 2096 1032 2166 idque
1052 2112 1101 2163 pro
1122 2103 1172 2148 tua
1191 2093 1362 2154 humanitate
1376 2101 1405 2147 te
1420 2093 1568 2154 iacturum,

246 2177 327 2244 plane
347 2175 412 2228 mihi
424 2175 569 2248 polliceor.
610 2175 742 2228 Brevibus
764 2175 855 2245 itaque
876 2178 910 2228 ad
932 2182 981 2228 tua
1001 2180 1166 2244 argumenta
1185 2174 1361 2244 respondebo.

326 2253 444 2310 Primum
473 2254 539 2308 dicis
570 2253 604 2314 (r.
632 2272 652 2308 a.
679 2271 705 2323 p.
735 2255 811 2316 182),
842 2272 928 2309 annua
961 2255 1004 2310 15.
1026 2255 1152 2308 Julianus
1173 2260 1216 2306 est
1235 2251 1337 2322 primus
1356 2252 1492 2309 Actiacae
1513 2251 1567 2304 ric·

246 2329 343 2396 toriae,
375 2352 443 2404 ergo
465 2351 551 2388 annm
566 2336 612 2389 51.
634 2341 676 2387 est
696 2335 847 2388 tricesimus
868 2334 1006 2404 septimus.
1047 2335 1209 2404 Responde-o
1230 2335 1265 2386 ad
1287 2335 1466 2386 antecedens:
1494 2332 1567 2386 aliud

204 2409 211 2418 ‘
246 2421 289 2466 est
313 2415 428 2470 Actiaca
447 2413 570 2476 victoria,
597 2414 671 2468 aliud
693 2430 761 2467 aera
779 2415 912 2468 Actiacae
932 2413 1070 2467 victoriae.
1111 2419 1186 2468 Aera
1206 2411 1276 2466 haec
1297 2412 1405 2482 integro
1426 2427 1500 2466 armo
1520 2428 1567 2480 po·

246 2493 344 2552 ttorior
365 2501 408 2547 est
427 2495 543 2549 Actiaca
564 2493 686 2554 victoria,
708 2492 834 2548 instituta
855 2511 906 2548 non
927 2493 1034 2564 quidem
1056 2496 1129 2562 apud
1144 2493 1289 2556 Romanos,
1310 2493 1357 2544 sed
1379 2497 1473 2544 tamen
1495 2493 1567 2560 apud

245 2573 401 2644 Aegyptios
427 2581 455 2628 et
480 2575 515 2626 ab
536 2573 597 2627 aliis
618 2571 795 2626 orientalibus
816 2573 978 2635 nationibus,
1000 2573 1045 2643 qui
1066 2591 1098 2624 eo
1119 2580 1243 2642 tempore
1264 2571 1457 2625 Calendarium
1479 2571 1567 2624 Julia-

245 2650 308 2706 nunt
334 2661 496 2722 receperunt
523 2661 552 2706 et
572 2653 613 2708 sui
635 2653 697 2706 anni
719 2653 870 2723 aequabilis
896 2652 999 2706 britium
1024 2655 1108 2706 fixum
1133 2653 1266 2714 fecerunt,
1293 2651 1373 2722 idque
1394 2669 1430 2706 ex
1453 2653 1567 2704 senatus

154 2747 156 2758 ¹
245 2736 376 2787 consulto.
404 2733 467 2800 (Dio
489 2734 533 2786 lib.
555 2727 612 2793 51.)
653 2733 715 2786 Alio
742 2733 846 2785 nomine
873 2741 987 2786 vocatur
1012 2731 1082 2785 haec
1108 2748 1177 2785 aera
1201 2733 1236 2784 ab
1263 2747 1378 2784 excessu
1397 2731 1512 2786 Antonii
1537 2737 1565 2783 et

246 2820 330 2882 capta
349 2813 529 2873 Alexandria,
550 2820 581 2864 ut
601 2817 643 2864 ost
664 2815 736 2880 apud
755 2815 942 2866 Ptolomaeum
963 2821 992 2866 ot
1012 2813 1190 2872 Clementem
1217 2811 1282 2864 item
1297 2811 1361 2864 anni
1375 2817 1564 2881 Augustorum

210 2937 214 2949 .
245 2895 374 2950 Deorum.
416 2893 482 2946 Cum
504 2891 588 2962 igit-ur
603 2899 698 2944 'annuo
719 2893 807 2960 spatio
829 2892 1083 2948 differantActiaca
1104 2890 1219 2944 victoria
1240 2897 1268 2944 et
1283 2890 1495 2945 aeraAct-iacae
1509 2890 1563 2942 ric·

246 2973 343 3032 toriae.
370 2989 456 3026 annua
477 2971 603 3024 Julianus
625 2973 670 3026 51.
692 2962 749 3024 'non
770 2977 942 3040 potestesse
964 2987 1049 3025 minus
1070 2971 1117 3025 37.
1142 2971 1275 3024 Actiacae
1295 2969 1435 3023 victoriae.
1458 2970 1565 3024 Deinde

246 3069 306 3105 cum
328 3052 344 3106 ii
367 3053 430 3106 anni
439 3051 570 3108 Actiacae
591 3050 721 3104 victoriae
741 3051 871 3119 incipiant
891 3069 908 3105 a
928 3051 972 3104 die
993 3051 1038 3105 29.
1053 3051 1181 3120 Augusti,
1204 3056 1399 3104 attainen'non
1413 3051 1449 3102 ad
1465 3065 1564 3104 annum

246 3139 398 3186 currentem
425 3131 572 3193 lulianum,
602 3132 649 3182 sed
676 3132 710 3184 ad
736 3139 880 3200 sequentes
906 3131 1041 3184 Calendas
1067 3129 1183 3182 conferri
1209 3131 1305 3192 solent,
1337 3129 1362 3183 id
1390 3131 1463 3200 quod
1491 3137 1520 3182 et
1539 3129 1565 3181 iu

246 3212 320 3264 hisce
346 3212 423 3264 annis
445 3211 520 3265 etin
541 3210 704 3264 Diocletiani
726 3211 811 3270 annis,
837 3210 882 3280 qui
903 3210 1025 3278 ejusdem
1045 3209 1155 3279 generis
1176 3217 1246 3270 sunt.
1273 3209 1417 3262 manifeste
1438 3215 1564 3278 apparot.

244 3298 336 3360 Atque
361 3291 412 3343 hoc
436 3293 514 3345 niodo
541 3307 627 3344 annus
652 3290 754 3359 primus
774 3290 905 3344 Actiacae
926 3290 1057 3343 victoriae
1082 3296 1209 3344 conset-ur
1229 3305 1391 3342 concurrere
1412 3305 1474 3342 cum
1495 3305 1564 3341 auno

216 3424 226 3436 ,
249 3357 292 3426 li.
308 3370 425 3440 Julhtno.
449 3372 486 3424 'L't
500 3370 670 3432 Censorinus,
691 3371 807 3438 optimus
823 3369 993 3440 antiquitatis
1014 3370 1123 3430 uindex,
1145 3376 1286 3438 comparat
1305 3363 1405 3422 annum
1426 3367 1566 3422 lulianum

245 3452 311 3505 293.
345 3466 405 3504 curn
431 3467 501 3503 anno
525 3449 657 3504 Actiacae
683 3447 814 3504 victoriae
841 3450 906 3512 ¹26i,
938 3449 984 3502 ubi
1010 3446 1155 3502 manifesta
1180 3449 1335 3503 differentia
1359 3464 1493 3502 annonam
1523 3449 1565 3503 16.

244 3529 371 3584 Decimus
403 3530 531 3598 septimus·
562 3529 651 3602 igitur
676 3530 802 3583 Julianus
833 3537 875 3582 ost
896 3529 1029 3583 Actiacae.
1052 3528 1183 3582 uictoriae.
1213 3528 1323 3597 primus.
1379 3529 1454 3581 Idem
1476 3527 1566 3581 evenit

245 3612 271 3664 in
293 3611 370 3662 antris
391 3608 578 3672 Diocletianis,
600 3609 645 3680 qui
668 3625 727 3662 cum
749 3609 880 3678 incipiant
900 3624 971 3662 anno
992 3625 1076 3664 aerae
1098 3605 1272 3662 Christ-ianae
1294 3609 1359 3668 284.
1381 3607 1426 3660 die
1447 3608 1495 3662 29.
1510 3612 1565 3662 Au·

243 3689 327 3760 gusti,
364 3695 455 3742 tamen
488 3707 573 3743 atinus
606 3689 671 3742 295.
705 3690 823 3743 habet-nr
855 3705 903 3758 pro
930 3688 1029 3758 primo:
1065 3689 1291 3758 quemadmodum
1312 3688 1406 3740 ridere
1427 3694 1473 3740 est
1494 3688 1565 3756 apud

243 3769 414 3824 Ambrosium
440 3769 467 3822 in
493 3769 525 3821 iis
551 3769 697 3836 exemplis,
728 3784 799 3838 quae
825 3768 927 3822 adduxi
952 3785 1012 3838 cap.
1035 3769 1080 3822 22.
1103 3770 1238 3838 Isagogee
1260 3767 1497 3838 chronologicae,
1522 3765 1566 3818 ubi

244 3865 331 3902 annus
357 3848 521 3902 Diocletiani
554 3851 599 3903 76.
631 3850 769 3902 confertur
799 3865 859 3902 cunr
889 3865 959 3906 anno
990 3865 1073 3902 aerae
1101 3847 1274 3902 Christianae
1300 3847 1367 3902 360.
1409 3847 1455 3901 Sic
1482 3861 1568 3900 mnus

243 3928 329 3982 Diocl.
352 3931 398 3982 89.
426 3945 487 3981 cum
508 3945 578 3982 anno
600 3927 699 3981 Christi
721 3929 787 3991 373,
815 3928 853 3982 sic
874 3944 961 3981 annus
981 3927 1068 3981 Dioel.
1091 3929 1137 3982 93.
1160 3943 1220 3981 cum
1241 3943 1312 3981 anno
1327 3927 1393 3981 377.
1424 3928 1456 3982 ln
1472 3926 1568 3998 quibus

243 4009 377 4077 exemplis
398 4008 520 4062 omnibus
542 4024 628 4062 annus
650 4009 750 4061 Christi
770 4009 901 4078 vulgatus
923 4009 989 4062 285.
1010 4007 1130 4062 habetur
1150 4023 1199 4076 pro
1213 4007 1300 4076 primo
1313 4005 1491 4066 Diocletiani,
1507 4022 1566 4058 oum

243 4095 335 4142 tamen
359 4077 426 4156 ejus'
446 4088 517 4142 Thot
542 4087 634 4142 inierit
659 4103 729 4142 anno
759 4089 825 4142 284.
846 4089 890 4141 die
917 4087 962 4142 29.
983 4087 1113 4158 Augusti.
1148 4087 1270 4146 ¹Novitas
1295 4086 1382 4157 igitur
1407 4091 1437 4139 et
1456 4093 1569 4155 praeter

243 4171 398 4237 exemplant
426 4167 582 4221 introduct-a
606 4167 715 4221 uidetur
740 4167 819 4230 ratio,
849 4167 872 4220 ai
898 4165 979 4234 hujus
1004 4167 1115 4238 generis
1141 4183 1225 4222 annos
1246 4181 1391 4220 numerare
1412 4165 1528 4220 velimus
1549 4182 1568 4218 a

219 4247 400 4316 praeteritis
428 4237 555 4300 Calendis
581 4247 707 4301 ianuarii
734 4249 798 4301 anni
823 4247 950 4301 labentis.
991 4248 1130 4316 Exempla
1154 4249 1236 4316 plura
1261 4246 1325 4300 addi
1342 4251 1471 4316 possunt
1499 4261 1569 4316 quae

243 4328 416 4381 inveniuntur
431 4329 502 4394 apud
520 4327 710 4397 Epiphaniam,
725 4327 881 4387 Eusebium,
898 4327 1059 4397 Evagrium,
1075 4325 1179 4381 Bedatn
1193 4334 1223 4380 et
1237 4324 1319 4380 alios:
1341 4327 1389 4378 aed
1403 4343 1459 4378 non
1474 4343 1567 4380 neces·

242 4423 301 4459 sum
323 4425 383 4460 esse
404 4407 532 4466 arbitror,
554 4407 720 4460 contrarium
740 4407 810 4460 enim
832 4409 987 4476 exenrplum
1008 4423 1051 4460 me
1072 4408 1169 4477 legero
1189 4423 1242 4459 non
1261 4405 1377 4463 memini.
1404 4405 1467 4460 Non
1484 4403 1568 4476 igitur

242 4503 329 4540 annus
350 4487 404 4540 lul.
426 4487 471 4540 51.
494 4487 646 4557 comparari
666 4493 759 4557 potest
778 4503 838 4540 curn
859 4503 929 4540 anno
951 4485 998 4542 37.
1012 4487 1146 4542 Actiacae
1166 4486 1307 4548 victoriae,
1328 4487 1376 4538 sed
1397 4485 1490 4554 potius
1511 4501 1567 4536 curn

242 4581 315 4621 anno
342 4566 389 4628 ³5,
422 4571 451 4618 et
483 4583 570 4620 annus
596 4566 643 4621 37.
670 4565 802 4623 Actiacae
826 4566 958 4628 victoriae
985 4566 1038 4620 erit
1064 4582 1151 4620 annus
1176 4567 1231 4620 lul.
1259 4565 1305 4621 53.
1347 4565 1392 4618 Sic
1414 4581 1502 4618 annus
1523 4565 1566 4618 26.

242 4646 373 4701 Actiacae
394 4644 534 4708 victoriae,
555 4663 608 4717 quo
629 4647 753 4700 Christus
774 4653 855 4698 natus
875 4646 1003 4702 scribitur
1024 4659 1043 4701 a
1063 4647 1205 4702 Clemente
1227 4652 1255 4699 et
1270 4645 1399 4708 Eusebio,
1422 4645 1493 4700 alius
1508 4661 1565 4697 esse

242 4741 294 4778 non
314 4732 414 4794 potest,
436 4741 517 4794 quam
539 4743 624 4780 annus
647 4729 692 4781 st.
714 4726 848 4780 lulianus.
1214 4729 1216 4734 '
