3428 5542
33 259 36 268 ’
157 305 159 308 -
251 257 315 326 278
669 271 1121 340 commentatiunculam

250 419 382 486 duaciae
397 417 545 485 indultum
558 417 605 482 iri.
648 417 726 500 Legi
741 418 821 483 cuim
834 425 904 480 tuas
920 417 1063 493 rationes,
1074 436 1134 498 ,nec
1149 416 1250 480 inveni
1266 415 1433 500 quicquam,
1454 415 1537 498 qnod
1550 435 1598 480 me

252 511 344 574 aliter
358 529 474 574 mecum
489 509 555 591 ipso
571 506 685 570 sentire
696 507 812 589 jubeat,
828 525 917 590 quam
932 506 1037 570 ultimo
1054 506 1171 588 scripsi.

338 601 386 664 Ne
406 618 478 664 vero
494 595 613 661 libellus
635 597 695 660 iate
715 597 757 660 eit
779 597 861 660 eolus
884 602 916 658 et
936 602 972 658 ut
990 614 1108 659 rursum
1129 593 1234 658 tacitis
1257 594 1317 658 tuis
1340 593 1597 658 admonitionibus

251 679 412 771 obsequar,
427 687 477 771 qui
492 687 645 750 mentione
660 685 816 752 literarum
830 686 910 748 inter
925 705 982 748 noe
992 686 1097 749 crebro
1108 684 1327 748 missitatarum
1342 691 1375 747 et
1388 684 1597 766 publicatione

250 779 340 859 hujus
362 785 433 841 tuae
455 775 614 859 Epiatolae
631 775 743 840 viderie
773 797 792 839 a
814 771 861 837 rn'e
883 781 1032 839 maturam
1057 775 1175 837 illarum
1199 773 1435 856 publicationem
1463 773 1599 856 exigere,

251 865 359 950 qnippe
375 886 464 948 quam
478 864 659 947 promissam
674 887 693 929 a
708 885 755 929 me
770 864 873 947 legisti
888 865 920 927 iu
935 883 1048 946 nupero
1064 882 1131 927 meo
1146 862 1247 926 libello
1265 868 1297 934 (a
1311 887 1331 921 ι.
1352 887 1376 938 p.
1386 868 1460 933 206),
1474 881 1597 928 moras-

251 975 307 1038 que
328 975 413 1020 meas
434 955 508 1019 mihi
524 955 720 1036 exprobrare:
749 954 829 1037 quod
850 953 943 1035 igitur
967 954 1121 1018 commodo
1137 953 1320 1035 reipublicae
1342 953 1499 1017 literariae
1524 953 1598 1016 sub·

206 1062 208 1068 ·
251 1046 385 1128 aidioque
400 1044 525 1108 veritati
540 1045 640 1121 cedat,
656 1045 818 1125 adjungam
832 1043 966 1125 Eclogas
982 1042 1150 1109 chronicas
1166 1062 1205 1106 ex
1220 1042 1357 1124 epistolia
1373 1043 1435 1107 tuis
1450 1043 1598 1108 allorum-

251 1154 307 1217 que
324 1141 356 1198 et
371 1135 446 1199 meio
467 1132 587 1209 mutuis,
602 1153 662 1197 non
679 1133 868 1197 dissimulato
877 1133 926 1195 vel
936 1152 1099 1215 suppresso
1115 1140 1167 1195 tuo
1183 1132 1311 1207 nomine,
1326 1140 1361 1195 ut
1377 1133 1414 1195 de
1430 1139 1463 1195 te
1480 1139 1514 1194 et
1530 1131 1599 1195 aliia

252 1226 352 1288 facere
369 1225 583 1308 cogitaveram.
627 1223 706 1288 Illud
722 1229 826 1286 tamen
841 1241 964 1305 operam
979 1222 1073 1296 dabo,
1094 1229 1129 1284 ut
1146 1241 1217 1284 vere
1234 1221 1406 1298 exhibeam,
1428 1221 1511 1304 qnod
1525 1240 1600 1303 pro-

250 1315 347 1390 fiteor,
361 1313 500 1395 Eclogaa
509 1313 647 1376 nimirum
663 1312 848 1376 chronicae:
873 1331 943 1375 nam
958 1311 1097 1393 quicquid
1119 1311 1159 1372 ad
1174 1319 1386 1392 temporanea
1402 1311 1601 1393 spectaverit

250 1404 398 1478 omittam',
413 1403 552 1487 quicquid
568 1402 607 1465 ad
621 1402 743 1483 privata
757 1402 912 1485 utriusque
927 1400 1066 1482 negotia,
1088 1400 1227 1483 quicquid
1242 1408 1367 1482 praeter
1382 1400 1602 1482 chronologica

250 1493 289 1555 ad
304 1493 450 1556 honorem
465 1499 519 1556 aut
533 1491 692 1556 ludibrium
701 1491 877 1555 alterutrius
893 1491 1079 1554 amalevolis
1089 1490 1169 1552 trabi
1184 1497 1300 1571 posset,
1316 1490 1400 1570 cujus
1416 1491 1602 1571 scriptorem

250 1582 363 1662 pudere
380 1583 450 1646 olim
465 1589 579 1663 posset,
593 1599 763 1664 quanquam
778 1581 818 1644 nil
834 1580 947 1661 hujus
933 1599 999 1661 Jam
1013 1579 1142 1654 memini,
1165 1579 1197 1641 id
1212 1599 1284 1642 vero
1300 1585 1399 1642 toturn
1415 1579 1512 1642 sicubi
1529 1579 1602 1661 qnid

85 1657 91 1669 ”
130 1729 133 1738 ,
251 1672 416 1735 occurrerit
430 1691 491 1734 una
504 1670 596 1734 litura
611 1671 758 1734 inducam

336 1760 428 1824 Ex
401 1779 466 1840 eJua
481 1759 550 1825 libri
564 1759 695 1823 lectione
711 1778 799 1841 spero
815 1758 946 1822 lectores
961 1779 1022 1822 non
1038 1765 1157 1821 tantum
1170 1755 1273 1820 hoc
1244 1715 1371 1833 mauros,
1393 1764 1464 1820 nter
1481 1755 1603 1820 meliori

245 1849 313 1932 jure
335 1850 367 1912 iu
383 1870 438 1912 sua
460 1849 613 1914 sententia
634 1849 849 1931 permanserit,
872 1848 974 1952 qnod
966 1869 996 1911 ru
1011 1847 1157 1930 principio
1181 1854 1252 1909 tuae
1269 1846 1419 1939 epistolae
1435 1846 1599 1928 professus

251 1959 293 2015 ee,
309 1946 341 2002 et
355 1947 423 2003 uter
439 1957 472 2000 ee
482 1958 592 2021 passus
608 1939 699 2002 luerit
714 1939 751 2022 de
762 1939 851 2002 rebus
861 1937 983 2000 maximi
998 1936 1141 2000 momenti
1158 1935 1268 1998 erudiri
1285 1928 1445 1999 nataliter
1460 1936 1601 2012 institui;

251 2028 304 2092 sed
319 2035 516 2110 percepturos
533 2029 626 2090 etiam
641 2047 707 2092 cum
722 2029 760 2091 de
775 2029 833 2092 hac
849 2035 913 2090 tum
923 2027 960 2089 de
976 2027 1043 2090 aliis
1059 2025 1238 2109 quibusdam
1248 2025 1484 2089 cohaerentibus
1501 2045 1600 2108 quae-

159 2191 162 2197 ·
252 2117 400 2182 ationibua
416 2137 477 2180 non
492 2118 742 2182 contemnendam
757 2137 795 2180 ex
810 2117 962 2181 rationum
978 2115 1119 2180 conflictu
1135 2115 1199 2178 veri
1216 2114 1429 2196 cognitionem.

337 2207 463 2270 Interim
485 2208 552 2271 vale
576 2216 608 2270 et
629 2208 660 2270 in
681 2206 885 2272 emaculandis
906 2207 967 2271 tuis
981 2205 1167 2288 temporibus
1184 2211 1307 2267 atrenue
1323 2217 1434 2286 perge,
1457 2211 1601 2290 ntltento

250 2295 347 2360 minus
363 2297 431 2361 aliis
446 2296 599 2380 relinquas
613 2297 759 2361 materiae
775 2305 894 2362 tuorum
917 2295 1168 2380 corrigendorum.
1205 2293 1305 2356 Lincii
1318 2293 1405 2357 XVI.
1424 2292 1494 2358 Cal.
1510 2295 1602 2358 Febr.

250 2386 329 2449 anno
346 2405 436 2448 aerae
453 2385 694 2451 Christianorum
709 2386 940 2452 occidentalium
957 2385 1052 2461 1614,
1068 2384 1116 2466 qui
1132 2383 1254 2446 esttibi
1270 2404 1289 2444 a
1305 2382 1470 2446 nativitate
1483 2382 1603 2448 christi

254 2473 347 2550 1616,
362 2475 434 2539 mibi
451 2471 543 2540 1619.

1165 2593 1305 2660 Jounnea
1318 2593 1512 2678 Kepplam
