3412 5538
620 299 1003 414 matemautensem
1065 283 1068 288 “
1419 281 1480 350 147

138 437 246 521 primus
262 447 317 504 est
333 461 405 506 anm
397 381 657 519 'ldaoedonioi,
648 444 708 526 rpsi
718 444 783 562 jam
797 403 959 530 numerant
971 463 1106 508 mensem
1120 446 1288 540 septimum,
1311 445 1407 527 quasi
1405 451 1483 510 ants

138 536 280 602 semestre
297 551 382 595 anno
396 531 526 612 incepto.
710 563 712 568 ·

220 633 307 707 Quia
333 635 483 702 Seleucus
504 641 562 702 hoo
582 658 661 704 anno
681 639 781 702 uictor
801 639 922 723 Syriam
946 647 980 703 et
999 641 1198 724 Babyloniam
1221 641 1394 723 occupavit,
1419 641 1482 704 sive

135 724 273 807 quiahoc
290 747 374 791 anno
384 727 558 811 Antigonus
574 749 629 792 rex
637 729 734 793 Asiae
749 731 858 806 factus,
872 736 947 812 puto
963 731 1135 812 provincias
1151 733 1288 813 exemplo
1296 731 1483 794 Judaeomm

135 813 269 895 coepisse
294 835 456 880 numerere
479 837 589 882 novam
612 837 714 882 aeram
730 819 769 883 ab
791 827 949 896 autumno,
971 839 1054 883 more
1073 821 1289 898 Macedonum,
1312 820 1371 883 etsi
1392 837 1482 901 reges

134 902 342 986 sequebantur
357 907 450 970 aliam
464 927 523 971 uno
538 927 618 971 auno
632 908 778 972 minorem
794 903 993 992 (Appianus).

215 1009 336 1075 Potest
358 1013 453 1076 etiam
472 1013 552 1090 fieri,
574 1022 610 1076 ut
630 1014 690 1077 hoo
711 1035 790 1078 anno
814 1024 923 1098 coepta
945 1016 1036 1079 fuerit
1058 1015 1146 1079 condi
1168 1014 1240 1078 urbs
1254 1013 1423 1098 Antigonia
1443 1015 1481 1078 ab
1540 1083 1547 1096 ,

132 1099 309 1182 Antigono,
334 1119 418 1184 quae
430 1111 504 1185 post
527 1105 566 1167 13
583 1123 679 1166 annos
702 1125 721 1167 a
736 1104 864 1169 Seleuco
882 1105 918 1168 de
938 1125 1017 1168 novo
1034 1105 1157 1168 condita
1180 1113 1211 1167 et
1224 1103 1391 1168 Antiochia
1407 1121 1481 1186 cog-

133 1189 293 1254 nominata
317 1200 368 1254 est
389 1187 541 1276 (Eusebn)
578 1193 699 1258 Dicitur
722 1193 801 1257 enirn
822 1195 899 1258 haec
921 1215 994 1258 aera
1015 1195 1086 1258 anni
1100 1193 1294 1257 Antiocheni.
1324 1193 1430 1258 Utitur
1446 1211 1483 1256 ee

130 1277 340 1362 Albategnrus
349 1282 537 1345 Araecenus
560 1281 620 1346 Est
630 1288 731 1346 autem
740 1283 845 1351 Areua
855 1279 991 1366 (Araoh)
1008 1303 1171 1366 superrorrs
1181 1283 1290 1365 Syrrae
1305 1283 1386 1347 urbs.
1409 1283 1482 1346 Alio

129 1368 246 1430 nomine
271 1389 350 1434 aera
371 1369 434 1434 ista
455 1373 493 1435 ab
508 1372 613 1436 Arabe
635 1371 687 1435 illo
706 1372 920 1437 Dhillrarnaim
940 1373 1063 1449 dicitur,
1086 1373 1171 1455 quasi
1196 1391 1269 1436 aera
1291 1371 1411 1436 cornuti
1433 1371 1482 1434 vel

128 1465 337 1536 comutorum,
351 1459 385 1523 id
400 1468 448 1524 est
463 1451 698 1537 Seleucidarum,
721 1481 756 1524 eo
773 1463 853 1544 quod
868 1461 1014 1527 Seleucus
1029 1463 1207 1545 pingeretur
1222 1470 1366 1526 cornutus
1384 1456 1481 1542 (Sca-

127 1545 202 1628 liger
226 1556 359 1612 secutus
381 1545 555 1634 Bodinum)
601 1549 682 1622 Quia
703 1569 775 1613 vero
805 1553 898 1616 etiarn
919 1551 1102 1618 Alexander.
1117 1552 1301 1634 pingebatur
1330 1557 1482 1625 cornutus,

127 1636 214 1698 facile
230 1639 305 1700 lieri
319 1639 433 1720 potuit,
453 1647 488 1702 ut
504 1660 522 1703 a
538 1637 626 1722 Syris
642 1649 821 1716 erraretur,
831 1649 863 1704 et
877 1661 933 1724 pro
949 1641 1078 1705 Seleuco
1092 1641 1303 1705 Alexandrum
1326 1645 1483 1702 cornutum

128 1725 347 1791 subsumentes
370 1747 471 1792 aeram
487 1729 656 1792 Alexandri
678 1749 734 1811 pro
757 1750 829 1793 aera
851 1730 970 1795 cornuti
993 1731 1143 1805 dicerent;
1175 1750 1228 1794 seu
1250 1729 1320 1812 quie
1341 1729 1482 1809 hireges

129 1833 232 1878 omues
249 1823 346 1880 erant
362 1836 400 1880 ex
414 1817 584 1882 Alexandri
598 1819 746 1901 posteris,
768 1820 894 1902 ideoque
910 1839 984 1884 aera
997 1820 1088 1894 haec,
1109 1818 1202 1883 ducta
1224 1839 1264 1881 ex
1285 1837 1320 1881 eo
1337 1827 1483 1899 tempore,

130 1923 184 1988 quo
202 1923 316 1970 omnes
332 1926 400 1970 sese
415 1927 504 1990 reges
520 1908 715 1990 scripserunt,
731 1908 841 1973 dicitur
857 1929 929 1973 aera
942 1909 1206 1974 Alexandreorum
1222 1916 1254 1971 et
1270 1907 1395 1971 abusive
1411 1923 1484 1969 aera

127 1991 303 2058 Menandri
318 1999 540 2079 (posterorum,
562 1998 764 2080 subintelligit
779 1999 896 2102 peritus
911 1992 1045 2084 aliquis).
1083 1997 1186 2062 Causa
1201 1997 1408 2072 verisimilior,
1431 2011 1484 2060 cur
1543 2071 1548 2084 Ι

129 2101 197 2146 aera
211 2085 391 2149 Alexandri
407 2086 568 2162 diceretur,
584 2087 666 2152 nulla
682 2087 821 2150 occurrit

198 2191 303 2256 Nam
318 2187 510 2276 Scaligerum
525 2201 599 2274 puto
616 2200 669 2256 aut
684 2193 814 2258 fabulari
829 2202 884 2257 aut
897 2193 1050 2269 hariolari,
1067 2193 1116 2277 qui
1131 2208 1254 2256 causam
1269 2192 1357 2274 hujus
1374 2190 1483 2274 appel-

128 2275 278 2344 lationis
268 2302 303 2344 rn
318 2281 474 2363 periodum
489 2281 610 2364 Galippi
626 2285 753 2359 confert,
769 2304 856 2366 quasr
847 2281 1068 2365 “calippus
1039 2303 1109 2346 ιιιο
1126 2283 1290 2345 etiamnum
1303 2281 1484 2345 Alexandro

127 2369 156 2430 in
171 2370 311 2434 futurum
328 2371 515 2448 ordinasset,
538 2373 657 2456 quando
683 2391 756 2435 aera
770 2372 941 2436 Alexandri
963 2372 1119 2434 deberet
1110 2371 1195 2434 rnire.
1229 2371 1326 2452 Atqui
1341 2369 1483 2472 periodus

128 2457 254 2542 Calippi
271 2459 313 2523 18
330 2461 417 2523 annis
433 2467 525 2524 antea
541 2468 685 2543 coeperat
701 2460 739 2524 ab
756 2459 815 2523 alio
830 2461 917 2525 initio
934 2480 1024 2543 quam
1040 2461 1078 2523 ab
1088 2467 1246 2523 autumno:
1264 2479 1320 2522 nec
1337 2464 1386 2521 est
1400 2457 1483 2520 veri·

128 2548 237 2624 simile,
252 2557 375 2636 tantam
390 2551 604 2614 auctoritatem
620 2549 788 2614 accessisse
803 2547 873 2612 huic
888 2550 1091 2613 numerationi
1114 2569 1153 2612 ex
1168 2548 1257 2612 unica
1273 2547 1394 2628 Calippi
1410 2566 1483 2608 sen-

126 2639 243 2714 tentia,
269 2646 306 2701 ut
329 2645 402 2720 post
426 2638 686 2702 turbulentissima
708 2647 848 2720 tempora
871 2639 1059 2720 reciperetur
1084 2659 1103 2700 a
1126 2635 1284 2719 provincia
1307 2635 1484 2717 longissime

128 2725 299 2792 aGraecia
314 2735 439 2790 remota
484 2726 615 2791 Omnino
632 2747 707 2809 opus
724 2735 773 2790 est
787 2727 908 2810 publico
924 2745 1075 2792 consensu
1090 2725 1280 2809 popularium
1295 2733 1328 2788 et
1344 2724 1484 2787 occasio·
1547 2735 1551 2740 '

127 2815 214 2879 uibus
232 2815 435 2881 evidentibus.

215 2925 320 2998 Anne,
335 2923 405 3006 quia
420 2924 452 2986 in
466 2943 551 2987 nova
562 2923 708 2986 divisione
717 2923 939 3005 provinciarum
954 2942 1051 2986 novae
1066 2922 1152 3002 leges
1167 2922 1251 2984 latae
1267 2943 1287 2984 a
1300 2918 1491 3004 principibus·

128 3011 356 3078 confoederatis
371 3013 559 3088 Ptolemaeo,
582 3010 722 3089 Seleuco,
742 3012 941 3095 Lysimacho,
964 3031 1041 3095 quae
1056 3011 1259 3074 incommune
1275 3011 1424 3084 valerent,
1447 3027 1486 3072 ex

129 3121 256 3166 eo¹aera
269 3102 535 3166 Alexandreorum
552 3101 635 3168 dicta
650 3101 721 3177 fuit,
735 3101 873 3184 intellige
889 3099 1061 3167 Alexandri
1076 3117 1300 3176 successorum,
1317 3106 1371 3162 aut
1387 3097 1484 3161 simile

129 3192 198 3272 quid
213 3191 362 3254 Eumenis
379 3197 548 3254 commento
565 3197 729 3252 statutum:
754 3198 788 3253 ut
804 3191 884 3254 sicut
897 3191 963 3266 ille,
984 3189 1087 3272 posita
1102 3209 1200 3253 vacue
1215 3187 1386 3252 Alexandri
1408 3187 1486 3250 sella

129 3299 194 3344 curu
210 3285 353 3362 sceptro,
374 3281 461 3344 velut
482 3281 521 3342 ad
536 3287 732 3360 praesentem
746 3280 956 3344 Alexandrum
978 3278 1160 3342 convocavit
1182 3279 1274 3342 duces
1290 3277 1321 3340 in
1337 3283 1485 3352 senatum,
1559 3333 1563 3341 .

129 3369 170 3434 sic
180 3370 250 3452 jam
268 3387 373 3432 omnes
389 3369 409 3431 b
424 3368 593 3451 principes,
615 3368 744 3432 nummis
760 3368 841 3432 cusis
858 3387 925 3432 cum
941 3368 1040 3449 effigie
1054 3367 1235 3443 Alexandri,
1258 3385 1344 3429 suum
1359 3364 1485 3448 quilibet

129 3466 236 3522 auctor
259 3477 369 3522 nomeu
392 3457 511 3521 addidit
533 3477 600 3522 cum
621 3476 744 3520 numero
761 3475 907 3520 annorum
922 3457 1011 3537 hujus
1032 3455 1188 3520 instituti?
1217 3455 1286 3518 Huc
1306 3455 1385 3518 enim
1399 3455 1482 3517 refe-

129 3548 255 3612 rendum
278 3547 414 3622 omnino,
436 3546 515 3628 quod
534 3545 663 3627 legimus
683 3546 765 3626 apud
779 3544 959 3620 Diodorum,
981 3545 1203 3620 Ptolemaeum,
1226 3543 1435 3608 Cassandrum
1450 3549 1484 3606 ot

127 3637 345 3719 Lysimachum
365 3655 472 3718 paoem
486 3654 553 3698 oum
567 3635 724 3715 Antigono
741 3635 867 3710 iecisse,
888 3633 1071 3704 Macedonia
1093 3641 1127 3696 et
1141 3631 1274 3698 Graecia
1296 3631 1482 3706 Cassandro,

128 3725 262 3790 Thracia
275 3725 472 3810 Lysimacho,
487 3725 631 3806 Aegypto
646 3723 824 3786 Ptolemaeo
841 3742 996 3798 concessa,
1012 3723 1108 3786 donec
1123 3723 1202 3786 filius
1217 3721 1387 3786 Alexandri
1403 3721 1481 3784 ado-

126 3814 277 3891 lesceret,
299 3833 367 3876 cum
390 3813 536 3877 Seleucus
557 3813 687 3875 haberet
707 3812 905 3894 Babylonem.
941 3813 1022 3875 Nam
1044 3811 1185 3893 Scaliger
1208 3805 1275 3892 (fol
1296 3805 1377 3896 400)
1400 3809 1482 3892 regis

127 3861 305 3986 Lysimachi
327 3921 436 3967 nomen
452 3921 519 3966 oum
535 3901 635 3982 effigie
658 3908 787 3964 cornuta
802 3902 939 3978 exhibet,
960 3920 1021 3964 uon
1037 3899 1196 3976 dubitans,
1218 3899 1302 3963 illam
1318 3919 1385 3962 esse
1400 3899 1480 3964 Ale·

127 3993 245 4056 1andri.
275 3992 356 4056 Vide
372 4000 476 4055 tamen
490 3991 584 4054 etiam
600 3996 691 4072 atque
708 3990 814 4066 etiarn,
837 4011 876 4054 an
892 3989 967 4053 ille
958 4009 1024 4071 rpse
1040 4007 1177 4052 nummus
1194 3988 1326 4070 effigiem
1339 3986 1482 4052 habuerit

128 4081 251 4146 Seleuci
267 4087 426 4144 cornutam
439 4087 475 4142 ut
489 4079 630 4152 victoris,
650 4079 879 4182 inscriptionem
901 4098 973 4142 vero
995 4077 1077 4160 regis
1097 4077 1273 4161 Lysimachi
1295 4084 1330 4140 ut
1350 4077 1425 4140 victi
1447 4081 1480 4141 et

128 4173 218 4236 occisi
241 4191 262 4233 a
284 4167 427 4234 Seleuco·
454 4167 708 4232 monumentum
700 4168 828 4248 rusignis
848 4167 1012 4242 victoriae,
1033 4187 1093 4250 qua
1114 4167 1239 4230 mirifice
1258 4166 1387 4246 legimus
1410 4183 1479 4226 cese

123 4259 263 4342 jactasse
278 4258 448 4325 Seleucum.
485 4257 528 4322 Et
543 4257 664 4320 Seleuci
678 4275 816 4320 nummos
832 4257 958 4320 eandem
974 4257 1104 4336 effigiem
1121 4275 1188 4320 cum
1202 4255 1416 4336 inscriptione
1417 4250 1478 4314 Se-

127 4349 202 4414 leuci
217 4348 379 4424 habuisse,
394 4347 425 4411 id
439 4347 568 4420 maxime
578 4345 697 4428 probat,
713 4345 784 4427 quia
797 4345 830 4408 in
840 4344 931 4427 Syria
940 4347 1017 4410 haec
1027 4363 1100 4408 asra
1109 4343 1262 4408 invaluit
1253 4361 1343 4426 rnque
1352 4325 1480 4416 Arabia,
1570 4363 1574 4378 ·

128 4457 296 4520 nomenque
312 4436 434 4502 arabice
448 4433 661 4500 Dhilkarnaim
677 4433 872 4497 obtinuit

211 4547 286 4610 Non
307 4545 403 4624 igitur
424 4542 517 4606 solius
533 4540 670 4623 Cyrenes
692 4540 879 4602 consuetudo
902 4539 974 4615 fuit,
995 4545 1030 4601 ut
1053 4537 1152 4602 eidem
1174 4535 1332 4618 Scaligero
1348 4533 1479 4598 videtur.

126 4633 205 4698 Nam
220 4635 302 4697 alter
318 4651 457 4697 nummus
471 4630 649 4705 Alexandri,
671 4646 760 4711 quem
775 4627 914 4709 Scaliger
929 4627 1041 4708 tangit,
1056 4646 1123 4691 ouur
1139 4627 1240 4730 effigie
1255 4621 1384 4688 leoninis
1400 4639 1478 4686 exu-

127 4724 181 4788 riis
204 4729 334 4798 oruata,
355 4729 492 4824 tempore
506 4719 589 4800 prior
604 4737 673 4782 esse
688 4716 790 4799 potuit
803 4717 862 4782 bac
878 4717 1003 4799 epocha,
1026 4716 1134 4798 quippe
1154 4715 1280 4797 quinon
1295 4709 1421 4790 alicujus
1438 4729 1477 4774 ex

126 4813 330 4896 principibus,
351 4809 436 4884 sed
428 4807 523 4892 rpsius
536 4806 707 4876 Alexandri
727 4805 957 4888 inscriptionem
976 4805 1088 4881 habet,
1107 4802 1246 4865 rivoillo
1266 4798 1477 4882 proculdubio

1213 4899 1268 4956 10
