3396 5540
658 247 764 312 eclogae
791 247 935 298 chronicae.
1388 255 1449 314 387

129 415 311 484 foederatos
333 419 550 503 alloqueretur
571 422 603 488 in
626 423 775 488 transitu.
811 423 893 488 Nam
917 425 1082 490 marinoni
1106 423 1234 506 fidebat,
1258 435 1295 492 ut
1317 433 1452 512 apparet
1531 467 1534 474 ·

131 529 169 572 ex
191 508 256 572 Titi
285 509 395 574 itinere
420 531 480 595 per
508 531 597 574 mare
618 512 822 594 Aegyptium,
853 513 1019 597 quispam
1046 535 1173 596 quoque
1199 518 1391 598 praevertit:
1420 523 1453 581 et

132 603 239 660 mareu
262 604 358 680 pater
377 603 444 684 J'am
466 605 537 664 erat
548 600 742 666 Ptolemaide
761 608 835 666 ante
851 601 949 669 filium
970 601 1065 684 idque
1083 623 1155 666 cum
1178 607 1328 670 exercitu.
1358 605 1453 670 Vides

131 691 307 768 utrumqne
329 693 361 752 et
388 693 512 770 patrem
537 695 569 752 et
599 688 699 754 filiurn
728 690 818 754 ivisse
839 689 959 772 hieme,
987 699 1066 775 puto
1089 713 1197 756 meuse
1220 694 1348 774 Martio,
1379 715 1452 760 aum

132 775 270 840 martimo
293 781 341 840 est
363 777 509 842 hdesturn
531 798 630 842 mare.

211 885 395 942 Calvisius
420 890 507 958 (rapiat.
527 891 614 957 vni:
644 889 735 944 'fertio
756 888 832 947 Tit-ua
851 891 1038 946 Alexandriae
1064 907 1113 961 per
1133 891 1248 946 hiemem
1272 893 1351 948 citius
1371 911 1452 965 quarn

133 975 298 1034 speraverat
323 983 418 1021 manus
445 968 559 1024 militum
585 969 667 1038 cogit.
710 969 851 1023 Profectus
879 987 946 1042 ergo
974 989 1006 1024 eo
1033 971 1085 1024 init
1111 970 1137 1026 in
1164 971 1262 1034 hieme,
1289 990 1341 1027 non
1368 975 1452 1042 primo

132 1063 207 1108 rere,
229 1049 301 1116 quod
323 1049 419 1101 eadem
439 1047 573 1101 facilitate
594 1049 684 1101 dicere
705 1049 840 1118 losephus
859 1050 1002 1118 potuisset.
1267 1056 1270 1065 '

214 1138 413 1222 lieplerus
436 1147 524 1215 (Epist
553 1145 653 1213 vlup:
688 1141 725 1206 In
754 1143 850 1206 tertia
879 1143 1002 1207 ratione
1031 1163 1160 1210 rursum
1190 1143 1351 1228 impingis,
1379 1165 1451 1228 per·

131 1246 258 1304 eriasus,
281 1228 386 1292 'l'itum
402 1226 563 1308 collegisse
577 1229 708 1294 militem
727 1235 917 1314 tempusque
931 1233 1063 1298 trivisse.
1096 1233 1164 1298 lnro
1180 1255 1242 1297 nou
1258 1241 1328 1298 erat
1341 1234 1454 1298 missus

131 1315 176 1380 ad
199 1315 351 1394 delectus,
374 1317 429 1380 sed
448 1323 485 1380 ut
505 1337 543 1380 ex
554 1317 747 1382 Alexandria
769 1318 906 1400 legiones
919 1319 957 1386 V.
971 1322 1054 1386 etX.
1076 1320 1249 1386 adduceret
1271 1328 1303 1386 et
1325 1328 1455 1405 raperet

132 1405 222 1488 patri
245 1404 365 1469 obvias.
399 1401 486 1469 Idem
505 1407 690 1470 Suetonius:
714 1407 837 1479 addit-is
859 1408 902 1470 ad
923 1410 1031 1490 copias
1047 1409 1221 1493 (Syriacas)
1238 1415 1262 1475 2
1280 1410 1454 1492 lapitri-ibus

134 1492 384 1578 t'Aegyptiacis);
408 1515 445 1557 ex
469 1495 578 1558 eodem
595 1503 627 1559 et
642 1493 702 1559 hoc
724 1496 874 1577 legimus:
904 1495 1141 1577 Vespasianum,
1165 1504 1201 1562 ut
1221 1499 1362 1580 proiciam
1378 1517 1458 1579 pra

131 1582 269 1644 sincium
293 1582 412 1664 attipit,
431 1583 600 1662 proxilitas
622 1605 743 1664 proque
765 1585 908 1648 ciiiiates
931 1586 1038 1669 (prind
1061 1593 1155 1651 erant
1177 1587 1397 1671 ¹Sepphoritae)
1420 1587 1460 1664 ia¹

129 1689 163 1734 sc
185 1671 382 1750 contrariisso,
406 1677 545 1744 comesta
566 1673 675 1734 statim
698 1677 875 1736 castrorum
902 1673 1083 1754 disciplina,
1107 1695 1169 1740 arto
1192 1681 1221 1739 ot
1243 1676 1343 1740 (altem
1358 1693 1454 1756 proe-

131 1757 176 1822 lio
205 1759 295 1823 inito.
343 1759 429 1824 Haec
456 1759 562 1825 omnia
589 1759 704 1826 indicia
723 1766 798 1826 sunt
820 1783 964 1826 summae
987 1763 1169 1844 cele1iiatis,
1192 1765 1350 1848 pertinent
1373 1765 1455 1828 enim

130 1846 174 1912 ad
197 1847 327 1912 laudem
349 1847 545 1932 Vespasiani.
592 1849 706 1932 Itaque
733 1851 809 1932 quia
833 1856 886 1915 21.
909 1851 986 1935 Majt
1007 1851 1163 1936 Jotapata
1191 1852 1333 1932 obsessa,
1357 1875 1453 1936 quae·

131 1957 258 2020 cunque
279 1937 367 2020 prins
389 1938 486 2024 gessit
508 1937 732 2021 Vespasianus,
756 1939 842 2004 intra
868 1944 908 2003 14
930 1937 994 2004 dies
1017 1938 1085 2004 fieri
1106 1947 1288 2024 potuerunt,
1312 1950 1343 2008 et
1365 1947 1455 2026 puto,

130 2027 157 2090 si
176 2025 320 2110 LAprili
343 2025 469 2091 demum
492 2027 644 2092 Corintho
667 2025 805 2106 abiisset,
829 2027 914 2112 Majo
933 2033 1001 2113 jam
1017 2049 1084 2093 esse
1098 2031 1240 2114 potuisse
1255 2031 1453 2096 Antioohiae.

211 2145 393 2200 Calvisius
421 2149 509 2218 (Epist.
528 2151 613 2214 viii:
641 2147 745 2210 Quarto
766 2147 832 2210 dixi,
853 2149 988 2203 Neronem
1008 2167 1061 2203 non
1082 2149 1157 2203 initio
1178 2150 1241 2204 anni
1262 2150 1290 2204 in
1311 2151 1455 2204 Graeciam
1558 2181 1561 2186 ·
1672 2165 1676 2174 ’

130 2225 294 2296 proiectum,
315 2229 362 2280 sed
384 2226 410 2280 in
431 2233 547 2288 aestate,
569 2245 629 2282 cum
650 2229 778 2298 Olympia
798 2228 825 2282 in
846 2235 954 2284 aestate
976 2231 1189 2284 celebrarentur.
1211 2231 1255 2286 Ad
1274 2230 1346 2284 hacc
1366 2231 1453 2284 Nero·

130 2323 192 2359 nem
212 2311 270 2359 tarn
290 2308 378 2360 multa
396 2307 537 2377 peregisse
557 2307 661 2374 Romae
682 2323 752 2361 anno
773 2307 882 2362 Juliano
902 2311 965 2372 111,
987 2317 1017 2362 ut
1034 2327 1105 2380 quae
1121 2317 1228 2364 tantum
1244 2311 1316 2378 apud
1327 2310 1452 2365 Tacitum

133 2392 260 2447 exstant,
298 2388 333 2439 ad
366 2402 401 2440 ea
425 2388 587 2458 peragenda
612 2389 656 2440 rei
683 2387 770 2444 tribas
797 2389 832 2441 ad
859 2387 995 2442 minimum
1020 2389 1156 2443 mensibus
1183 2405 1250 2458 opus
1278 2389 1329 2458 ipsi
1362 2389 1454 2443 fuerit.

130 2465 224 2518 'fertio
251 2467 322 2536 quod
344 2465 478 2520 Tiridates
498 2467 632 2520 Neronem
653 2470 748 2520 eodem
768 2483 838 2520 anno
860 2468 987 2522 convenit
1006 2469 1110 2522 Romae
1130 2467 1204 2521 circa
1219 2473 1361 2522 aestatem.
1382 2471 1455 2523 Nam

130 2545 204 2599 Nero
224 2551 339 2614 praeter
360 2545 423 2608 alia,
445 2563 516 2616 qnae
531 2546 641 2600 Tacitus
657 2553 790 2606 recenset,
812 2549 886 2616 apud
901 2547 1069 2617 Xiphiiiunm
1084 2553 1175 2601 certat
1191 2548 1262 2602 inter
1277 2548 1451 2604 citharoedos

131 2631 161 2677 et
186 2631 308 2678 meretur
334 2641 467 2680 coronam.
509 2626 624 2680 Obviam
650 2626 712 2680 inde
738 2627 851 2680 Tiridati
877 2628 1000 2696 procedit
1020 2627 1155 2697 Neapolita
1175 2643 1261 2698 usqne
1282 2635 1311 2681 et
1330 2629 1454 2682 Puteolis

132 2705 210 2759 ludos
240 2703 421 2774 gladiatorios
447 2705 498 2775 ipsi
527 2705 655 2768 exhibet,
686 2722 752 2776 quos
778 2707 1044 2777 magnificentissime
1071 2715 1237 2778 appararet,
1265 2713 1364 2777 postea
1391 2725 1454 2762 eum

131 2785 246 2838 Romam
259 2785 394 2854 ¹traducit
413 2801 568 2857 magnaque
588 2801 688 2855 pompa
708 2786 982 2850 instituta,ooronau1
1003 2789 1028 2841 ei
1050 2787 1184 2857 imposuit.
1225 2787 1455 2856 Peripetasmata,

131 2881 203 2934 quae
225 2864 253 2918 in
274 2869 340 2918 aere
361 2871 478 2920 extensa
498 2873 578 2921 erant
598 2868 632 2919 ad
654 2866 837 2936 defendendos
857 2867 928 2920 Solis
948 2870 1069 2931 ardores,
1096 2883 1237 2938 purpurea
1257 2875 1347 2930 erant,
1368 2868 1456 2938 inquit

131 2943 298 3013 xiphilinus,
329 2951 358 2997 et
382 2952 480 3014 postea
505 2947 615 2999 tandem
641 2946 714 2998 Nero
743 2946 769 2999 in
796 2947 929 3002 Achaiam
955 2947 1073 3002 transiit.
1113 2949 1196 3001 Hisce
1221 2947 1373 3016 rationibus
1401 2965 1454 3018 ego

129 3023 344 3092 propositionem
364 3040 461 3087 meam,
483 3028 553 3096 quod
574 3025 648 3078 Nero
669 3033 726 3080 turn
747 3026 774 3080 in
794 3025 901 3081 Achaia
916 3027 1008 3091 fuerit,
1030 3029 1137 3100 quando
1154 3029 1246 3081 clades
1263 3027 1369 3090 accidit,
1391 3044 1453 3080 con·

131 3103 244 3158 firmari.
286 3104 337 3192 ihr·
354 3111 450 3158 contra
476 3105 538 3176 quid
568 3105 703 3162 attulisti?
744 3106 825 3160 Certe
853 3105 918 3160 nihii
947 3107 997 3160 nisi
1025 3107 1132 3162 inanem
1159 3106 1352 3176 conjecturam,
1382 3107 1454 3176 quod

130 3183 203 3236 Nero
226 3183 253 3237 in
274 3183 407 3237 Jannario
427 3186 565 3252 proiectus
587 3184 631 3248 sit,
652 3202 724 3256 quae
745 3183 903 3256 conjectura
923 3203 1033 3256 prorsus
1054 3189 1128 3241 nullo
1149 3186 1245 3240 nititur
1263 3185 1454 3249 llmdamento3

131 3263 254 3317 violenta
283 3261 369 3333 igitur
399 3264 521 3328 ridetur,
552 3273 615 3318 orta
645 3283 681 3318 ex
710 3275 913 3336 praeconcepta
941 3267 1066 3336 opinione
1094 3268 1128 3320 do
1155 3267 1349 3336 imperatorum
1376 3265 1454 3320 annia

130 3343 314 3396 numerandis.

219 3435 412 3518 Keplerus
432 3443 520 3512 (aput.
540 3447 639 3510 Villi:
667 3437 704 3501 In
727 3442 845 3522 quarta
873 3437 997 3503 ratione
1019 3458 1071 3502 me
1093 3459 1218 3503 exerces
1244 3437 1352 3518 valde3
1380 3458 1453 3522 per·

129 3523 297 3604 suaderes,
325 3525 353 3590 si
374 3524 457 3590 aliae
483 3526 623 3590 rationes
650 3547 713 3592 uon
741 3525 918 3590 obstarent.
963 3527 1035 3591 Non
1063 3531 1172 3590 tamen
1198 3525 1230 3590 id
1258 3526 1366 3605 aliter,
1396 3525 1455 3590 nisi

129 3613 199 3678 solo
222 3612 284 3677 hoo
305 3635 344 3678 ex
366 3613 536 3698 Xiphilino,
560 3613 613 3678 de.
628 3615 884 3697 peripetasmatis
907 3613 949 3679 ad
972 3614 1184 3680 defendendos
1206 3614 1288 3680 Solis
1310 3615 1454 3680 ardores.

128 3701 291 3786 Xiphilino
315 3703 487 3768 etiamnum
514 3723 619 3768 careo.
665 3703 744 3768 Vide
766 3704 876 3785 igitur,
900 3723 944 3768 an
964 3703 1023 3768 hoc
1046 3703 1167 3768 Romae
1193 3702 1314 3768 sactum
1336 3708 1367 3768 et
1389 3723 1454 3768 non

128 3791 239 3874 potius
266 3791 403 3876 Neapoli
438 3797 496 3856 aut
526 3791 666 3856 Puteolis
701 3789 764 3856 fine
798 3792 875 3856 anni
913 3796 985 3857 110.
1020 3796 1079 3857 aut
1118 3793 1213 3857 etmm
1244 3791 1375 3858 Octobri
1402 3792 1455 3856 vel

127 3879 312 3946 Novembri.
346 3879 421 3944 Fuit
442 3879 571 3966 insignis
594 3887 766 3946 anaturnnns
788 3881 883 3946 nimio
907 3881 1014 3946 calore
1032 3887 1064 3946 et
1082 3882 1263 3962 serenitate,
1286 3886 1323 3946 ut
1335 3880 1454 3945 indicat

128 3969 271 4034 Tacitus.
316 3969 430 4052 Itaque
457 3969 565 4034 saeviit
587 3968 707 4034 Romae
730 3969 840 4052 pestis.
885 3968 918 4036 si
939 3969 1017 4064 hoc,
1046 3991 1127 4052 agon
1155 3991 1229 4052 ergo
1252 3970 1453 4036 Neronianus

128 4079 192 4123 non
204 4055 374 4123 Decembri
389 4057 540 4143 schajo
562 4055 685 4136 suisset,
708 4056 793 4140 quod
815 4080 879 4123 non
899 4079 1015 4144 magua
1037 4079 1153 4124 causae
1172 4063 1301 4146 jactura
1314 4078 1454 4143 possum

128 4145 318 4212 concedere.
363 4147 418 4212 Sin
445 4153 556 4212 autem
578 4145 701 4212 Romae
728 4145 761 4212 hi
783 4147 864 4212 Solis
892 4148 1042 4227 ardores,
1071 4147 1287 4232 quaerendum
1315 4167 1335 4212 a
1357 4165 1450 4230 pere·

125 4233 346 4317 grmantibus,
377 4255 419 4298 an
449 4235 546 4301 ctiam
574 4233 734 4300 interdum
760 4235 913 4302 ¹ianuario
936 4237 1057 4302 Romae
1080 4237 1133 4303 Sol
1164 4235 1304 4302 ardeat?
1339 4235 1453 4300 Cetera

126 4324 205 4390 mihi
235 4346 301 4390 non
330 4323 581 4405 incommodant,
612 4345 696 4408 quae
726 4323 871 4391 adducis.
915 4325 964 4390 De
992 4325 1146 4410 Olympiis
1176 4325 1259 4390 enim
1290 4321 1452 4408 respondi,

126 4435 239 4480 eorum
268 4433 390 4478 amum
414 4434 479 4480 nou
507 4411 713 4479 observatum
736 4434 758 4478 a
779 4413 924 4478 Nerone:
953 4411 1021 4478 fieri
1050 4414 1133 4479 enin
1161 4413 1341 4480 debuerunt
1368 4431 1453 4476 anno

129 4508 203 4584 110,
227 4503 297 4588 ipse
319 4499 443 4567 distulit
464 4502 496 4567 in
518 4523 638 4568 annum
666 4501 805 4566 alterum
828 4503 905 4584 (imo
926 4503 959 4566 in
981 4503 1145 4582 tertium),
1168 4521 1280 4583 nempe
1303 4499 1336 4563 in
1359 4520 1453 4563 suum
1517 4507 1521 4514 '

126 4591 314 4658 adventum.
359 4591 472 4674 Neque
495 4591 622 4656 Tacitus
645 4590 741 4675 plura
764 4596 910 4655 recenset
932 4599 1024 4674 gesta
1046 4593 1120 4656 anni
1146 4595 1224 4668 111,
1248 4609 1345 4671 qnam
1368 4608 1452 4670 qnae

125 4701 237 4748 mense
261 4679 419 4746 ianuario
442 4678 511 4744 fieri
534 4681 714 4762 potuerint,
739 4686 775 4744 ut
797 4679 919 4745 frustra
940 4687 977 4744 tu
998 4687 1065 4746 tres
1092 4699 1219 4744 menses
1242 4677 1284 4741 ad
1307 4699 1345 4743 ea
1367 4675 1450 4740 desi·

125 4769 229 4850 deres,
254 4775 315 4834 aut
339 4767 437 4832 etiam
459 4767 567 4851 ipsum·
587 4768 807 4853 Olympiorum
830 4789 982 4848 mensem,
1005 4789 1118 4852 nempe
1134 4767 1262 4832 duilium.
1293 4765 1453 4832 Tiridates
1520 4793 1524 4804 ·

1180 4875 1213 4923 aa
1226 4877 1240 4904 r
