3396 5540
635 231 743 296 Eclogae
768 231 914 283 chronicae.
1367 234 1431 300 3'93

128 425 246 470 menses
275 404 362 489 apud
392 404 543 472 Cestium.
588 405 671 470 Nam
692 425 840 487 expresso
862 405 991 489 Josephi
1012 405 1108 472 verbo
1131 407 1265 490 dacique
1286 411 1431 492 ostendo,

128 495 258 560 haesisse
291 493 362 558 illos
396 499 468 576 post
502 491 627 568 cladem
664 492 761 559 Cestii
793 493 991 576 aliquamdiu
1025 497 1262 580 Hierosolymis.
1315 497 1429 582 Neque

127 584 229 662 rei'ert,
253 582 329 666 quid
351 601 449 666 agens
474 579 596 648 (lesbus
618 581 729 648 audiat
751 581 791 646 de
814 583 950 648 Neronis
970 583 1068 649 itione
1083 583 1116 648 in
1134 585 1285 650 Achaiam
1306 589 1430 652 mittat·

128 693 186 754 que
215 671 408 755 transfugas.
453 672 530 736 Esto
561 691 652 752 sane,
687 676 724 735 ut
753 671 863 736 eodem
893 678 1039 754 tempore
1068 673 1177 738 mittat
1199 673 1270 738 illos
1294 682 1326 765 m
1348 677 1431 740 vires

127 759 250 841 colligat
275 781 355 825 novo
383 757 476 826 bello.
521 759 658 824 Tantum
680 759 758 824 illud
781 761 911 844 cogites,
940 761 1028 844 prius
1050 762 1432 846 nunciumprolectionis

126 848 172 912 rel
197 870 235 912 ex
260 848 391 928 Achaia,
418 847 472 913 ubi
499 847 699 932 parabantur
726 848 874 931 hospitia,
900 849 951 914 vel
979 871 1018 914 ex
1044 849 1115 933 ipsa
1138 850 1218 915 adeo
1240 851 1336 916 ltalia
1357 874 1430 935 per·

126 937 227 1002 venne
255 936 288 1002 in
311 937 434 1022 Syriam
460 957 564 1020 posse,
593 959 690 1020 quam
711 939 874 1009 Naronem
897 957 970 1004 cum
993 939 1192 1023 expeditione
1214 939 1247 1004 in
1268 940 1433 1024 Adiciam,

126 1025 194 1090 licet
216 1025 310 1090 simul
332 1026 458 1092 solvant
479 1026 671 1092 Brundusio.

198 1145 379 1200 Calvisius
409 1147 497 1216 (Epist
516 1149 573 1214 X.):
613 1145 642 1200 Si
663 1146 788 1208 enimcd
808 1153 884 1218 tuam
901 1147 1051 1217 opinionem
1059 1147 1132 1202 Nero
1155 1146 1183 1201 in
1191 1147 1324 1204 Achaiam
1339 1163 1432 1203 mense

125 1224 268 1280 Februario
293 1227 431 1296 protectus
457 1231 512 1279 est:
543 1226 648 1279 Cestius
675 1227 709 1279 de
736 1241 771 1280 ea
795 1226 962 1295 profectione
987 1227 1035 1280 rix
1062 1227 1089 1280 in
1114 1227 1215 1281 Martio
1247 1229 1347 1281 certior
1372 1229 1433 1283 lieri
1527 1223 1531 1234 ’

125 1305 215 1374 potnit.
249 1306 363 1368 Quando
384 1305 443 1374 jem
470 1307 682 1376 apparabantur,
704 1321 774 1376 quae
794 1308 830 1359 ad
850 1307 949 1361 bellurn
970 1307 1125 1360 necessaria
1145 1313 1226 1363 sunt?
1246 1315 1276 1361 et
1297 1311 1429 1378 quomodo

124 1385 195 1438 'l'iurs
216 1403 253 1438 ex
269 1385 376 1440 Achaia
396 1385 517 1438 dimissus
538 1386 629 1456 copias
650 1386 710 1440 illos
730 1385 861 1456 colligere
880 1387 969 1456 potuit
988 1403 1038 1457 per
1057 1386 1192 1442 hiemem?
1212 1388 1243 1441 ln
1261 1388 1432 1442 hiemabaec

124 1473 184 1518 scta
202 1471 274 1528 sunt,
294 1483 347 1520 non
368 1465 395 1518 in
415 1482 486 1520 vere.
929 1527 933 1540 ⁸
1327 1492 1330 1500 ’

205 1574 400 1658 Keplerus
436 1581 525 1651 (apua
544 1584 618 1650 xla:
654 1573 718 1641 Sed
754 1581 786 1640 et
817 1576 937 1658 regeris
967 1573 1133 1655 crambem
1166 1575 1259 1658 quasi
1280 1575 1371 1642 Titus
1394 1596 1435 1642 ex

122 1663 236 1729 Achaia
258 1664 373 1728 nussus
395 1663 491 1728 suerit
506 1663 734 1730 Alexandriam
751 1664 793 1728 ad
811 1661 964 1745 delectus,
985 1685 1060 1730 curn
1077 1665 1280 1744 ostenderim,
1302 1665 1435 1730 mhsum

123 1752 162 1816 ad
182 1751 334 1834 legionen,
358 1757 394 1816 ut
418 1771 471 1816 eas
493 1754 579 1835 patri
600 1760 732 1836 raperet
753 1752 861 1818 obvias
883 1751 1123 1833 Ptolemaidem,
1147 1755 1199 1820 cni
1220 1754 1346 1836 negotio
1369 1775 1435 1820 non
1458 1759 1464 1766 '

123 1861 198 1924 opus
219 1841 281 1905 fuit
303 1840 399 1922 lorrgo
421 1846 575 1923 tempore.

198 1952 380 2006 Calvisius
411 1953 498 2022 (Epist.
517 1955 573 2019 X.):
614 1945 806 2007 Hiemembio
827 1955 861 2007 de
881 1959 1045 2023 tempestate
1062 1953 1221 2024 explicabis,
1242 1960 1286 2008 sat
1301 1951 1365 2018 scio,
1387 1953 1434 2008 sed

125 2031 146 2084 si
164 2033 213 2085 hoc
234 2031 338 2095 licebit,
359 2031 421 2104 quid
442 2031 499 2084 reri
521 2032 573 2085 erit
594 2035 666 2102 apud
687 2033 761 2088 illum
781 2033 956 2104 scriptorem?

92 2137 98 2146 '
204 2142 399 2225 chlerus
435 2149 523 2218 (Epist.
542 2152 617 2216 xla:
652 2143 710 2208 Hic
736 2145 893 2210 tusciam
915 2141 955 2208 de
972 2143 1075 2209 hieme
1099 2141 1213 2208 turbas
1236 2149 1269 2208 et
1286 2142 1435 2208 invidiam

124 2231 195 2296 mihi
217 2231 371 2310 concitas,
394 2232 449 2314 qui
472 2232 654 2315 pro-hieme
685 2231 899 2316 procellosum
930 2253 1022 2299 mare
1045 2239 1077 2298 et
1099 2232 1178 2310 coeli
1200 2232 1435 2297 inclementiam

122 2319 304 2404 intelhgam.
331 2321 430 2403 Atqui
445 2320 526 2385 facio
541 2321 726 2386 illudmore
748 2322 953 2386 usitatissimo
970 2328 1003 2386 et
1021 2321 1151 2402 quidem
1167 2319 1305 2385 naturae
1324 2341 1434 2384 rerum

122 2417 341 2474 consentaneo.
391 2417 508 2486 Xsapar
532 2409 616 2473 enim
639 2415 688 2473 est
710 2429 824 2474 nomen
846 2410 1046 2491 tempestatis
1069 2409 1162 2488 illius,
1190 2429 1276 2493 quae
1298 2413 1436 2492 occupat

121 2499 287 2562 annuatim
316 2497 440 2582 aliquos
469 2497 535 2560 (lies
564 2497 681 2562 mensis
710 2497 880 2562 Februarii
908 2497 957 2561 uel
980 2499 1098 2562 Martii.
1142 2498 1180 2561 ln
1207 2497 1267 2562 hac
1289 2498 1435 2562 Herodes

122 2607 201 2651 anino
229 2587 364 2651 Juliauo
399 2593 428 2652 6.
462 2587 663 2668 naufragium
689 2585 765 2651 fecit
792 2585 878 2668 apud
901 2584 1064 2665 Rhodum;
1099 2584 1177 2650 haec
1208 2585 1319 2670 paucis
1342 2585 1435 2650 annis

121 2683 191 2740 aute
213 2675 322 2741 tenuit
345 2673 583 2758 aequinoctium
610 2674 706 2758 idque
729 2673 871 2738 reddidit·
887 2672 979 2738 ualde
1002 2673 1239 2758 perturbatum,
1263 2681 1300 2737 ut
1324 2673 1435 2739 Cicero

121 2785 157 2828 ex
176 2764 272 2828 ltalia
296 2763 419 2827 soluere
442 2785 506 2828 non
529 2762 677 2841 auderem
701 2763 780 2828 haec
803 2763 917 2828 Xersis
940 2762 1074 2836 classem
1097 2763 1230 2848 disjecit,
1253 2761 1309 2846 qui
1332 2762 1436 2845 primo

121 2873 189 2917 uere
212 2859 305 2918 terra
329 2853 475 2935 marique
498 2851 635 2918 tetendit
658 2851 691 2916 in
714 2851 898 2930 Graecinum
921 2851 1001 2916 haec
1020 2857 1092 2916 erat
1110 2849 1249 2916 Hesiodo
1267 2851 1301 2914 iu
1318 2850 1436 2930 auimo,
1526 2863 1533 2876 ’

120 2941 246 3024 quando
280 2942 408 3023 scripsit
439 2947 601 3022 πληιαδιων
633 2946 692 3006 eto.
749 2940 834 3004 h'anr
863 2939 1044 3005 Pleiadihus
1075 2939 1149 3004 inde
1178 2931 1313 3018 nomen,
1347 2937 1436 3020 quod

120 3055 254 3112 χιιμωνος
287 3035 422 3112 appones
457 3051 558 3094 mara
571 3033 638 3114 jam
668 3029 709 3093 sit
741 3035 890 3112 apertum
920 3037 952 3094 et
982 3028 1169 3112 navigabile,
1195 3027 1333 3113 ¹quando
1362 3026 1437 3092 illae

119 3123 287 3202 apparent.
334 3119 450 3183 Desine
476 3139 551 3206 ergo
573 3119 649 3183 milri
670 3114 821 3182 invidiam
843 3138 954 3183 creare
973 3117 1116 3202 peruersi
1135 3123 1305 3182 auctorum
1324 3137 1437 3182 sensus

119 3215 173 3272 sut
195 3206 323 3273 incerti.
1079 3277 1080 3285 ἵ
1341 3237 1347 3246 ·

193 3319 378 3376 Caluisius
408 3321 496 3390 (Epist
516 3323 573 3386 X.):
614 3317 794 3386 Coniecturae
821 3336 857 3374 ex
884 3320 1016 3372 vocabulo
1042 3335 1104 3370 orec
1136 3319 1208 3387 apud
1241 3317 1365 3372 Tacitum
1391 3333 1435 3370 me

118 3417 167 3454 non
187 3407 308 3462 moerent,
329 3417 388 3452 cum
403 3399 470 3453 nihil
491 3399 558 3454 corti
580 3399 722 3460 delinianm
743 3415 795 3452 non
812 3398 881 3452 tanti
897 3405 967 3460 sunt,
990 3405 1020 3450 ut
1035 3405 1182 3466 propterea
1198 3397 1232 3450 sit
1249 3399 1284 3450 ab
1296 3397 1435 3468 expressis

118 3481 203 3532 serbis
230 3481 422 3533 recedendum.
470 3479 571 3532 Verum
598 3485 691 3546 tauron
716 3477 834 3532 arbitror
860 3477 1016 3531 Neroniana
1036 3479 1062 3530 in
1083 3476 1227 3530 Decembri
1249 3485 1320 3530 acta.
1362 3477 1433 3530 Num

116 3559 261 3614 Domitiani
291 3567 356 3612 acta
381 3565 444 3613 suut
469 3558 496 3612 in
522 3557 663 3621 Januario,
691 3565 721 3610 ut
748 3575 793 3620 ex,
806 3557 956 3612 interiectis
976 3556 1185 3626 imperatoribus
1206 3563 1324 3626 apparet
1344 3557 1431 3628 primo

119 3655 184 3692 auno
206 3639 349 3693 Gordiani.
1371 3644 1375 3656 '

199 3730 395 3815 h'eplerus
419 3737 508 3808 (spise.
526 3737 597 3803 xm:
633 3727 753 3806 Quodsi
774 3734 812 3792 tu
836 3728 967 3811 potuisti
987 3729 1111 3812 jactare
1134 3725 1265 3812 Josephi
1287 3747 1439 3810 expressa

116 3819 222 3900 rerba,
253 3839 340 3904 qrrae
363 3820 449 3885 rides
472 3838 492 3883 a
514 3839 565 3882 me
589 3839 653 3882 uon
674 3817 871 3899 impugnari:
903 3837 1034 3900 possum
1057 3837 1115 3899 ego
1137 3813 1171 3880 id
1192 3817 1293 3882 multo
1316 3815 1439 3882 meliori

111 3911 180 3991 jure
202 3909 242 3974 in·
261 3909 386 3974 Tacito.
431 3908 479 3973 lu
501 3928 587 3986 vero,
611 3905 878 3990 qui-Vespasiani
897 3905 1130 3988 expeditionem
1150 3904 1191 3969 ab
1211 3910 1279 3991 eJns
1298 3905 1439 3990 periculo
1465 3985 1469 3992 ,

115 4017 191 4080 pene
213 3999 345 4080 integro
368 4017 453 4061 anno
476 3995 611 4075 divellis,
633 3994 696 4058 vim
718 3991 960 4060 laceraviden‘s
983 3993 1162 4076 particulae
1183 4013 1266 4058 oros.

190 4107 376 4164 Calvisius
406 4109 496 4180 (Epist
515 4111 576 4176 X.):
612 4107 655 4161 De
677 4109 795 4160 aduentu
817 4105 947 4159 Tiridatis
962 4087 1034 4176 jussi
1055 4105 1176 4159 describi.
1191 4103 1437 4178 integrumloeum,

115 4205 191 4259 quern
212 4191 286 4244 ride.

341 4269 588 4340 Fragmentum
614 4265 762 4350 Jonnnnis
788 4263 968 4334 Xiphilini
994 4265 1035 4318 de
1061 4265 1206 4320 Nerone.

191 4366 342 4422 Caeterum
368 4365 434 4437 cho
461 4365 594 4420 Telesino
621 4373 648 4418 et
672 4363 808 4416 Suetonio
834 4361 962 4416 Paulino
988 4363 1154 4416 consortibus
1181 4363 1239 4416 duo
1253 4362 1340 4432 facta
1360 4367 1437 4420 mar.
1495 4387 1501 4411 ·.
1524 4401 1526 4408 s

116 4461 234 4514 quorsom
261 4463 350 4500 unum
375 4446 609 4506 honestissimum,
640 4445 761 4498 alterum
787 4444 986 4512 turpissimum
1006 4443 1077 4512 suit.
1118 4441 1193 4496 Nom
1215 4439 1293 4495 Nero
1318 4442 1439 4494 certauit

116 4527 188 4580 iuter·
215 4527 400 4581 citharoedos
428 4528 507 4595 eique
533 4526 636 4578 victori
660 4541 760 4593 scopato
787 4523 937 4594 applausu
963 4540 1068 4576 corona
1089 4523 1224 4594 imposita
1249 4529 1305 4580 est,
1322 4519 1438 4590 perseo·

115 4607 207 4676 eisquc
229 4607 315 4660 ludis
336 4607 562 4658 citharoedorum
581 4607 612 4657 iu
633 4605 707 4656 circo
728 4620 833 4656 oureus
854 4605 984 4672 opilavit.
1006 4603 1045 4656 Et
1060 4603 1210 4656 Tiridates
1225 4599 1329 4653 babens
1346 4615 1439 4652 eccum

114 4704 168 4740 ‘oon
188 4687 285 4742 solum
305 4703 388 4744 moos,
415 4687 465 4738 sed
487 4688 569 4738 etium
593 4683 751 4760 Volopeear',
772 4681 881 4736 Pacori
907 4691 932 4734 et
952 4681 1098 4735 Moaobcti
1119 4682 1231 4738 liberos,
1253 4680 1370 4732 Roaiam
1390 4678 1437 4730 de·

115 4766 218 4820 ductus
240 4775 293 4826 est,
311 4768 430 4835 fuitque
450 4783 543 4818 eorum
563 4765 617 4818 iter
634 4772 665 4817 ut
681 4765 711 4816 in
728 4764 880 4833 triruuptis
894 4781 948 4834 por
965 4781 1056 4816 orum
1072 4763 1200 4832 repioaes
1220 4757 1256 4812 ab
1277 4757 1436 4828 Euphrate.
1476 4815 1482 4820 ,
