3390 5542
565 217 826 308 samosetanum
845 223 979 272 austriaci.
1021 267 1024 272 Δ
1252 179 1257 186 ·
1366 227 1429 286 alt

130 423 132 428 ·
207 399 259 454 Vel
282 397 441 470 quod,idem
463 404 518 462 est,
543 415 681 454 numerum
707 399 834 471 quadrati
854 400 964 470 majoris
983 391 1141 470 multIplica'
1154 402 1181 456 in
1201 402 1361 458 diametrum
1382 405 1430 460 mi·

117 495 212 534 norem
239 487 268 533 ct
292 479 344 541 fac,
365 485 397 532 ut
416 495 545 532 summam
571 481 765 549 quadratorum
785 482 818 533 ad
851 479 1030 535 differentiam
1056 481 1248 536 diametrorum
1276 483 1431 548 transisit

116 559 221 614 lactum
242 561 278 614 ad
298 566 430 629 quartum,
452 558 498 629 qui
519 558 571 612 erit
591 561 753 630 quadratum
773 548 867 620 CG.⁸⁸)

209 639 436 708 Corollarium
460 639 508 693 111.
554 639 584 694 Si
608 641 770 710 quadratum
795 641 845 694 AG
871 640 905 708 qd
934 643 1096 711 quadratum
1116 640 1161 696 AC
1190 648 1233 694 est
1258 648 1288 695 ut
1311 645 1323 696 l
1348 645 1383 696 ad
1404 644 1431 706 2,

116 719 171 774 DV
199 726 242 773 est
266 721 380 772 duarum
405 717 581 774 medietatum
610 719 841 772 arithmeticorum
867 718 940 773 inter
965 721 1022 783 TC,
1047 721 1098 774 AV
1124 719 1222 790 mep’on
1249 722 1310 774 hinc
1336 723 1431 790 praxis
1501 723 1502 726 ’

117 799 242 854 brevior:
736 859 740 867 ,

546 877 681 932 Diametri
723 879 767 932 19.
789 879 835 933 20.
856 879 903 1012 12ὲ.
927 879 973 933 22.

452 1121 459 1135 ¹
833 1055 889 1110 399
911 1057 1073 1126 quadratum
1094 1055 1148 1110 GC.

207 1131 439 1188 Corollarium
464 1133 511 1188 IV.
557 1134 633 1188 Sicut
659 1151 689 1188 se
717 1135 901 1188 habet-basis
926 1136 1011 1189 minor
1036 1137 1124 1189 trunci
1151 1137 1186 1190 ad
1207 1135 1286 1190 basin
1307 1137 1431 1206 cylindri,

117 1221 170 1268 aut
196 1217 359 1284 quadratum
383 1213 478 1267 lateris
510 1213 618 1270 acclivis
645 1214 733 1268 trunci
762 1217 796 1268 ad
826 1215 989 1285 quadratum
1018 1215 1169 1270 altitudinis
1195 1216 1318 1286 cylindri,
1345 1216 1383 1269 sic
1404 1233 1433 1270 se

117 1293 207 1348 habet
226 1294 359 1347 diameter
378 1293 487 1346 minoris
508 1293 581 1347 basis
601 1296 636 1349 ad
657 1295 830 1378 compositam
849 1296 910 1350 DV.

634 1403 808 1484 Theorema
829 1403 914 1470 VIII.

118 1510 161 1574 Irr
183 1509 326 1592 cylindro
348 1515 377 1574 et
399 1515 507 1574 trunco
531 1512 634 1574 conica
661 1512 838 1592 coajrrpctis
865 1511 1072 1576 altitudinum
1093 1509 1256 1593 proportio
1278 1513 1434 1592 coraponi·

120 1606 174 1664 tar
206 1619 245 1662 ea
277 1602 477 1679 proportione
504 1599 725 1664 diametrorum
755 1601 788 1662 in
817 1600 957 1680 basibus,
987 1602 1104 1664 minori
1130 1600 1230 1696 coqrr'oi
1261 1601 1373 1678 traaci,
1405 1605 1435 1664 et

118 1693 256 1770 atraque
296 1687 447 1770 cptirdri,
489 1691 519 1751 et
549 1708 588 1752 ea
627 1689 827 1841 propotqtqqqq
866 1689 1097 1770 perpendiculi
1121 1689 1164 1754 ad
1197 1689 1283 1806 latus
1320 1687 1435 1752 acclive

207 1883 245 1948 In
275 1881 433 1948 schemate
459 1885 510 1946 24.
534 1881 598 1947 sint
619 1882 742 1966 figmae
764 1886 952 1967 conjugatae
975 1881 1088 1949 CGAX
1109 1888 1142 1948 et
1164 1881 1282 1962 eTAv,
1306 1882 1340 1946 in
1362 1882 1432 1966 qui·

120 1971 183 2038 bus
206 1971 351 2036 diametri
372 1970 502 2053 baseon,
525 1971 657 2054 cylindri
681 1971 744 2050 CG,
762 1971 827 2053 XA,
851 1971 955 2038 trunci
975 1972 1079 2036 minor
1094 1972 1156 2053 CT,
1171 1973 1272 2054 maJ'or
1291 1971 1356 2050 VA,
1380 1972 1434 2035 sit·

123 2083 188 2143 que
218 2059 477 2143 perpendiculum
507 2061 613 2124 trusa
642 2059 704 2140 TR,
736 2060 821 2126 latus
850 2061 967 2125 acclive
990 2060 1052 2125 ΤΑ.
1099 2060 1176 2126 Dico
1198 2060 1435 2144 proportionem

122 2148 332 2214 altitudinum
361 2149 494 2231 tylindri
522 2148 578 2214 GA
600 2149 643 2214 ad
665 2151 771 2214 trunci
792 2149 846 2214 TR
869 2151 1012 2232 componi
1029 2171 1067 2212 ex
1089 2149 1295 2232 proportione
1317 2145 1371 2213 GC
1393 2147 1435 2212 ad

122 2237 175 2303 CT
205 2243 298 2302 etex
324 2238 527 2320 proportione
555 2236 610 2302 AT
632 2237 674 2302 ad
703 2239 770 2304 TR.
815 2236 1029 2303 Theorematis
1058 2238 1158 2322 ipsius
1188 2236 1288 2301 facilis
1310 2242 1359 2300 est
1381 2236 1435 2300 de·

121 2325 326 2405 monstratio,
349 2346 408 2390 neo
429 2327 533 2390 minus
555 2330 663 2390 tamen
686 2327 857 2410 separatim
878 2325 937 2390 tuit
957 2326 1124 2402 tradenda,
1149 2323 1188 2390 ob
1212 2323 1382 2390 corollaria
1404 2329 1436 2389 et

121 2415 306 2497 analogiam
335 2413 517 2479 notabilem.
572 2415 651 2479 Cum
678 2416 760 2479 enim
787 2415 829 2480 sit
859 2414 912 2480 CG
941 2415 985 2479 ad
1014 2413 1069 2478 GA
1099 2415 1182 2479 sicut
1213 2413 1263 2479 CT
1295 2414 1336 2477 ad
1370 2412 1435 2493 ΤΑ,

120 2504 327 2587 permutatim
357 2502 456 2585 igitur
489 2503 550 2567 erit
579 2500 632 2567 GC
660 2503 702 2568 ad
725 2503 776 2568 oT
797 2510 835 2567 ut
856 2502 912 2566 GA
934 2503 977 2568 ad
1000 2502 1063 2568 ΑΤ.
1108 2502 1171 2568 Sed
1193 2503 1356 2586 proportio
1379 2500 1435 2565 Ga

121 2591 166 2657 ad
190 2591 244 2656 ΤΒ
266 2592 440 2674 composita
462 2597 510 2656 est
532 2611 570 2655 ex
585 2593 789 2676 proportione
817 2591 874 2658 ΘΑ
897 2591 938 2654 ad
961 2591 1014 2656 AT
1038 2597 1070 2656 et
1092 2612 1130 2656 ex
1152 2591 1359 2675 proportione
1380 2589 1436 2656 AT

122 2678 194 2746 TR:
219 2701 292 2763 ergo
315 2680 410 2746 etiam
433 2701 472 2744 ex
494 2679 547 2744 GC
570 2680 612 2746 ad
636 2679 698 2761 CT,
720 2684 752 2744 et
774 2702 812 2744 ex
834 2679 888 2746 AT
911 2680 953 2745 ad
975 2679 1038 2745 ΤΒ.

211 2791 441 2846 corollarium
467 2797 502 2844 et
525 2791 649 2859 praxis
676 2793 899 2862 quaerendae
919 2791 1130 2846 altitudinis.
1170 2789 1252 2845 Datis
1272 2789 1316 2860 CT
1336 2795 1366 2842 et
1384 2790 1435 2844 va

121 2887 172 2942 per
191 2871 376 2940 praemissam,
397 2874 478 2924 datur
505 2870 588 2924 etiam
613 2873 776 2940 quadratum
801 2872 884 2942 ipsius
904 2871 964 2936 CG;
986 2873 1053 2926 data
1071 2887 1138 2924 vero
1157 2869 1333 2939 proportione
1353 2867 1435 2936 hujus

123 2951 251 3023 quadrati
281 2951 327 3004 CG
357 2953 391 3004 ad
421 2952 583 3022 quadratum
604 2953 661 3015 Gn,
688 2953 770 3005 datur
791 2952 873 3006 etiam
893 2953 1055 3022 quadratum
1076 2952 1125 3004 Gn
1146 2957 1175 3003 et
1194 2951 1357 3019 quadratum
1378 2949 1433 3002 ΤΑ.

123 3033 177 3086 Sed
203 3037 233 3084 et
257 3009 411 3084 diffeffintia
437 3031 556 3099 ipsarum
582 3029 640 3094 GT,
666 3032 717 3085 VA
742 3037 808 3084 nota
833 3037 883 3096 est,
904 3049 940 3086 sc.
960 3033 1023 3086 BA:
1050 3037 1079 3084 et
1099 3031 1261 3099 quadratum
1281 3029 1328 3082 TA
1348 3026 1435 3095 majus

123 3119 167 3164 est
187 3113 321 3180 quadrato
348 3111 395 3166 'Ill
419 3116 499 3180 parte
524 3117 624 3180 quarta
650 3111 776 3180 quadrati
796 3113 844 3166 BA
865 3111 892 3164 in
912 3111 983 3164 omni
1003 3109 1203 3180 conjugatione.
1243 3106 1346 3177 anguli
1366 3106 1437 3160 enim

123 3193 159 3244 ad
181 3191 201 3243 C
223 3197 251 3243 et
271 3191 293 3243 T
313 3191 442 3259 aequales
463 3196 533 3252 sunt,
555 3197 583 3244 et
603 3189 654 3254 CT,
675 3191 723 3244 VB
738 3193 868 3262 aequales
889 3207 926 3244 ex
946 3190 1101 3260 hypothesi,
1122 3195 1205 3258 atque
1220 3187 1303 3241 etiam
1317 3187 1435 3255 paralle-

123 3273 182 3324 lae:
204 3269 332 3323 connexis
353 3269 439 3338 igitar
463 3271 494 3332 B,
515 3269 545 3331 Τ,
574 3270 627 3322 erit
646 3271 692 3324 BT
718 3271 840 3341 aequalis
862 3271 911 3339 ipsi
938 3270 1000 3332 CV;
1021 3271 1068 3322 sed
1089 3269 1158 3324 haec
1179 3274 1221 3320 est
1241 3266 1364 3337 aequalis
1386 3265 1438 3334 Ipsi

123 3351 170 3405 ΤΔ
191 3365 229 3402 ex
248 3349 408 3418 hypothesi,
429 3365 497 3419 ergo
517 3350 587 3404 ΒΤΔ
608 3343 733 3403 isosceles
761 3357 816 3412 est,
851 3349 927 3418 cujus
949 3349 996 3403 ΤΗ
1015 3348 1248 3418 perpendiculum:
1276 3347 1370 3416 itaque
1389 3345 1438 3397 BR

123 3437 167 3482 est
186 3429 311 3500 aequalis
333 3428 383 3497 ipsi
403 3429 461 3492 RA,
483 3445 568 3498 eoque
589 3430 750 3497 quadratum
770 3430 818 3483 BA
838 3431 1019 3498 quadruplum
1040 3427 1123 3496 ipsius
1143 3427 1201 3480 ΒΑ.
1229 3426 1334 3480 Ablata
1353 3425 1439 3495 igitnt

122 3517 204 3580 parte
225 3515 325 3580 quarta
345 3507 475 3577 quadrati
493 3509 542 3561 ΒΑ
562 3523 581 3559 a
596 3509 729 3576 quadrato
750 3509 805 3570 TA,
825 3514 913 3561 restat
927 3509 1088 3578 quadratum
1109 3507 1156 3560 TR
1171 3505 1320 3560 altitudinis
1341 3504 1437 3568 trunci,

123 3592 194 3661 quod
216 3595 404 3657 comparatum
425 3603 486 3640 cum
506 3588 639 3658 quadrato
661 3589 709 3641 GA
730 3587 869 3640 constituit
889 3587 1040 3658 quaesitam
1060 3585 1267 3656 proportionem

683 3693 880 3763 Exempla

213 3791 255 3846 Sit
280 3791 323 3845 TO
352 3792 403 3854 19,
429 3791 481 3845 AV
506 3790 552 3844 22.
599 3791 701 3852 Quodsi
727 3792 890 3860 quadratam
915 3790 960 3844 GC
990 3789 1073 3842 iherit
1090 3789 1132 3842 ·ad
1160 3787 1209 3842 Gn
1234 3789 1359 3856 duplum,
1385 3785 1438 3839 erit

123 3873 289 3943 quadratum
309 3871 353 3925 GC
375 3876 407 3923 ut
425 3869 500 3939 prius
511 3870 575 3924 399.
606 3870 667 3923 Erit
687 3870 772 3940 igitur
793 3873 956 3940 quadratum
966 3869 1015 3925 ΟΔ
1025 3869 1082 3922 399
1095 3867 1218 3922 semisses
1228 3869 1270 3921 rel
1294 3867 1350 3922 798
1371 3879 1437 3935 qua·

124 3956 251 4007 drantes:
273 3952 384 4021 proinde
405 3967 465 4004 cum
482 3949 647 4020 'quadratum
667 3953 701 4004 de
724 3951 760 4004 19
786 3951 822 4004 sit
842 3949 908 4013 361,
929 3949 983 4002 erit
1003 3949 1085 4002 etiam
1104 3947 1151 4003 'Ia
1172 3947 1225 4002 361
1251 3947 1373 4000 semisses
1394 3919 1443 3998 rei

126 4032 183 4088 722
206 4033 379 4102 quadrantes.
427 4030 552 4100 Denique
578 4046 638 4083 cum
664 4030 817 4092 differentia
842 4029 886 4084 C‘l’
912 4035 940 4082 et
959 4030 1018 4090 VA,
1044 4045 1080 4082 sc.
1105 4027 1139 4082 19
1161 4034 1189 4080 et
1210 4028 1246 4082 22
1268 4026 1304 4078 sit
1323 4025 1349 4086 3,
1371 4039 1437 4094 qua-

124 4115 234 4166 dratum
256 4112 282 4173 9,
302 4127 367 4180 pars
388 4111 526 4181 quartat
553 4111 731 4180 quadrantes:
759 4109 837 4163 aufer
862 4109 911 4162 hos
938 4125 956 4162 a
983 4109 1047 4172 722,
1066 4115 1174 4161 restant
1194 4107 1248 4161 713
1271 4106 1437 4174 quadranpes

124 4209 176 4262 pro
203 4193 338 4261 quadrato
364 4191 420 4244 ΤΒ.
466 4192 511 4244 Ita
536 4189 708 4244 constituitur
732 4189 870 4259 proportio
897 4189 1024 4260 quadrati
1053 4189 1102 4244 Gn
1128 4189 1163 4240 ad
1196 4187 1358 4256 quadratum
1382 4183 1439 4245 TR,

145 4288 199 4324 uae
222 4269 279 4326 793
302 4272 338 4323 ad
360 4271 424 4324 713.

125 4291 144 4417 q,
206 4350 249 4404 Sit
275 4367 339 4404 vero
367 4351 423 4404 alia
448 4347 618 4420 conjugatio,
644 4351 781 4420 quadrata
801 4365 837 4402 so.
857 4347 916 4411 AG,
938 4347 983 4402 GC
1005 4345 1141 4418 aequalia,
1162 4350 1190 4397 et
1210 4343 1248 4396 sic
1268 4341 1351 4394 etiam
1371 4355 1436 4410 qua·

126 4433 210 4484 drata
229 4431 285 4492 AT,
306 4429 363 4483 TC:
385 4434 413 4482 et
432 4437 542 4483 maneat
562 4429 606 4482 CT
629 4431 672 4493 19,
692 4430 743 4484 VA
764 4429 809 4482 22.
839 4427 901 4481 Erit
921 4430 1081 4499 quadratum
1102 4427 1148 4480 ΤΛ
1167 4422 1241 4477 1444
1262 4423 1437 4492 quadrantes,

127 4527 216 4580 eoque
246 4511 408 4580 quadratum
433 4509 480 4562 ΤΒ
511 4509 585 4563 1435
607 4511 780 4580 quadrantes.
821 4509 858 4561 Et
883 4508 1022 4576 proportio
1048 4502 1174 4576 quadrati
1194 4501 1244 4557 GA
1264 4503 1299 4556 ad
1320 4501 1437 4570 quadra·

128 4597 188 4644 tum
207 4591 256 4644 tlt
275 4605 347 4660 quae
370 4588 445 4643 1596
466 4589 501 4642 ad
524 4589 608 4651 1435,
628 4590 679 4644 rel
693 4589 720 4642 in
739 4588 852 4642 minimis
872 4603 943 4659 quae
965 4587 1022 4642 228
1043 4587 1078 4639 ad
1099 4583 1163 4639 205.

215 4670 298 4726 Aliud
325 4669 491 4736 exemplum:
518 4668 555 4722 sit
578 4670 622 4723 tc
655 4670 698 4732 19,
722 4669 775 4724 AV
804 4667 856 4730 20,
883 4684 945 4732 seu„
971 4668 1040 4738 quod
1071 4663 1140 4718 idem
1160 4665 1210 4722 est,
1232 4661 1268 4716 57
1290 4665 1319 4712 et
1339 4659 1386 4720 60,
1407 4663 1439 4712 ιιι

128 4749 325 4806 communicent
345 4764 405 4802 curn
421 4748 539 4804 ternario
559 4756 670 4820 propter
691 4765 755 4804 usus
780 4753 927 4804 secuturos.
968 4745 1073 4804 Deinde
1098 4741 1134 4796 sit
1153 4741 1315 4812 quadratum
1336 4737 1381 4792 GC
1403 4739 1438 4792 ad
