3390 5542
264 285 327 348 544
696 247 698 259 ’
830 283 916 336 rann
939 282 1010 336 aas.

262 458 384 534 dolium
398 457 432 524 in
447 457 476 524 G
490 455 567 525 orbe
585 456 697 542 ligneo,
722 477 760 524 ac
776 457 910 543 proinde
930 457 1133 524 altitudinem
1148 456 1205 524 OG
1228 455 1409 524 technicam
1431 459 1589 543 segmenti

262 549 363 616 conici
386 549 478 631 000,
509 547 725 614 continuatam
748 549 780 614 in
802 546 885 612 hunc
912 569 1032 620 arcum.
1057 547 1126 613 fore
1147 547 1337 630 longiorem,
1362 549 1462 614 ueluti
1485 549 1513 613 si
1536 549 1589 614 ΟΖ

263 647 356 704 esset.
403 639 608 721 Segmentum
634 637 733 718 igitur
757 639 809 704 CA
836 637 967 716 ventris,
1000 639 1090 720 cujus
1118 635 1256 702 altitudo
1280 637 1347 715 00,
1378 635 1533 702 ducemus
1555 640 1587 703 in

172 746 176 756 ·
263 729 410 792 trientem
432 726 590 792 linearum
610 727 661 792 ΟΖ
674 745 736 810 pro
755 725 915 791 soliditate
936 725 1090 807 segmenti
1106 724 1216 790 conici.
1252 723 1372 809 Siquis
1395 725 1519 806 metuit,
1544 748 1587 792 ne

264 815 315 880 ΟΖ
337 815 431 882 nimis
452 815 496 881 sit
517 815 623 898 longa,
646 815 674 880 is
695 816 826 898 cogitet,
839 859 843 867 ψ
856 821 1019 898 segmenta
1041 812 1132 878 nobis
1154 812 1206 892 bic
1232 813 1399 898 proposita
1421 834 1487 881 non
1517 835 1588 882 esse

262 925 349 972 mere
372 903 492 984 conica,
517 903 574 968 sed
597 903 648 970 his
669 907 794 989 majora
815 924 853 969 ex
875 901 968 969 cituio
990 909 1022 967 et
1043 903 1123 968 suso.

351 991 508 1058 Nascetur
529 992 628 1075 igitur
649 1013 816 1078 processus
837 993 916 1058 iste:
940 997 1014 1056 ante
1036 991 1141 1056 omnia
1168 996 1279 1056 notam
1301 1009 1372 1056 esse
1394 995 1525 1074 oportet
1547 1013 1589 1058 ex

262 1080 474 1168 superioribus
503 1081 682 1166 praeceptis
712 1081 953 1166 amplitudinem
982 1080 1101 1146 ventris
1127 1079 1182 1145 οΑ
1213 1085 1246 1144 et
1275 1077 1468 1144 diametrum
1499 1079 1588 1145 orbis

261 1170 359 1254 lignei
382 1171 449 1250 GE,
473 1191 545 1236 oum
567 1170 698 1236 dimidia
720 1169 899 1236 differentia
914 1169 980 1249 00,
1003 1176 1036 1234 et
1058 1187 1117 1254 per
1139 1168 1389 1252 mansuersalepr
1405 1167 1459 1234 GE
1481 1169 1588 1254 ipsam

263 1260 360 1326 etiam
383 1258 587 1324 altitudinem
608 1259 781 1324 tecbuioam
803 1258 908 1324 trunci
928 1257 995 1323 OG.
1040 1255 1099 1322 Est
1121 1264 1230 1322 antem
1253 1255 1306 1322 00
1329 1255 1371 1321 ad
1393 1255 1452 1322 OG
1473 1264 1513 1322 ut
1534 1257 1588 1322 01.

262 1349 305 1414 ad
327 1349 391 1428 LB,
419 1347 620 1413 altitudinem
648 1348 718 1414 coni
746 1346 933 1414 continuati.
977 1344 1078 1428 Igitur
1097 1345 1247 1415 ,scientur
1272 1365 1368 1410 areae
1393 1345 1588 1411 circulorum

263 1437 318 1503 CA
341 1444 374 1502 et
396 1437 454 1502 GE
477 1436 754 1520 exsuperioribus
776 1437 811 1502 in
829 1453 980 1500 mensura
1000 1453 1077 1514 una,
1099 1455 1183 1516 quae
1205 1453 1300 1499 areae
1322 1434 1489 1500 ducendae
1511 1441 1587 1500 sunt

260 1526 296 1590 in
318 1545 449 1592 suamm
478 1523 680 1590 altitudinum
702 1525 755 1590 LB
779 1531 812 1590 et
833 1522 890 1590 KB
912 1528 1021 1607 partes
1048 1525 1176 1602 tertias,
1208 1529 1242 1588 et
1264 1521 1452 1588 auferendus
1484 1544 1587 1590 conus

263 1613 363 1694 GEB,
395 1613 545 1680 deficiens
567 1635 588 1680 a
611 1635 690 1680 cono
713 1613 793 1680 GAB
823 1614 1029 1693 continuato,
1058 1617 1096 1676 ut
1126 1617 1227 1676 restet
1256 1617 1393 1678 truncus
1417 1611 1530 1678 CAEG
1553 1613 1586 1678 iu

263 1703 406 1768 numeris
428 1701 512 1786 aptis
538 1703 700 1787 praesenti
725 1704 861 1785 negotio.
906 1699 980 1766 lam
1006 1721 1066 1784 pro
1091 1699 1285 1765 inveniendis
1311 1699 1404 1766 lineis
1428 1700 1482 1766 ΟΖ
1505 1723 1587 1785 opus

263 1797 314 1857 est
335 1793 493 1858 diametro
515 1792 698 1860 metatoris:
722 1791 916 1876 quadratum
938 1790 1032 1871 igitur
1061 1789 1160 1874 ipsius
1181 1789 1236 1854 LB
1258 1789 1364 1854 divide
1385 1809 1443 1872 per
1466 1789 1530 1871 GL,
1554 1796 1588 1854 et

263 1880 406 1966 prodibit
426 1881 458 1945 in
481 1882 643 1964 quotient‘e
665 1881 826 1946 residuum
848 1879 1007 1944 diametri.
1052 1874 1145 1943 Adde
1165 1877 1264 1960 igitur
1280 1877 1335 1943 CL
1358 1879 1400 1942 ad
1422 1877 1484 1944 boc
1505 1879 1586 1943 resi·
1621 1941 1626 1948 .

264 1969 374 2049 duum,
396 1970 591 2053 compositus
615 1969 677 2034 erit
699 1969 853 2035 diameter
875 1967 1051 2032 metatoris.
1085 1965 1189 2049 Igitur
1211 1967 1238 2031 si
1259 1967 1424 2050 proposita
1446 1967 1490 2032 sit
1513 1967 1585 2032 alti·

263 2057 343 2125 tudo
365 2058 456 2124 vaorri
471 2057 534 2138 00,
558 2079 616 2142 per
631 2078 703 2124 eam
725 2055 912 2141 inquirenda
934 2061 1008 2121 sunt
1030 2061 1229 2138 segmentum
1253 2055 1363 2121 cuculi
1384 2055 1506 2121 ventris
1528 2077 1589 2138 per

264 2154 438 2232 praecepta
467 2147 647 2230 superiora,
679 2153 711 2213 et
731 2147 816 2213 linea
843 2165 882 2210 ex
905 2144 933 2209 Ο
959 2141 1268 2228 perpendiculariter
1297 2165 1356 2227 per
1385 2143 1588 2226 superfici-

263 2235 400 2320 liquoris
426 2233 592 2302 defluentis
618 2235 726 2302 mens
751 2235 785 2300 in
807 2240 1004 2306 motatorem.
1050 2231 1149 2298 Auler
1173 2231 1274 2314 igitur
1301 2231 1354 2298 00
1382 2252 1403 2297 a
1425 2233 1589 2298 diametro
1684 2241 1685 2252 ¹

264 2323 440 2406 metatoris,
462 2323 605 2390 ablatam
623 2324 798 2408 multiplica
812 2325 846 2388 in
860 2321 1033 2401 residuum,
1053 2320 1131 2386 lacti
1149 2321 1243 2386 radix
1257 2327 1306 2386 eat
1321 2320 1408 2386 linea
1426 2322 1586 2404 quaesita,

263 2413 296 2478 in
320 2417 409 2500 cujus
432 2421 557 2496 partem
579 2413 708 2478 tertiam
729 2410 970 2497 multiplicanda
992 2417 1042 2474 est
1059 2429 1138 2475 area
1160 2411 1315 2493 segmenti
1336 2410 1445 2476 circuli
1466 2411 1589 2475 ventris

179 2521 181 2532 ¹
264 2523 324 2588 pro
346 2502 507 2568 soliditate
529 2502 686 2585 segmenti
707 2501 818 2568 conici.
865 2496 987 2580 Quodsi
1013 2496 1151 2565 altitudo
1176 2499 1267 2564 uacui
1291 2497 1343 2565 00
1366 2521 1432 2564 non
1454 2505 1590 2584 superat

265 2591 427 2656 dimidiam
455 2589 664 2656 differentiam
690 2591 920 2670 diametrorum
943 2587 1012 2668 οΑ,
1034 2587 1107 2665 GE,
1135 2585 1252 2652 sufficit
1277 2587 1339 2654 boc
1364 2587 1500 2652 laboris.
1546 2588 1590 2652 nt

265 2681 293 2746 si
315 2685 457 2764 superat,
482 2679 575 2745 labor
593 2681 783 2762 geminatur.
817 2679 1021 2762 Segmeutum
1041 2674 1125 2740 enirn
1141 2675 1211 2740 coni
1233 2683 1311 2740 tunc
1331 2678 1476 2742 excurrit
1498 2675 1590 2742 ultra

264 2773 414 2834 mancum
437 2767 518 2848 0οΕ
547 2768 581 2832 in
602 2790 718 2834 conum
744 2766 839 2838 GBE,
857 2764 1072 2833 deficientem:
1103 2784 1203 2850 quare
1230 2785 1307 2848 pars
1338 2767 1407 2850 ejus
1437 2763 1590 2830 deficiens

264 2857 454 2942 inquirenda
477 2863 510 2922 et
532 2877 553 2921 a
575 2865 739 2941 segmento
765 2863 835 2922 toto
860 2853 1039 2922 auferenda
1062 2854 1132 2919 erit.
1176 2853 1276 2918 Aufer
1298 2853 1394 2938 igitur
1421 2853 1590 2919 dimidiam

266 2945 481 3013 differentiam
504 2945 732 3012 diametrorum
750 2942 791 3010 ab
807 2943 977 3010 altitudine
998 2943 1148 3026 liquoris,
1173 2961 1245 3006 cum
1265 2941 1405 3022 residuo,
1429 2948 1590 3027 tanquam

265 3033 338 3100 sinu
360 3055 463 3112 verso,
492 3039 666 3118 quaeratur
688 3053 765 3102 area
794 3031 949 3117 segmenti
978 3031 1065 3098 orbis
1095 3029 1204 3114 lignei,
1236 3029 1322 3115 quod
1351 3037 1456 3098 exstat
1487 3051 1590 3116 snpra

265 3122 467 3208 superficiem
488 3122 640 3206 liquoris3
663 3123 865 3190 nanciscatur
886 3126 994 3188 autem
1015 3119 1151 3186 eandem
1172 3119 1399 3186 dimensionem
1421 3141 1496 3186 cum
1511 3141 1591 3185 area

263 3212 417 3294 segmenti
440 3212 527 3296 plani
548 3211 678 3280 ventris.
722 3211 812 3276 Tunc
833 3230 918 3296 quae
939 3221 988 3274 est
1002 3209 1167 3292 proportio
1189 3207 1365 3274 altitudinis
1386 3208 1523 3292 liquoris
1546 3208 1591 3274 ad

266 3321 431 3366 excessum
460 3321 554 3366 suum
581 3320 681 3384 supra
710 3299 873 3366 dimidiam
903 3297 1133 3364 diametrorum
1163 3296 1387 3377 differentiam,
1418 3299 1451 3363 in
1474 3298 1591 3363 eadem

267 3389 474 3474 proportione
503 3389 657 3456 admetire
682 3389 760 3456 buic
781 3387 897 3454 minori
923 3393 1087 3470 segmento
1110 3385 1196 3451 orbis
1222 3386 1317 3468 lignei
1344 3387 1523 3470 portionem
1548 3387 1591 3452 de

266 3477 351 3542 linea
373 3477 442 3560 ΟΖ,
474 3483 562 3564 cujus
590 3479 721 3545 tertiam
749 3485 875 3564 partem
899 3475 968 3542 duc
998 3477 1032 3541 in
1058 3480 1258 3558 segmentum
1286 3474 1380 3556 lignei
1411 3475 1498 3540 orbis
1528 3497 1591 3559 pro

267 3564 430 3632 soliditate
452 3568 555 3650 partis
577 3569 617 3634 de
639 3569 748 3635 conica
770 3571 932 3650 segmento
954 3563 1146 3630 deficientis:
1169 3583 1234 3647 qua
1256 3561 1366 3630 ablata
1387 3582 1408 3628 a
1426 3569 1496 3630 toto
1518 3585 1590 3648 seg·

267 3661 374 3723 mento
397 3657 515 3738 conico,
539 3657 729 3741 relinquitur
750 3660 946 3737 segmentum
967 3654 1075 3719 trunci
1095 3651 1197 3718 inanit
1253 3702 1259 3716 .
1684 3655 1685 3680 ¹

356 3743 500 3828 Deniqrm
529 3746 556 3810 si
586 3745 644 3812 tibi
674 3745 820 3828 cognitus
850 3751 900 3808 est
929 3761 1082 3807 numeros
1113 3755 1350 3821 mensurarum,
1385 3761 1468 3824 ques
1503 3741 1593 3824 capit

268 3831 391 3898 dolium
413 3838 525 3913 totum,
549 3855 623 3900 eum
644 3833 819 3917 multiplica
840 3832 873 3896 in
888 3837 1083 3913 segmentum
1104 3829 1219 3909 trunci,
1243 3829 1295 3896 vel
1309 3851 1377 3894 una
1395 3829 1446 3894 vel
1461 3829 1593 3896 duabus

269 3920 506 4004 operationibus
535 3923 715 4002 inventum,
746 3920 867 3986 factum
897 3919 1002 3985 divide
1031 3939 1091 4002 per
1121 3918 1314 3985 soliditatem
1342 3919 1449 3984 munci
1479 3921 1590 3998 totius,

270 4010 415 4096 prodibit
431 4011 465 4076 in
488 4013 651 4096 quotiente
673 4031 824 4076 numerus
845 4027 1074 4090 mensurarum,
1099 4027 1184 4092 quae
1207 4006 1421 4073 defluxerunt.
1522 4049 1525 4052 -

359 4099 437 4166 Gmn
460 4105 568 4164 autem
590 4106 624 4166 et
644 4099 697 4165 hic
721 4105 755 4164 et
776 4119 876 4183 supra
898 4098 1024 4182 saepius
1046 4117 1107 4162 usu
1128 4097 1244 4176 renat,
1268 4101 1306 4160 ut
1321 4095 1506 4180 quaerenda
1527 4097 1595 4162 sint

183 4233 188 4238 -
271 4194 435 4270 segmenta
465 4187 657 4254 circulorum
687 4208 745 4273 per
766 4187 855 4253 sinus
880 4207 988 4251 versos
1017 4185 1221 4251 dimidiarum
1243 4205 1395 4264 arcuum,
1427 4205 1514 4268 quae
1541 4205 1596 4250 res

271 4275 432 4341 molestias
454 4296 585 4360 magnas
607 4283 704 4357 creat,
729 4281 767 4341 ut
780 4276 840 4341 bac
854 4280 888 4340 te
904 4275 1051 4340 molestia
1065 4295 1103 4340 ex
1118 4279 1210 4358 parte
1231 4271 1410 4353 liberarem,
1433 4273 1594 4340 tabellam
1684 4311 1685 4316 κ

271 4361 480 4445 hieronimi,
512 4385 596 4450 quae
618 4365 747 4448 singulis
777 4363 955 4430 centesimis
985 4362 1130 4447 partibus
1157 4363 1245 4428 sinos
1270 4362 1352 4428 versi
1374 4383 1431 4428 seu
1452 4365 1594 4448 sagittae

273 4471 294 4516 a
317 4473 439 4518 summo
469 4475 578 4519 versus
609 4457 754 4520 centrum
785 4453 927 4537 assignat
957 4453 1173 4536 quantitatem
1199 4471 1294 4518 arcae
1324 4451 1479 4534 segmenti
1501 4453 1534 4518 in
1557 4473 1597 4517 aa

274 4543 487 4623 proportione,
511 4548 548 4607 ut
570 4543 679 4608 cuculi
699 4541 785 4608 illius
807 4543 906 4607 totius
929 4561 1007 4606 area
1028 4541 1114 4606 valet
1139 4547 1247 4625 partes
1272 4545 1396 4607 15710:
1425 4561 1487 4606 nec
1509 4543 1595 4606 euim

275 4627 380 4710 aptior
402 4650 551 4696 numerus
573 4631 651 4697 mibi
672 4631 777 4710 exivit,
800 4631 904 4696 utenti
925 4628 1011 4696 facili
1034 4637 1066 4695 et
1088 4629 1235 4714 expedita
1257 4631 1310 4696 via
1324 4629 1594 4714 computationis
1684 4647 1685 4694 ι

200 4758 204 4776 .
275 4735 334 4783 nec
355 4737 440 4784 nunc
462 4721 562 4805 vacat,
586 4719 673 4790 huuc
694 4739 864 4790 numerum
885 4740 958 4789 cum
978 4719 1118 4790 rotundo
1140 4717 1246 4806 aliquo
1268 4724 1464 4806 permutare.
