3406 5542
225 319 291 387 310
729 334 769 386 Da
781 333 853 384 Anno
865 332 1067 392 11222Ιί012ῐὶ222,

69 566 71 575 Ι
178 447 180 452 ¹
224 483 326 549 hliis'
316 503 348 546 m
363 482 540 564 Aegyptum
562 479 645 542 misit
667 497 775 540 munus
799 476 997 559 Cleopatrae:
1024 475 1072 538 cni
1092 475 1242 540 Artaxias
1264 475 1427 550 suecessit,
1448 473 1578 538 filiorum

224 581 299 638 natu
313 572 463 635 maximos
484 568 553 632 dolo
569 569 700 650 elapsus.
745 568 831 630 Haeo
852 565 1014 646 Josephus.
1056 565 1100 629 Et
1120 565 1180 630 Dio
1197 565 1349 641 similiter,
1371 557 1510 630 tribuens
1525 563 1579 628 illa

227 660 532 733 2222221221.12,22222
548 656 687 739 sequenti
706 657 756 720 l3.
767 673 845 719 anno
859 654 1040 719 Antonius'
1031 675 1062 718 1n
1077 655 1211 718 Parthos
1225 655 1381 736 proiectus
1397 653 1580 719 societatem

228 769 296 816 cum
308 749 408 814 Medis
423 747 545 810 iniisset
559 753 592 808 22
607 765 686 809 suno
706 745 755 808 14.
766 744 931 808 Herodes
918 763 1006 824 Jussu
1015 742 1144 808 Antonii
1158 743 1286 824 primum
1300 743 1413 808 bellum
1421 741 1579 807 Arebibus
1692 803 1694 808 .

227 841 368 904 inferret:
393 838 463 900 dum
477 835 599 898 interim
622 836 786 898 conflatum
803 841 852 898 est
872 834 983 897 bellum
998 832 1078 896 inter
1094 829 1259 896 Caesarem
1275 841 1307 896 et
1321 833 1500 907 Antonium,
1522 850 1579 912 quo

227 927 368 1010 sequenti
392 925 441 990 15.
457 944 537 988 auno
553 924 706 1008 Antonius
721 924 821 985 rietus
836 930 886 986 est
902 923 942 986 21
957 921 1095 996 Actium,
1117 922 1239 984 Herode
1255 930 1329 1003 post
1344 929 1446 986 222222
1462 928 1579 984 motum

228 1019 382 1099 ingentem
404 1032 521 1077 mrsum
545 1033 612 1076 curn
630 995 785 1076 'Arabibus
807 1011 919 1074 bellum
941 1018 1075 1092 gerente.
1119 1011 1209 1074 Hunc
1235 1011 1329 1094 igitur
1351 1009 1580 1075 2222221222-

228 1107 306 1188 phus
321 1111 414 1173 22222
429 1101 655 1184 regniHerodis
671 1102 840 1182 septimum,
856 1079 1082 1164 scilicetabillo
1093 1119 1181 1174 anuo,
1196 1120 1253 1182 quo
1269 1100 1368 1181 222222
1377 1097 1580 1180 122222122222

227 1194 416 1275 Antigonum
426 1193 548 1255 1212222.
572 1193 615 1253 Et
624 1192 742 1255 confert
752 1191 1054 1272 pugnemActracem
1069 1187 1231 1292 lquymp.
1249 1185 1320 1252 187.
1336 1207 1445 1272 qmppe
1456 1195 1580 1252 aestate

157 1273 161 1286 ”
229 1305 299 1346 anm
291 1281 367 1345 ’14
383 1281 539 1345 2212122222
553 1281 607 1343 1112
623 1279 791 1361 Olympias,
801 1279 949 1342 currebat
963 1278 1056 1360 igitur
1072 1279 1136 1358 ejus
1152 1297 1249 1342 annus
1265 1281 1294 1340 2.
1314 1278 1479 1360 inpugna,
1501 1295 1579 1358 quae

229 1371 358 1452 contigit
380 1373 409 1433 2.
427 1369 626 1451 Septembris.
673 1368 806 1472 Cumque
823 1367 944 1437 Caesar
956 1387 1035 1431 anno
1050 1367 1172 1431 Juliano
1191 1366 1240 1430 16.
1254 1367 1377 1432 ineunte
1394 1365 1496 1447 (cujus
1514 1365 1581 1432 021.

227 1461 297 1525 122.
322 1460 511 1523 consulatum
533 1459 589 1522 IV.
603 1457 764 1521 iniverat'
756 1479 787 1520 m
808 1453 903 1538 Asia)
927 1457 1094 1520 venisset'
1086 1477 1118 1520 rn
1140 1456 1262 1520 Italiam
1281 1457 1413 1538 indeque
1436 1475 1581 1520 reversus
1677 1489 1681 1504 ·

229 1549 336 1613 osset'
328 1568 359 1611 rn
375 1547 539 1610 Graeciam
553 1547 638 1610 brevi
653 1555 799 1628 tempore,
814 1547 894 1610 hello
914 1555 1127 1628 persecuturus
1141 1545 1310 1610 Antonium
1325 1555 1357 1610 et
1373 1543 1581 1627 Cleopatram,

228 1638 278 1701 1212
293 1638 388 1699 etiam
403 1636 558 1717 Josephus
573 1637 687 1712 scribit,
710 1627 863 1700 Herodem
886 1637 925 1700 221
939 1635 1104 1700 Caesarem
1121 1635 1242 1700 venisse
1256 1635 1406 1709 Rhodum,
1421 1634 1507 1697 nulla
1526 1653 1581 1714 spe

230 1726 348 1789 salutis.
392 1726 472 1788 Nam
493 1724 574 1787 Dion
596 1732 715 1788 narrat:
748 1731 781 1787 22
804 1725 951 1788 defecisse
975 1724 1014 1788 ab
1036 1725 1172 1788 Antonio
1195 1725 1342 1805 dynastes
1365 1733 1397 1786 22
1418 1743 1527 1826 22322,
1550 1729 1582 1786 22

230 1815 413 1880 Caesarem
419 1833 458 1874 ex
480 1813 570 1876 sociis
585 1813 714 1876 Antonii
736 1814 812 1878 elios
834 1814 915 1889 2122,
937 1815 1014 1877 ahos
1037 1813 1144 1895 opibus
1164 1821 1196 1876 et
1217 1813 1417 1894 dignitatibus
1431 1812 1581 1894 privasse.

229 1903 382 1968 Herodem
404 1921 476 1964 vero
502 1920 569 1964 cnm
586 1901 750 1966 Caesare'
741 1904 834 1966 221222
856 1904 886 1966 12
909 1903 1101 1984 Aegyptum,
1123 1902 1174 1965 ubi
1196 1903 1311 1966 deserti
1333 1903 1371 1966 eb
1395 1900 1581 1964 exercitibus

229 1992 383 2056 Antonius
398 1999 431 2053 22
447 1989 623 2093 Cleopatra,
639 2011 733 2072 regno
748 1993 865 2072 pariter
880 2000 913 2054 et
928 1993 993 2054 vite
1009 1999 1176 2066 cesserunt,
1199 1990 1265 2056 Cal.
1281 1991 1377 2068 Sext,
1399 2009 1457 2072 quo
1474 1990 1581 2054 audito

220 2080 369 2146 ¹Herodes
384 2099 503 2142 2222222222
523 2080 554 2140 in
570 2078 745 2160 Aegyptum
759 2081 844 2143 venit
859 2081 1046 2161 gratulatum
1062 2079 1205 2156 Caesari,
1225 2100 1312 2162 quem
1335 2088 1367 2144 et
1380 2079 1581 2144 Antiochiam

229 2188 324 2251 usque
340 2167 474 2233 deduxit.
517 2168 599 2231 Nam
613 2168 694 2230 Dion
710 2170 762 2244 ait,
782 2170 954 2249 Augustum
969 2185 1023 2251 per
1038 2169 1161 2251 Syriam
1180 2169 1319 2232 redisse'
1311 2189 1342 2234 m
1357 2169 1466 2234 Asiam
1480 2168 1582 2250 ibique

231 2259 392 2322 hiemasse.
424 2257 569 2339 Sequitur
583 2257 615 2319 in
629 2257 650 2320 J
652 2257 766 2337 osepho
781 2258 894 2320 mentio
911 2259 1112 2339 expeditionis
1120 2259 1206 2323 Actii
1215 2257 1300 2322 Galli
1315 2259 1346 2322 in
1356 2257 1515 2334 Arabiam,
1530 2257 1583 2320 illo

231 2368 320 2423 anno,
336 2365 423 2429 quem
432 2347 567 2428 proxime
577 2347 745 2410 antecessit
753 2345 886 2422 siccitas,
896 2347 1043 2410 sterilitas
1051 2356 1083 2410 et
1091 2347 1276 2429 pestilentie,
1286 2349 1405 2430 quaudo
1412 2347 1584 2411 Herodesa

163 2513 168 2526 .
231 2435 376 2500 Petronio
398 2435 535 2517 Aegypti
557 2435 698 2516 praeside
721 2436 870 2497 frumento
893 2436 1068 2499 sublevatus
1096 2443 1159 2512 est,
1187 2455 1274 2519 quem
1297 2455 1408 2501 annum
1427 2437 1584 2518 Josephus

141 2525 146 2534 “
232 2545 321 2607 22322
312 2525 467 2588 Herodis
492 2525 540 2587 13.
564 2531 719 2598 numerat,
738 2531 773 2586 nt
794 2523 825 2586 in
849 2524 899 2586 14.
920 2525 1011 2588 22122
1033 2485 1186 2607 expeditio
1202 2526 1347 2590 Arabica.
1386 2525 1468 2590 Dion
1489 2525 1585 2606 igitur

232 2613 540 2678 eandemconlert'm
555 2612 802 2677 assumentur.
831 2613 914 2694 Ergo
930 2613 1028 2678 9.Jut
1044 2616 1243 2697 estJosepho
1259 2615 1374 2697 primus
1389 2615 1484 2695 223221.
1516 2615 1582 2678 Ρ2-

232 2703 324 2766 tronii
340 2703 420 2784 apud
435 2703 564 2766 Dionem
580 2703 615 2765 tit
631 2703 724 2765 etiam
739 2693 851 2763 mentio
868 2722 947 2764 anno
963 2701 1014 2764 24
1022 2703 1082 2767 1221.
1098 2711 1132 2767 nt
1150 2705 1287 2786 Aegypti
1302 2703 1460 2786 praesidis.
1496 2705 1583 2768 ’122222

227 2793 367 2855 11222122
391 2790 548 2856 eonsilium
578 2791 661 2871 cepit
685 2790 892 2853 aedificandae
918 2782 1090 2855 Caesareae
1122 2801 1153 2854 et
1177 2793 1255 2857 filios
1279 2793 1408 2856 Romam
1431 2793 1519 2860 misit
1543 2792 1583 2856 ad

228 2881 403 2954 Caesarem,
418 2888 451 2942 et
460 2899 527 2942 curn
535 2879 676 2960 Agrippa
692 2897 786 2960 gener
796 2877 960 2942 02222212·
951 2880 1100 2944 rnAsiam
1114 2882 1261 2958 venisset,
1276 2883 1416 2948 Herodes
1430 2882 1541 2946 illnm'
1532 2901 1582 2945 m-

226 2971 300 3034 21212
315 2970 355 3033 21
369 2961 557 3051 Mitylenem.
602 2969 734 3033 Rursum
754 2968 843 3048 hujus
859 2969 905 3031 rei
926 2988 1036 3032 anunm
1051 2970 1167 3034 indicat
1180 2972 1272 3046 Dion,
1294 2993 1336 3034 sc.
1351 2971 1584 3046 2312212222222,

228 3061 275 3124 oui
298 3059 382 3122 etde
398 3059 465 3122 1222
489 3057 647 3121 convenit:
670 3057 782 3120 missus
804 3055 884 3120 enim
899 3064 968 3120 2222
981 3057 1138 3139 Agrippas
1157 3061 1188 3122 in
1205 3059 1340 3142 Syriam,
1364 3061 1418 3124 221
1433 3060 1538 3124 haesit
1552 3060 1584 3123 in

226 3148 337 3228 Lesbo.
366 3149 416 3210 En
432 3167 555 3212 causam
571 3157 604 3210 et
619 3146 837 3210 necessitatem
846 3146 963 3218 Herodi
979 3165 1124 3210 excursus
1138 3148 1271 3228 hujusce,
1288 3151 1398 3231 quippe
1415 3150 1455 3212 ad
1471 3149 1584 3232 Syriae

226 3238 457 3302 moderatorem.
472 3235 753 3316 ExindeJosephus
765 3235 1290 3317 commemoretadventnmAngusti
1300 3239 1330 3300 iu
1341 3238 1473 3320 Syriam,
1483 3258 1584 3319 quan-

227 3325 414 3390 1211222122
423 3324 751 3389 2222122122222221212
761 3324 893 3388 donatus
903 3331 952 3388 est
962 3324 1001 3387 ab
1010 3324 1162 3406 Augusto,
1177 3345 1244 3390 cnm
1251 3327 1384 3391 haberet
1399 3337 1494 3391 antea
1501 3329 1583 3392 Tra-

228 3417 365 3491 chonem,
381 3415 526 3478 donatam
542 3415 602 3484 sibi
617 3421 689 3494 post
704 3413 831 3494 primam
846 3413 989 3488 Actiede,
1006 3413 1037 3476 id
1052 3420 1102 3476 est
1115 3421 1189 3494 post
1202 3414 1262 3478 Jul
1281 3415 1331 3490 18,
1347 3435 1436 3497 quam
1452 3417 1536 3482 inter
1552 3425 1586 3480 et

229 3505 403 3568 Gahlaeam
428 3504 489 3568 sita
513 3512 579 3568 erat
602 3503 679 3566 haec
700 3503 852 3566 Zenodori
875 3502 966 3578 ditio,
990 3503 1113 3566 Paneas
1139 3503 1229 3566 dicta.
1275 3505 1343 3571 Hoc
1368 3505 1444 3569 dicit
1468 3506 1586 3569 factum

230 3594 346 3658 decimo
363 3611 443 3656 anno
460 3611 499 3656 ex
514 3611 572 3674 quo
582 3591 766 3672 Augustus'
758 3613 788 3654 1n
799 3591 891 3674 Syria
906 3592 1014 3654 fuerat.
1038 3591 1255 3656 Rediitautem
1263 3593 1462 3658 Antiochiam
1472 3595 1584 3677 Syriae

231 3690 360 3746 exeunte
377 3701 456 3746 anno
475 3681 524 3745 16.
540 3681 726 3744 2212222222
745 3676 800 3756 17,
823 3688 858 3743 22
873 3679 963 3761 paulo
985 3680 1069 3761 prius
1086 3681 1207 3752 dictum
1251 3682 1334 3762 Ergo
1352 3702 1449 3746 annus
1468 3680 1520 3748 17.
1536 3692 1586 3749 222

228 3772 343 3854 primns
368 3771 432 3852 ejus
454 3771 628 3845 absentiae,
649 3771 841 3852 innuiturque
864 3770 985 3832 ineunte
1002 3769 1053 3832 26.
1068 3769 1189 3834 12112222
1212 3769 1341 3834 22111222
1354 3773 1563 3878 Augustum
1554 3793 1585 3836 m
1617 3767 1625 3778 ⁸

230 3860 359 3942 Syriam.
403 3861 440 3923 Id
456 3862 614 3924 confirmat
628 3859 722 3922 Dion:
747 3879 826 3922 anno
849 3859 929 3924 enim
945 3859 995 3922 24.
1011 3859 1171 3940 Angustus
1187 3859 1287 3922 Roma
1302 3861 1493 3941 proiectus'
1483 3883 1517 3926 rn
1532 3861 1585 3928 Si-

230 3950 300 4014 cilia
322 3949 495 4012 hibernavit
516 3955 548 4011 et
570 3968 649 4012 anno
666 3949 717 4012 25.
739 3947 897 4023 12822222,
919 3967 998 4012 anno
1021 3967 1093 4010 vero
1110 3947 1162 4012 26.
1184 3949 1308 4014 ineunte
1324 3969 1394 4012 vere
1411 3951 1442 4013 in
1459 3951 1584 4056 Syriam

229 4039 363 4102 excurrit
377 4037 578 4120 rediensque‘
570 4059 601 4101 m
612 4037 737 4102 Samum
746 4037 787 4100 rbr
803 4038 934 4101 seeundo
951 4037 1134 4102 hibernavit.
1157 4037 1200 4100 112
1215 4058 1252 4100 ue
1270 4037 1402 4112 dubites,
1417 4040 1502 4104 iuter
1518 4041 1584 4121 ejus

230 4129 349 4212 gesta'
340 4148 371 4190 m
394 4125 485 4210 Syria
507 4128 586 4191 Dion
608 4127 701 4190 2212222
716 4127 896 4191 ditationem
909 4127 1041 4190 Herodis
1065 4134 1098 4190 et
1119 4125 1315 4192 donationem
1337 4127 1465 4192 ditionis
1481 4131 1583 4196 Zeno·

173 4231 176 4238 ⁴
231 4219 296 4282 dori
318 4224 540 4280 commemorat
569 4218 652 4280 Η22
676 4223 777 4280 antem
802 4217 917 4280 lactum
937 4216 983 4279 ait
1003 4215 1157 4297 Josephus
1180 4211 1456 4297 2222217223221.
1503 4220 1585 4322 Ergo

229 4324 347 4371 rursum
370 4325 466 4370 annus
480 4306 690 4387 lerosolymae
713 4298 823 4387 captae
846 4313 895 4368 eet
916 4305 961 4369 illi
981 4305 1095 4386 primus
1110 4306 1210 4386 regni,
1232 4306 1401 4370 desinena'
1393 4327 1426 4370 un
1441 4327 1499 4371 ver
1516 4309 1587 4374 22221

183 4406 187 4426 ·
229 4396 343 4460 Juliani
360 4397 435 4459 10.
453 4395 578 4459 Α111212
601 4395 645 4458 21
662 4393 933 4458 9222222222216
950 4393 1124 4498 2222212212,
1148 4395 1370 4476 22222231225.
1387 4396 1544 4474 12112222,
1568 4421 1587 4464 a

231 4485 315 4566 cujus
330 4487 478 4567 paschate
494 4503 612 4548 currere
629 4475 912 4564 22221217223221,
935 4485 1067 4565 quicum
1084 4483 1150 4563 jam
1164 4485 1250 4550 brevi
1273 4492 1357 4548 esset
1379 4445 1564 4552 desiturus
1555 4509 1587 4554 222

230 4575 346 4656 paseha
368 4575 439 4638 auui
462 4573 1016 4655 26.122112221,Α2322222222282212222
1038 4591 1179 4636 reversus
1202 4575 1246 4638 sic
1268 4573 1423 4638 Herodem
1448 4567 1587 4640 donavit.

231 4663 281 4726 Ita
296 4672 433 4726 tenemus
457 4671 489 4724 et
503 4662 632 4726 Dionem
654 4670 686 4724 22
698 4661 881 4742 Josephnm,
902 4671 938 4725 ut
952 4663 1032 4727 Dion
1048 4684 1066 4726 a
1083 4661 1227 4728 Calendis
1242 4665 1263 4727 J
1265 4683 1401 4740 anuaru
1426 4667 1447 4728 J
1450 4667 1586 4749 osephus

232 4752 304 4816 hic·
295 4771 326 4815 m
341 4753 431 4816 rebus
446 4750 577 4814 Herodis
591 4750 728 4816 Judaicis
748 4773 768 4814 2
784 4753 923 4833 sequenti
937 4751 1035 4816 Nisau
1050 4771 1162 4816 annum
1176 4753 1314 4818 inchoet:
1346 4759 1379 4816 22
1391 4711 1476 4820 12222
1494 4765 1588 4837 gesta

119 4873 123 4886 ·
184 4857 191 4878 ⁸
234 4842 296 4904 t
309 4842 389 4904 mter
403 4849 560 4921 utrumque
574 4839 691 4906 initium
705 4859 798 4906 verno
814 4849 960 4924 tempore,
975 4842 1055 4925 quod
1070 4849 1103 4904 22
1116 4841 1177 4908 Dio
1193 4843 1320 4924 patitur.
