3400 5538
686 235 765 298 uoce
790 235 903 288 auom
1385 239 1446 304 541

231 415 277 480 ld.
307 414 443 471 Successit
462 413 655 485 1616611616
676 429 702 470 ιι.
721 431 756 470 ιι.
778 415 863 477 2956,
885 431 910 470 a
931 415 979 470 68.
1004 415 1087 480 1643,
1107 416 1153 488 qui
1172 425 1234 486 post
1254 433 1338 474 annos
1360 419 1377 474 1
1398 434 1448 474 ex·

141 497 280 568 pugnavit
295 497 526 566 derosolymorum
547 511 637 548 arcera
656 494 765 564 primus,
784 493 874 548 mundi
896 496 980 559 2956,
1002 511 1027 550 ιι.
1048 496 1098 550 Ch.
1121 497 1204 552 1636.

233 603 278 658 17.
309 603 375 656 Post
395 601 462 656 alios
483 599 555 672 33¹le
577 605 605 654 66
624 599 772 656 Salomonis
793 599 812 654 3
831 601 1007 655 fundamenta
1027 608 1089 654 sunt
1089 601 1183 671 jacta
1199 602 1302 672 templi,
1323 609 1449 656 currente

141 691 207 736 ante
227 683 275 736 (lh.
298 681 369 744 999,
395 681 471 735 annis
492 683 548 737 496
570 696 588 734 6
607 681 735 734 61ιί61666
762 687 867 743 terrae,
888 697 947 733 cum
969 681 1025 736 496
1051 682 1104 734 sint
1128 685 1161 737 16
1178 681 1310 752 jubilaeo.
1350 685 1449 754 ltaque

141 763 251 816 videtur
271 763 396 816 Salomon
417 773 591 831 exspectasse
606 759 758 829 jubilaeum
779 761 867 814 istum.

231 842 277 897 ’18
307 841 376 895 Sunt
401 841 486 911 igitur
513 841 547 894 ab
569 840 646 893 exitu
673 840 707 893 ad
728 841 856 910 ternplum
876 839 940 896 536.
980 839 1056 895 Libri
1083 840 1193 912 quidem
1213 841 1320 911 Regum
1346 813 1450 911 666666
1523 857 1547 916 ⁵.

139 922 215 986 486,
246 921 291 991 qui
320 936 445 974 numurus
474 922 604 975 conflatus
632 925 730 973 estex
757 919 877 973 omnibus
904 919 931 972 in
957 919 1033 974 libris
1053 922 1085 974 V.
1107 921 1136 974 T.
1159 921 1319 990 expressis,
1340 921 1448 975 extritis

140 1001 327 1054 servitutibus.
368 1000 491 1055 Vicissim
515 1001 549 1054 D.
570 1001 672 1054 Paulus
698 1005 823 1066 numerat
842 999 899 1054 456
928 999 1096 1053 adivisione
1123 1003 1157 1053 ud
1183 1001 1306 1064 Saulem,
1332 1005 1449 1070 quantus

139 1082 279 1152 colligitur
300 1097 336 1134 ex
356 1079 476 1134 666666
496 1077 613 1134 numeris
633 1078 769 1147 expressis
790 1078 817 1132 in
836 1079 869 1132 V.
891 1080 935 1142 Τ.,
956 1079 1097 1133 accessitis
1122 1079 1305 1134 servitutibus.
1346 1082 1391 1134 lta
1411 1094 1449 1133 ex

139 1162 178 1214 46
200 1160 315 1221 deserti,
337 1160 571 1229 loccupationis,
592 1159 649 1214 456
669 1158 807 1221 Judicum,
833 1163 896 1228 post
914 1160 1025 1212 Jcsuam
1050 1161 1084 1212 ad
1105 1159 1272 1222 Samuelem,
1299 1161 1337 1214 46
1359 1159 1448 1214 Saulis

139 1247 170 1292 et
189 1241 228 1295 43
249 1255 334 1310 usque
363 1240 399 1292 ad
423 1241 551 1309 templum
580 1253 683 1292 summa
710 1239 741 1292 66
767 1239 823 1292 586
853 1255 904 1292 non
925 1239 996 1299 486·
1023 1237 1119 1308 quibus
1140 1237 1163 1292 si
1186 1239 1220 1294 12
1186 1239 1297 1293 lsub
1323 1239 1449 1309 Samuele

140 1320 279 1372 addideris
308 1321 454 1372 secundum
482 1320 629 1388 Josephum
664 1321 693 1370 et
725 1324 878 1410 computum
907 1315 1154 1381 Samaritanorum,
1186 1325 1354 1388 consurgunt
1382 1319 1448 1380 592,

140 1406 273 1470 quantum
300 1384 382 1452 661616
402 1398 537 1468 Josephus
562 1396 645 1467 ponit
685 1396 750 1453 At
742 1415 770 1451 sn
789 1397 841 1450 hoc
860 1397 998 1466 praesenti
1024 1405 1147 1467 computo
1173 1399 1338 1468 colliguntur
1363 1397 1449 1452 minus

139 1495 222 1549 quam
243 1479 314 1540 592,
334 1481 396 1548 plus
417 1493 496 1550 quam
517 1473 584 1542 486,
605 1481 633 1530 66
654 1485 728 1531 recte
749 1477 864 1548 quidem.
905 1478 974 1530 Nam
993 1493 1074 1530 verus
1102 1493 1231 1533 annorum
1251 1492 1393 1540 numerus,
1414 1477 1448 1530 ob

139 1559 227 1628 ipsam
247 1557 411 1612 collectionis
435 1558 568 1612 rationem
587 1555 735 1627 geminam,
757 1567 799 1611 eet
818 1563 893 1610 certo
912 1573 966 1610 non
985 1555 1074 1610 minor
1094 1572 1175 1627 quam
1194 1559 1265 1621 486,
1290 1576 1343 1612 666
1362 1555 1450 1626 major

139 1653 221 1710 quaro
243 1637 308 1693 592.
347 1637 386 1692 Et
405 1655 468 1691 ecce
489 1637 546 1694 536
567 1643 610 1690 666
628 1637 732 1714 medius
752 1636 823 1691 inter
842 1643 987 1708 utrumque
1009 1636 1119 1690 fortuito
1140 1635 1238 1692 6616611
1258 1644 1365 1692 eventa

231 1745 275 1800 79.
305 1744 368 1798 Jam
383 1760 515 1801 666666
536 1743 1015 1816 6666666666666666616166
1035 1749 1101 1812 puto
1122 1744 1258 1798 numerari
1279 1761 1315 1798 ex
1330 1741 1451 1797 Jeremia

138 1833 170 1880 et
197 1823 343 1878 Eaechiele
367 1824 424 1880 436
454 1825 489 1880 68
515 1825 652 1893 occupatis
681 1839 700 1878 a
723 1824 829 1880 Daside
858 1823 1045 1894 ierosolymis,
1071 1824 1106 1876 ad
1138 1824 1232 1878 urbem
1262 1839 1280 1876 a
1304 1821 1450 1878 Chaldaeis

138 1907 315 1958 destructam.
344 1905 443 1974 ltaque
463 1907 498 1958 66
519 1920 603 1958 annos
622 1903 713 1958 mundi
734 1905 810 1959 2956
831 1905 901 1956 adde
922 1903 990 1966 436,
1010 1902 1173 1972 proveniunt
1193 1903 1279 1965 3386,
1300 1910 1365 1958 aute
1385 1902 1448 1956 Chr.

139 1985 214 2047 666,
241 1989 272 2038 ut
297 1983 333 2036 sit
352 1984 524 2053 lerosolyma
543 1999 562 2036 a
580 1983 686 2038 Doride
712 1991 796 2052 capta
821 1983 896 2038 initio
922 1997 1057 2044 summae,
1083 1998 1103 2035 a
1121 1983 1237 2038 Sedecia
1262 1983 1363 2038 amissa
1387 1983 1448 2038 666.

137 2065 267 2132 166666
286 2079 345 2131 cap.
368 2063 414 2117 32.
436 2061 574 2118 Jeremiae
596 2070 625 2118 et
646 2064 730 2118 1-4.
749 2063 916 2127 Ezechielis,
938 2061 1085 2132 apparebit
1105 2063 1189 2126 enim,
1209 2063 1282 2132 loqui
1301 2062 1450 2132 prophetas

138 2145 173 2198 de
193 2149 315 2211 tempore
336 2158 479 2210 possessae
499 2143 582 2197 urbis.

229 2223 274 2276 86.
303 2223 392 2275 Erunt
416 2221 502 2294 igitur
528 2221 591 2276 anni
618 2221 675 2277 396
702 2223 736 2276 ad
766 2221 937 2286 13666166,
965 2221 1052 2276 6646
1079 2222 1114 2275 ad
1143 2223 1177 2277 12
1200 2221 1450 2275 866661661166

137 2301 276 2356 Jereroiae
297 2301 333 2356 25
354 2317 373 2359 a
395 2301 552 2372 lauceae
579 2301 655 2369 (ante
676 2301 723 2356 (lh.
746 2297 813 2364 646)
839 2306 903 2354 sunt
928 2300 1006 2356 solidi
1027 2297 1064 2356 22
1091 2303 1128 2354 ad
1155 2301 1317 2356 4Joaohim
1338 2298 1450 2366 (Christi

137 2381 216 2444 624),
257 2379 327 2434 Hinc
346 2381 425 2435 solidi
446 2382 462 2437 'l
484 2384 520 2436 ad
540 2381 618 2436 initia
636 2381 768 2436 Sedeciae
789 2379 861 2446 (chr.
884 2376 960 2445 617),
981 2381 1099 2438 1116611
1124 2382 1159 2434 66
1180 2397 1278 2452 rogum
1298 2380 1380 2434 urbis.

227 2461 273 2515 81.
302 2461 356 2514 Sed
376 2463 411 2514 66
432 2461 594 2532 digerendos
608 2462 810 2551 6666666666
824 2461 975 2515 6616666116
990 2477 1091 2516 summe
1112 2460 1268 2516 accessoria
1283 2467 1326 2512 cst
1339 2460 1448 2550 666616,

136 2547 168 2594 ut
190 2539 254 2596 anni
281 2555 372 2594 ornnes
400 2539 572 2594 includantur
597 2540 676 2592 statis
705 2540 783 2596 metis
812 2541 957 2609 primorum
978 2539 1107 2594 mensium
1127 2546 1156 2593 et
1176 2539 1312 2592 dicatur'
1305 2557 1328 2592 ss
1347 2539 1449 2608 primus

137 2619 225 2690 regis,
254 2619 281 2674 16
301 2635 354 2711 quo
374 2621 464 2690 coepit
482 2636 543 2684 rex,
562 2619 696 2698 idemque
725 2619 834 2674 ultimus
863 2620 1012 2684 demortui,
1041 2620 1092 2716 nisi
1118 2619 1155 2673 sit
1180 2620 1253 2674 circa
1277 2621 1356 2720 linem
1385 2615 1449 2672 anni

137 2700 215 2756 facts
234 2698 375 2754 successio

230 2780 275 2839 82.
306 2777 373 2832 Cum
392 2795 460 2850 ergo
481 2795 568 2832 annus
590 2779 665 2834 1662
687 2785 751 2832 aute
771 2777 820 2834 Ch.
841 2741 877 2832 616
895 2777 996 2847 primus
1017 2777 1176 2840 Salomonis,
1197 2779 1250 2832 erit
1270 2777 1326 2832 962
1347 2778 1448 2848 primus

134 2858 269 2914 Robeami
284 2864 318 2920 et
337 2859 501 2922 Jercbeami,
522 2867 551 2912 et
571 2860 636 2914 945.
657 2859 758 2928 primus
776 2857 888 2922 Abiam,
906 2867 936 2912 et
958 2858 1003 2914 18.
1024 2857 1192 2923 Jerobeami,
1213 2864 1242 2912 et
1262 2857 1327 2912 943.
1348 2857 1446 2912 tertius

135 2938 244 3000 ntum,
264 2937 365 3007 primus
384 2945 450 3004 Asa,
472 2940 517 2994 26.
538 2938 701 2993 Jerobeami.

227 3041 283 3090 1166
299 3041 396 3092 666666
412 3043 563 3107 Keplerus
556 3058 583 3093 m
600 3042 759 3108 6666666666
777 3044 861 3108 pergit
876 3056 955 3108 usqne
974 3043 1007 3093 ad
1019 3055 1112 3092 annum
1124 3040 1188 3100 68,
1206 3053 1356 3092 enumerans
1373 3053 1448 3108 66666

135 3127 273 3176 eorumque
290 3114 362 3178 regni
381 3125 458 3164 66666
477 3111 531 3174 (Νι.
550 3112 674 3178 83-94).
709 3115 806 3164 Deinde
825 3113 864 3164 816
882 3115 952 3164 linit:

225 3203 272 3258 95.
301 3210 379 3259 Anno
401 3205 473 3268 668,
495 3207 521 3260 9.
542 3205 687 3268 Sedeciae,
713 3206 826 3258 obsessa
845 3213 888 3259 est
907 3205 1087 3275 ierosolyma.
1128 3211 1221 3260 Annus
1243 3203 1309 3266 667,
1333 3205 1376 3258 16.
1398 3203 1446 3257 Se·
1496 3241 1501 3248 .

134 3282 240 3342 deciae,
262 3289 323 3337 erat
337 3283 486 3352 jubilaeus,
507 3301 543 3338 ex
564 3285 752 3340 observatione
773 3285 1005 3340 Samaritanorum
1025 3284 1164 3340 hodierna.
1196 3286 1292 3353 ltaque
1312 3300 1364 3338 rex
1385 3299 1446 3336 cum

133 3364 237 3432 populo
257 3361 367 3418 foedere
393 3380 423 3418 se
443 3362 675 3418 constrinxerunt
689 3367 723 3419 ad
745 3365 916 3424 dimittendos
942 3381 1042 3418 servos.
1083 3363 1194 3418 Interim
1219 3361 1446 3416 6861666666-
1500 3375 1509 3392 ι

133 3442 219 3495 cessit
239 3457 257 3496 a
276 3442 467 3512 lerosolymis,
492 3444 606 3498 tendens
632 3442 659 3498 in
680 3461 818 3498 occursum
838 3445 987 3514 Aegyptio.
1028 3443 1160 3498 Jeremias
1181 3443 1263 3496 etiam
1290 3441 1390 3504 exirit,
1404 3448 1448 3495 ‘ut

133 3521 262 3574 solennia
287 3523 394 3592 aliqua,
409 3522 534 3591 jubilaeo
561 3523 679 3588 usitata,
711 3524 823 3578 iaceret.
870 3523 945 3580 lunc
969 3522 1069 3578 ludaei
1090 3521 1268 3591 poenitudine
1293 3523 1367 3575 ducti
1393 3538 1447 3576 nou

133 3601 295 3654 dimiserunt
314 3617 414 3656 servos
455 3604 590 3658 Reversus
617 3601 705 3695 161666
723 3609 766 3658 est
784 3605 819 3656 66
846 3602 1010 3656 obsidionem
1032 3602 1185 3656 Chaldaeus
1206 3602 1354 3671 urbemque
1374 3600 1448 3669 cepit

134 3682 649 3754 66666666661186666166661
663 3700 716 3737 non
736 3689 797 3737 erat
814 3681 978 3736 sabbaticus.
998 3681 1125 3752 Legatur
1139 3681 1271 3734 Jcremias
1291 3681 1446 3752 diligenter,

133 3760 293 3829 apparebit,
313 3763 384 3831 quod
404 3761 471 3816 dico.

226 3841 271 3894 96.
301 3841 346 3894 Ex
367 3842 511 3895 collatione
531 3841 667 3900 lerenius
688 3847 717 3896 et
728 3841 880 3899 Ezechielis
900 3847 986 3910 patet,
1008 3847 1115 3896 aestate
1135 3840 1216 3910 hujus
1238 3841 1304 3895 666
1326 3839 1446 3909 coepisse

138 3921 185 3976 19.
206 3919 487 3975 Nabuchodonoscris.
517 3921 633 3976 Proinde
654 3921 697 3975 hic
717 3921 980 3990 estNabopollassar
1001 3919 1157 3976 Ptolemaei.
1188 3921 1256 3974 Nam
1278 3922 1348 3990 quod
1370 3919 1447 3972 annis

135 3999 236 4053 abhinc
260 4001 294 4054 15
316 4008 388 4054 retro
409 4001 557 4070 numeratis
578 4001 684 4069 eclipsis
705 4001 753 4054 illa
772 4001 914 4063 inreuitur,
935 4017 1015 4072 quam
1030 4003 1203 4060 Ptolemaeus
1225 3999 1355 4054 adcribit
1375 4013 1445 4052 anno

134 4079 375 4148 Nabopollsssaris
396 4079 423 4142 5,
453 4097 513 4134 cum
541 4079 584 4133 hic
614 4087 769 4136 numeretur
799 4097 884 4135 annus
913 4081 948 4134 ab
976 4087 1082 4136 aestate
1103 4082 1129 4136 4.
1158 4087 1185 4136 66
1212 4089 1276 4134 ante
1303 4084 1446 4140 aestatem,

135 4175 230 4212 rnense
251 4175 304 4228 quo
326 4159 432 4229 eclipsis
451 4159 512 4224 fuit,
534 4157 559 4213 3.
570 4159 849 4224 Nabuchodonosoris,
870 4177 922 4213 non
933 4161 959 4223 5,
981 4159 1006 4214 id
1028 4159 1095 4214 solvi
1115 4177 1194 4230 posse
1213 4167 1279 4231 puto
1300 4174 1350 4227 per
1368 4157 1445 4228 frag·

134 4247 256 4292 mentum
277 4238 446 4310 antiquitatis
467 4238 645 4302 Chaldaicos,
665 4243 801 4310 prolatum
821 4254 839 4293 6
858 4239 990 4309 Josepho,
1011 4239 1057 4311 qui
1077 4241 1177 4304 refert,
1198 4241 1225 4294 iu
1246 4236 1445 4306 expeditionem

134 4317 278 4387 Syriacam
304 4319 482 4386 proficiscenti
507 4320 769 4374 Nabuchodonosoro
795 4325 900 4390 patrem
926 4321 1141 4374 Nabulassarum
1168 4319 1311 4374 tradidisse
1339 4321 1446 4385 partem

134 4397 224 4470 regni,
245 4403 277 4450 ut
297 4399 337 4452 ita
356 4399 529 4456 Ptolemaeus
550 4417 619 4454 anno
640 4416 693 4453 uno
713 4403 774 4470 plus
795 4405 918 4453 numeret
938 4400 973 4453 ab
995 4401 1041 4454 illo
1061 4417 1110 4454 suc
1131 4399 1214 4454 initio.

224 4505 271 4561 97.
301 4504 362 4560 Etsi
382 4505 459 4560 aunis
482 4506 517 4562 18
538 4507 632 4560 diebus
656 4509 692 4562 16
713 4513 777 4560 ante
797 4507 868 4560 lsauc
888 4507 1000 4576 eclipsin
1026 4507 1078 4562 fuit
1098 4505 1155 4560 alia
1174 4502 1332 4566 consimilis,
1353 4503 1444 4555 obser·

134 4591 201 4638 ratu
222 4583 393 4648 commodior,
413 4587 495 4654 plane
516 4585 706 4656 aptaadidem
726 4585 885 4648 institutum,
906 4586 949 4640 cui
958 4589 1132 4642 Ptolemaeus
1152 4583 1299 4639 destinavit
1317 4583 1444 4642 alteram,

133 4681 205 4734 quae
236 4665 265 4720 ia
292 4681 396 4720 666666
423 4665 615 4722 mathematico
644 4683 740 4736 66666
766 4664 993 4736 babylonicorum
1020 4668 1102 4736 plano
1132 4664 1205 4718 cadit
1234 4661 1265 4732 16
1290 4665 1316 4718 5.
1346 4677 1445 4716 aunum

131 4743 373 4816 Nabopollssearie
392 4744 472 4810 illius,
494 4762 572 4817 quem
602 4745 696 4802 iisdem
716 4761 785 4816 pene
806 4746 890 4802 literis
911 4746 1030 4817 origines
1051 4743 1214 4802 Cbaldsicae
1235 4743 1444 4798 b'abulassarem
