3396 5540
251 226 314 284 tlt
768 219 876 284 Eclogae
902 221 1048 272 Chronicae.

250 406 281 462 te
311 401 331 476 β
358 397 415 462 iras
446 396 496 464 vel
528 395 655 462 omniuo
682 421 723 483 ep
746 403 779 478 tp
800 395 870 472 drea,
901 395 949 460 uti
971 395 1069 479 plane
1090 397 1243 479 scriptum
1268 402 1375 464 exstat
1395 399 1466 482 ipso
1489 411 1591 466 anno·

253 485 452 572 Olympiadis
476 483 617 566 COH?*)
1696 507 1697 510 ’

251 575 480 659 Hieronymus,
510 573 627 656 inquis,
659 572 756 638 vertit
782 577 918 656 »quarto
941 592 1056 651 armon
1083 572 1162 655 quid
1183 575 1293 658 igitur,
1319 576 1348 640 si
1374 583 1407 640 et
1434 577 1504 659 ipse
1526 583 1573 640 est

251 661 492 728 hallucinatus?
526 663 611 727 Nam
633 661 661 726 si
683 658 839 744 ponderes
855 659 954 730 verba
969 662 1155 746 Hieronymi
1181 669 1317 747 squama
1332 669 1442 729 autem
1457 685 1569 740 annon

251 751 349 834 plane
372 749 542 830 constabit,
567 750 673 833 ipsum
695 750 811 831 legisse
833 769 898 816 non
920 777 962 840 ep
984 759 1014 815 be
1037 750 1103 827 drea,
1125 749 1184 818 sed
1204 777 1245 840 τῳ
1269 761 1339 842 bad.
1354 753 1420 818 decr.
1455 753 1573 837 Magna

251 840 363 921 itaque
386 839 523 924 suspicio
546 844 604 916 est,
637 837 783 906 voculam
805 848 837 905 dc
858 855 918 922 pro
940 839 1100 904 numerali
1122 860 1292 923 perperam
1313 847 1464 906 sumtam.
1510 846 1573 908 hut

252 927 282 990 si
302 928 515 1010 Hieronymus
538 925 663 992 addidit
678 931 786 993 'unum
807 936 832 1004 c,
856 948 914 1010 pro
936 953 978 1016 ep
1001 937 1032 992 cr
1055 927 1112 992 ira
1135 928 1244 1012 legens
1266 955 1306 1018 cp
1329 939 1360 994 ts
1383 939 1408 994 t.
1427 931 1495 1008 ica,
1518 950 1574 996 cur

252 1037 319 1080 non
345 1014 438 1080 nobis
461 1036 565 1099 aeque
587 1015 692 1094 liceat,
722 1037 824 1088 unum
846 1019 866 1096 β
887 1015 1017 1097 addere,
1044 1035 1103 1099 pro
1125 1043 1167 1106 ep
1189 1025 1220 1082 be
1243 1018 1299 1083 drea
1320 1017 1458 1102 legendo
1480 1046 1521 1108 ap
1544 1029 1574 1084 de

252 1107 279 1184 β.
302 1104 381 1168 dces?
405 1104 499 1170 Certe
521 1105 734 1188 Hieronymus
757 1125 831 1170 cum
852 1103 1002 1187 passione
1017 1125 1082 1170 uno
1098 1126 1183 1170 auno
1199 1106 1324 1188 longius
1339 1107 1408 1172 abit
1423 1129 1444 1172 a
1458 1113 1575 1190 quarto

136 1213 141 1222 ’
253 1191 451 1276 Olympiadis
473 1197 661 1273 retrorsum,
694 1213 793 1275 quam
816 1193 960 1259 Graecus
982 1192 1153 1260 Eusebius.
1197 1197 1241 1262 Et
1261 1215 1319 1278 per
1341 1215 1376 1260 se
1398 1195 1575 1261 absurdum

253 1287 318 1360 est,
360 1281 411 1346 vel
449 1281 535 1346 hunc
573 1280 624 1348 vel
655 1279 748 1346 illum
778 1281 997 1348 adducturum
1026 1283 1125 1348 inisse
1157 1283 1290 1367 eclipsin
1317 1279 1363 1348 'ad
1384 1285 1576 1368 signandam

195 1365 197 1372 ’
252 1369 444 1452 passionem,
477 1370 505 1435 si
536 1390 608 1434 eam
638 1369 691 1435 uel
721 1369 862 1436 secundo
885 1369 936 1434 uel
958 1370 1064 1450 tertio,
1089 1371 1180 1436 illam
1202 1393 1277 1438 vero
1300 1373 1434 1457 eclipsin
1458 1381 1576 1456 quarto

253 1457 451 1541 Olympiadis
486 1479 572 1526 anno
607 1457 728 1528 noum
763 1457 867 1543 rigide
900 1457 1100 1526 statuissent.
1153 1461 1203 1525 Ex
1236 1482 1302 1544 quo
1339 1463 1403 1526 uim
1439 1463 1577 1526 aestima

251 1546 412 1629 phraseos
439 1547 510 1612 καθ’
543 1545 577 1612 ὃν
608 1567 718 1629 aanor.
762 1547 861 1612 Vides
893 1549 1008 1630 opinor
1040 1547 1166 1628 Calvisi,
1199 1555 1359 1632 quantum
1388 1551 1579 1616 auctoritati

253 1634 440 1717 Phlegontis
472 1655 493 1702 a
515 1636 633 1702 nostris
655 1635 752 1702 hodie
775 1636 818 1700 sit
839 1634 1057 1715 tribuendum,
1080 1657 1153 1702 cum
1177 1637 1391 1722 Hieronymus
1410 1643 1480 1725 jam
1502 1640 1578 1705 oliuu
1696 1677 1697 1722 3

252 1723 285 1787 ἐν
317 1729 419 1790 cicera
451 1724 542 1790 illam
572 1731 703 1803 secutus
725 1725 777 1790 sit.
824 1723 906 1791 cum
927 1724 1026 1808 igitur
1047 1727 1154 1808 neque
1176 1728 1391 1792 astronomica
1413 1727 1578 1792 subtilitas

252 1810 344 1878 uobis
367 1811 502 1880 idoneus
524 1818 705 1896 temporum
727 1813 769 1878 sit
786 1813 895 1898 judex,
920 1813 1040 1897 quippe
1055 1813 1204 1897 neglecta
1217 1836 1237 1878 s
1251 1821 1433 1900 temporum
1446 1817 1579 1882 illorum
1696 1893 1697 1900 q

253 1899 501 1982 ordinatoribus,
534 1922 641 1985 neque
667 1901 799 1968 Eusebii
823 1903 1012 1980 auotoritas,
1045 1901 1073 1967 si
1100 1902 1152 1967 vel
1178 1903 1299 1987 optime
1320 1905 1381 1970 sibi
1404 1913 1577 1982 constaret,
1696 1947 1697 1958 .

251 1987 391 2054 sufficiat
414 1995 526 2054 contra
546 1995 597 2056 tot
618 1995 748 2074 patrum
771 1989 956 2073 antiquiora
977 1990 1168 2071 tesmonia,
1187 1991 1313 2076 quippe
1328 1993 1525 2078 chronologi,
1547 1993 1578 2058 id
1696 2029 1697 2034 κ

252 2083 301 2141 est
331 2077 587 2145 testimoniorum
619 2079 838 2166 aucupatoria,
871 2079 1120 2159 conha'nudas,
1154 2080 1294 2146 sinceras
1317 2088 1351 2146 et
1372 2083 1579 2166 incorruptas
1696 2093 1697 2122 ³

251 2165 477 2232 auctoritates:
501 2167 589 2234 vides
613 2166 740 2248 Calyisi,
765 2167 845 2250 quid
868 2187 888 2232 a
911 2166 1003 2234 nobis
1020 2155 1220 2234 Clmistianae
1235 2169 1399 2252 religionis
1413 2175 1577 2256 majestas,

250 2254 330 2336 quid
352 2273 372 2318 a
395 2255 626 2339 typographiae
649 2257 798 2322 inveutae
821 2256 986 2323 commodo
1009 2264 1042 2322 et
1064 2277 1085 2322 a
1106 2258 1227 2324 renatis
1249 2258 1324 2324 iude
1346 2259 1449 2324 literis
1469 2265 1577 2342 poste·

252 2343 333 2408 ritas
357 2343 536 2426 exspectet:
564 2335 611 2410 ad
629 2343 716 2427 quod
737 2365 856 2428 magno
878 2351 912 2410 ct
934 2344 1010 2411 lorti
1032 2345 1139 2412 animo
1161 2347 1392 2429 praestandum
1420 2351 1504 2432 opus
1531 2353 1580 2412 est
1696 2343 1697 2346 ’

251 2430 344 2497 nobis
372 2431 549 2525 obfirmatis
575 2431 710 2502 auribus
733 2441 847 2498 contra
870 2433 1026 2500 clamores
1049 2434 1146 2500 unius
1169 2441 1202 2500 et
1223 2435 1359 2501 alterius
1382 2438 1576 2501 sermocina·

250 2520 332 2586 toris
358 2519 509 2604 imperiti,
542 2522 650 2588 animo
677 2527 815 2606 angusto
842 2521 930 2588 intra
955 2523 1051 2588 unius
1079 2529 1112 2587 et
1138 2525 1292 2606 postremi
1313 2525 1414 2590 seculi
1437 2525 1578 2608 spatium

250 2610 423 2688 versantia·
455 2631 539 2692 opus
567 2617 621 2702 est,
646 2611 786 2676 candore
808 2615 842 2675 et
864 2610 1063 2693 ingenuitate
1084 2611 1119 2678 in
1140 2613 1364 2695 retractandis,
1395 2635 1482 2698 quae
1505 2633 1576 2698 pcr-

126 2715 132 2732 ‘
250 2718 363 2782 peram
385 2698 633 2766 tradideramus.
680 2699 744 2766 Sed
766 2719 866 2780 cesso,
890 2707 927 2764 ut
949 2705 982 2764 te
1005 2699 1145 2766 audiam.
1251 2731 1252 2736 ¹

339 2839 520 3012 Elqilsgqla
542 2841 611 2909 XV.
657 2813 797 2907 Sethus
821 2839 1014 2908 Calvisius
1037 2841 1117 2907 Joh.
1141 2843 1307 2928 lieplero
1330 2833 1368 2910 Sss
1409 2843 1478 2927 (27.
1503 2845 1577 2909 Dec.

250 2947 336 2993 anno
450 2979 457 2993 .
723 2965 725 2972 ·

328 3061 372 3113 De
393 3075 463 3113 auno
484 3058 618 3128 passionis
639 3058 742 3116 Christi
757 3061 797 3114 vis
813 3067 844 3114 ut
858 3067 949 3116 tecum
964 3061 1089 3125 seutiam,
1110 3070 1140 3116 et
1155 3079 1224 3116 nnnc
1242 3063 1288 3118 31.
1303 3079 1388 3118 serae
1404 3061 1578 3142 Christianae

250 3137 413 3194 adscribam.
455 3139 510 3194 Cur
530 3139 562 3198 ¹id
587 3155 641 3194 non
666 3139 775 3210 possim,
801 3141 855 3194 hae
883 3148 947 3194 sunt
972 3157 1051 3196 meae
1079 3143 1208 3196 rationes.
1249 3143 1431 3198 l'lenilunium
1453 3160 1486 3196 eo
1501 3159 1577 3195 annu

250 3215 354 3271 factum
381 3221 427 3275 27.
448 3217 541 3272 Martii
568 3219 639 3272 feria
660 3217 752 3280 tertia,
773 3220 843 3274 hora
864 3237 920 3274 una
938 3228 1002 3290 post
1020 3216 1216 3284 meridiem**).
1257 3223 1286 3276 Si
1301 3223 1361 3291 jam
1382 3223 1489 3291 pascha
1509 3221 1578 3274 feria

251 3297 368 3366 septima
397 3301 581 3371 praecedente
612 3299 781 3355 celebratmn
813 3306 899 3362 esset,
934 3307 999 3355 tunc
1025 3299 1150 3356 Christus
1180 3302 1224 3355 die
1251 3319 1324 3358 nona
1347 3302 1447 3356 mensis
1474 3302 1577 3372 pascha

249 3377 426 3440 celebrasset,
449 3395 509 3432 cum
530 3378 696 3432 die‘decimo
713 3375 828 3433 'tandem
849 3395 939 3450 agnus
959 3379 1097 3450 paschaiis
1118 3388 1192 3434 esset
1212 3383 1389 3450 separandus.
1420 3381 1459 3436 Et
1481 3381 1577 3434 deinde

147 3473 150 3480 ·
250 3456 366 3510 indictus
391 3457 490 3514 linisset
514 3475 613 3512 mensus
634 3453 845 3527 puchat5s‚*·)
866 3475 926 3513 cum
946 3454 1034 3513 Luna'
1048 3459 1137 3514 adhuc
1159 3463 1192 3514 ad
1214 3461 1346 3515 orientem
1365 3452 1576 3532 conspiceretur.

249 3537 367 3590 Veteres
393 3543 486 3592 summ
511 3537 608 3592 Lunae
638 3553 745 3592 cursum
771 3539 934 3593 observasse
959 3539 1182 3609 diligentissime,
1209 3542 1291 3594 etiam
1317 3541 1422 3612 absque
1448 3543 1577 3594 mandato

249 3615 349 3679 divino,
376 3622 483 3674 butum
508 3617 682 3672 oeconomiae
708 3618 824 3681 ratione,
851 3621 926 3672 vides
952 3621 979 3674 in
1000 3621 1133 3682 Varrone,
1160 3619 1206 3692 qui
1231 3627 1260 3675 et
1280 3621 1432 3689 plenilunia
1452 3629 1484 3673 at
1503 3619 1576 3674 nori·
1621 3645 1626 3672 ι

249 3695 329 3750 lunia
354 3711 391 3750 ex
416 3697 653 3752 observationibus
678 3699 866 3766 praescribere
891 3699 989 3769 potuit.
1032 3699 1088 3753 Cur
1112 3701 1164 3753 hoc
1184 3701 1284 3754 Judsei
1299 3718 1362 3754 'non
1383 3701 1478 3754 iacere
1498 3707 1577 3770 pctu-

248 3774 336 3838 erint,
363 3776 409 3845 qui
429 3772 651 3845 jubebanturtii
692 3779 731 3832 Et
754 3785 863 3848 pugnat
887 3787 1036 3848 praeterea
1061 3780 1132 3834 haec
1151 3781 1289 3834 mantia
1304 3795 1365 3834 curu
1378 3781 1578 3851 Euangeliatia
1696 3781 1697 3784 ’

248 3854 300 3926 qui
321 3861 440 3926 quatuor
459 3858 621 3928 paschatum
641 3851 881 3924 memineruutii).
923 3859 1000 3921 Quod
1026 3860 1105 3914 Joan.
1128 3859 1154 3916 5.
1175 3859 1275 3914 festum
1295 3861 1442 3931 detorques
1463 3863 1499 3914 ad
1520 3858 1578 3913 dies

248 3991 463 4018 Γ--.-

352 4071 380 4140 'l
409 4077 484 4132 Nota
504 4077 583 4141 benc,
610 4099 645 4150 ap
670 4083 700 4133 be
718 4079 768 4134 ira
787 4101 830 4151 της
849 4090 888 4150 cp.
909 4077 1081 4146 ὀλυμπιαδοςε
1103 4080 1129 4136 h.
1151 4099 1175 4136 e.
1197 4097 1267 4134 anno
1289 4083 1344 4144 illo,
1365 4098 1419 4152 qno
1435 4081 1576 4152 Olympiae

248 4153 329 4211 CCII.
356 4163 399 4210 est
421 4163 493 4220 acta,
513 4159 701 4229 menseqdulio
723 4161 750 4223 9,
771 4160 816 4214 die
837 4161 883 4215 25.
905 4161 973 4214 h'ov.
995 4160 1133 4232 sequentis
1154 4161 1228 4215 circa
1247 4160 1386 4216 meridiem
1407 4178 1457 4216 sen
1480 4163 1497 4216 2
1518 4163 1574 4214 hor.

247 4244 324 4300 ante,
347 4237 455 4306 eclipsis
476 4237 534 4292 iere
554 4237 648 4293 totalis
669 4238 695 4292 in
715 4238 791 4302 Asia,
814 4240 901 4294 indice
921 4241 1026 4294 calculo
1048 4241 1235 4294 amrcnomico.
1369 4249 1373 4256 '

337 4313 383 4376 **)
410 4315 487 4380 Atqui
506 4330 521 4363 c
540 4315 613 4374 boue,
632 4316 726 4366 dicmur
746 4319 829 4368 estin
847 4317 1026 4380 superioribus,
1043 4319 1210 4382 plenilunium
1227 4319 1358 4383 politicum
1376 4319 1456 4369 inisse
1474 4319 1515 4368 die
1532 4314 1574 4371 Β,

246 4385 386 4450 quadriduo
405 4393 474 4444 ante,
491 4383 559 4438 teste
578 4387 725 4451 Epiphanio.
754 4387 819 4438 Vide
837 4387 917 4452 Epist.
936 4386 979 4438 23.

89 4451 92 4458 '
193 4470 195 4476 ¹
310 4453 382 4520 W)
410 4455 512 4506 Dictum
531 4471 615 4521 supra,
634 4457 756 4508 indictum
775 4473 831 4508 esse
850 4474 882 4508 ex
900 4460 978 4522 cyclo,
997 4475 1046 4516 non
1065 4475 1096 4510 cr
1115 4461 1209 4509 risione
1228 4459 1324 4510 Lunae.

355 4525 383 4589 †)
410 4527 545 4592 Nunquam
566 4531 641 4592 jussit
665 4529 735 4579 Deus
758 4529 890 4580 obseruare
915 4531 1021 4588 Lunam,
1047 4529 1092 4580 sed
1117 4543 1231 4580 mensem
1254 4533 1362 4595 primurn
1381 4531 1505 4586 usualem.
1529 4529 1570 4592 qui

247 4603 304 4648 eret
321 4599 454 4662 Aegyptiis
473 4598 576 4657 solus,
594 4607 706 4664 tempore
725 4597 818 4650 Christi
838 4601 945 4650 Lunaris
964 4601 1064 4666 quidem
1082 4601 1128 4652 sed
1147 4615 1177 4652 er
1201 4601 1278 4665 cyclo.

335 4667 380 4730 ii)
409 4669 587 4732 Hieronymus,
606 4670 726 4722 Irenaeum
745 4678 777 4720 eq.
789 4671 944 4736 Epiphanius
963 4675 990 4724 in
1007 4672 1176 4738 Euangelistis
1196 4687 1245 4722 nou
1263 4673 1337 4736 plura
1355 4673 1437 4722 tribus
1452 4669 1571 4737 pesclum

247 4738 442 4806 inveniuntuti
461 4755 541 4806 neque
561 4756 616 4806 ego.
