<?xml version="1.0" encoding="UTF-8"?>
<!DOCTYPE html PUBLIC "-//W3C//DTD XHTML 1.0 Transitional//EN"
    "http://www.w3.org/TR/xhtml1/DTD/xhtml1-transitional.dtd">
<html xmlns="http://www.w3.org/1999/xhtml" xml:lang="en" lang="en">
 <head>
  <title>
</title>
<meta http-equiv="Content-Type" content="text/html;charset=utf-8" />
  <meta name='ocr-system' content='tesseract 3.04.00' />
  <meta name='ocr-capabilities' content='ocr_page ocr_carea ocr_par ocr_line ocrx_word'/>
</head>
<body>
  <div class='ocr_page' id='page_1' title='image "./joanniskepleria00unkngoog_0385.png"; bbox 0 0 3406 5542; ppageno 0'>
   <div class='ocr_carea' id='block_1_1' title="bbox 233 263 1070 342">
    <p class='ocr_par' dir='ltr' id='par_1_1' title="bbox 233 263 1070 342">
     <span class='ocr_line' id='line_1_1' title="bbox 233 263 1070 342; baseline 0.01 -8"><span class='ocrx_word' id='word_1_1' title='bbox 233 263 299 334; x_wconf 79' lang='grc'><strong>366</strong></span> <span class='ocrx_word' id='word_1_2' title='bbox 733 283 1070 342; x_wconf 66' lang='grc' dir='ltr'><strong>ιιιΔ-ιιιιιιιοιιὼᾰ,</strong></span> 
     </span>
    </p>
   </div>
   <div class='ocr_carea' id='block_1_2' title="bbox 231 423 1572 776">
    <p class='ocr_par' dir='ltr' id='par_1_2' title="bbox 231 423 1572 776">
     <span class='ocr_line' id='line_1_2' title="bbox 232 423 1569 510; baseline -0.003 -18"><span class='ocrx_word' id='word_1_3' title='bbox 232 429 342 503; x_wconf 85' lang='lat' dir='ltr'><strong>alium,</strong></span> <span class='ocrx_word' id='word_1_4' title='bbox 364 447 454 510; x_wconf 65' lang='lat' dir='ltr'><strong>marn</strong></span> <span class='ocrx_word' id='word_1_5' title='bbox 476 428 604 508; x_wconf 86' lang='lat' dir='ltr'><strong>primum</strong></span> <span class='ocrx_word' id='word_1_6' title='bbox 627 445 737 490; x_wconf 82' lang='lat' dir='ltr'><strong>annum</strong></span> <span class='ocrx_word' id='word_1_7' title='bbox 761 429 839 508; x_wconf 89' lang='lat' dir='ltr'><strong>cycli</strong></span> <span class='ocrx_word' id='word_1_8' title='bbox 861 428 924 502; x_wconf 90' lang='lat' dir='ltr'><strong>sni,</strong></span> <span class='ocrx_word' id='word_1_9' title='bbox 948 445 1058 490; x_wconf 84' lang='lat' dir='ltr'><strong>annum</strong></span> <span class='ocrx_word' id='word_1_10' title='bbox 1080 427 1375 500; x_wconf 57' lang='lat' dir='ltr'><strong>cadelabrum</strong></span> <span class='ocrx_word' id='word_1_11' title='bbox 1398 425 1458 488; x_wconf 86' lang='lat' dir='ltr'><strong>hoc</strong></span> <span class='ocrx_word' id='word_1_12' title='bbox 1482 423 1569 506; x_wconf 85' lang='lat' dir='ltr'><strong>igitur</strong></span> 
     </span>
     <span class='ocr_line' id='line_1_3' title="bbox 231 513 1569 600; baseline -0.004 -18"><span class='ocrx_word' id='word_1_13' title='bbox 231 518 382 582; x_wconf 83' lang='lat' dir='ltr'><strong>Joanuem</strong></span> <span class='ocrx_word' id='word_1_14' title='bbox 397 517 535 600; x_wconf 87' lang='lat' dir='ltr'><strong>sequenti</strong></span> <span class='ocrx_word' id='word_1_15' title='bbox 556 515 710 580; x_wconf 88' lang='lat' dir='ltr'><strong>Christum</strong></span> <span class='ocrx_word' id='word_1_16' title='bbox 734 525 914 597; x_wconf 88' lang='lat' dir='ltr'><strong>conceptum</strong></span> <span class='ocrx_word' id='word_1_17' title='bbox 933 525 1090 590; x_wconf 72' lang='lat' dir='ltr'><strong>aarum,</strong></span> <span class='ocrx_word' id='word_1_18' title='bbox 1110 535 1221 580; x_wconf 87' lang='lat' dir='ltr'><strong>anuum</strong></span> <span class='ocrx_word' id='word_1_19' title='bbox 1242 516 1407 578; x_wconf 81' lang='lat' dir='ltr'><strong>secundnm</strong></span> <span class='ocrx_word' id='word_1_20' title='bbox 1427 513 1506 595; x_wconf 86' lang='lat' dir='ltr'><strong>cycli</strong></span> <span class='ocrx_word' id='word_1_21' title='bbox 1527 513 1569 576; x_wconf 91' lang='lat' dir='ltr'><strong>sni</strong></span> 
     </span>
     <span class='ocr_line' id='line_1_4' title="bbox 233 604 1570 687; baseline -0.004 -17"><span class='ocrx_word' id='word_1_22' title='bbox 233 607 405 670; x_wconf 74' lang='lat' dir='ltr'>numeravit</span> <span class='ocrx_word' id='word_1_23' title='bbox 419 607 546 687; x_wconf 88' lang='lat' dir='ltr'><strong>primum</strong></span> <span class='ocrx_word' id='word_1_24' title='bbox 560 604 797 679; x_wconf 81' lang='lat' dir='ltr'><strong>incarnationis;</strong></span> <span class='ocrx_word' id='word_1_25' title='bbox 818 605 899 668; x_wconf 87' lang='lat' dir='ltr'><strong>hunc</strong></span> <span class='ocrx_word' id='word_1_26' title='bbox 921 606 1095 668; x_wconf 69' lang='lat' dir='ltr'><strong>indictionis</strong></span> <span class='ocrx_word' id='word_1_27' title='bbox 1113 605 1250 686; x_wconf 81' lang='lat' dir='ltr'><strong>populari</strong></span> <span class='ocrx_word' id='word_1_28' title='bbox 1271 623 1394 668; x_wconf 88' lang='lat' dir='ltr'><strong>numero</strong></span> <span class='ocrx_word' id='word_1_29' title='bbox 1418 611 1502 668; x_wconf 67' lang='lat' dir='ltr'><strong>remo</strong></span> <span class='ocrx_word' id='word_1_30' title='bbox 1517 621 1570 664; x_wconf 84' lang='lat' dir='ltr'><strong>ex·</strong></span> 
     </span>
     <span class='ocr_line' id='line_1_5' title="bbox 233 693 1572 776; baseline -0.001 -18"><span class='ocrx_word' id='word_1_31' title='bbox 233 703 323 758; x_wconf 87' lang='lat' dir='ltr'><strong>tenso</strong></span> <span class='ocrx_word' id='word_1_32' title='bbox 339 695 488 776; x_wconf 73' lang='lat' dir='ltr'><strong>signarit,</strong></span> <span class='ocrx_word' id='word_1_33' title='bbox 509 694 673 756; x_wconf 84' lang='lat' dir='ltr'><strong>boucheto</strong></span> <span class='ocrx_word' id='word_1_34' title='bbox 689 713 839 758; x_wconf 87' lang='lat' dir='ltr'><strong>consensu</strong></span> <span class='ocrx_word' id='word_1_35' title='bbox 856 695 1027 758; x_wconf 84' lang='lat' dir='ltr'><strong>curnLnua</strong></span> <span class='ocrx_word' id='word_1_36' title='bbox 1041 696 1340 776; x_wconf 74' lang='lat' dir='ltr'><strong>metiaperauaait,</strong></span> <span class='ocrx_word' id='word_1_37' title='bbox 1358 693 1472 756; x_wconf 87' lang='lat' dir='ltr'><strong>omisso</strong></span> <span class='ocrx_word' id='word_1_38' title='bbox 1487 709 1572 766; x_wconf 88' lang='lat' dir='ltr'><strong>anno,</strong></span> 
     </span>
    </p>
   </div>
   <div class='ocr_carea' id='block_1_3' title="bbox 126 782 1030 879">
    <p class='ocr_par' dir='ltr' id='par_1_3' title="bbox 126 782 1030 879">
     <span class='ocr_line' id='line_1_6' title="bbox 126 782 1030 879; baseline -0.003 -30"><span class='ocrx_word' id='word_1_39' title='bbox 126 870 131 879; x_wconf 27' lang='grc' dir='ltr'><strong><em>Ι</em></strong></span> <span class='ocrx_word' id='word_1_40' title='bbox 232 803 321 868; x_wconf 89' lang='lat' dir='ltr'><strong>quem</strong></span> <span class='ocrx_word' id='word_1_41' title='bbox 335 794 391 846; x_wconf 83' lang='lat' dir='ltr'><strong>aut</strong></span> <span class='ocrx_word' id='word_1_42' title='bbox 403 782 553 845; x_wconf 76' lang='lat' dir='ltr'><strong>Eusebius</strong></span> <span class='ocrx_word' id='word_1_43' title='bbox 568 791 623 844; x_wconf 88' lang='lat' dir='ltr'><strong>aut</strong></span> <span class='ocrx_word' id='word_1_44' title='bbox 637 783 823 864; x_wconf 76' lang='lat' dir='ltr'><strong>antiquiores</strong></span> <span class='ocrx_word' id='word_1_45' title='bbox 838 785 1030 848; x_wconf 78' lang='lat' dir='ltr'><strong>statuissent</strong></span> 
     </span>
    </p>
   </div>
   <div class='ocr_carea' id='block_1_4' title="bbox 231 870 1573 1042">
    <p class='ocr_par' dir='ltr' id='par_1_4' title="bbox 231 870 1573 1042">
     <span class='ocr_line' id='line_1_7' title="bbox 319 870 1571 954; baseline -0.006 -16"><span class='ocrx_word' id='word_1_46' title='bbox 319 875 541 953; x_wconf 77' lang='lat' dir='ltr'><strong>Argumentum</strong></span> <span class='ocrx_word' id='word_1_47' title='bbox 556 871 668 934; x_wconf 89' lang='lat' dir='ltr'><strong>erroris</strong></span> <span class='ocrx_word' id='word_1_48' title='bbox 682 873 731 936; x_wconf 90' lang='lat' dir='ltr'><strong>his</strong></span> <span class='ocrx_word' id='word_1_49' title='bbox 746 874 957 936; x_wconf 77' lang='lat' dir='ltr'><strong>occasionibus</strong></span> <span class='ocrx_word' id='word_1_50' title='bbox 970 873 1135 936; x_wconf 79' lang='lat' dir='ltr'><strong>introducti</strong></span> <span class='ocrx_word' id='word_1_51' title='bbox 1155 871 1305 953; x_wconf 86' lang='lat' dir='ltr'><strong>praebent</strong></span> <span class='ocrx_word' id='word_1_52' title='bbox 1322 871 1490 954; x_wconf 80' lang='lat' dir='ltr'><strong>scriptores</strong></span> <span class='ocrx_word' id='word_1_53' title='bbox 1504 870 1571 932; x_wconf 93' lang='lat' dir='ltr'><strong>illo-</strong></span> 
     </span>
     <span class='ocr_line' id='line_1_8' title="bbox 231 959 1573 1042; baseline -0.003 -18"><span class='ocrx_word' id='word_1_54' title='bbox 231 981 297 1024; x_wconf 93' lang='lat' dir='ltr'><strong>rnm</strong></span> <span class='ocrx_word' id='word_1_55' title='bbox 313 971 481 1042; x_wconf 89' lang='lat' dir='ltr'><strong>temporum</strong></span> <span class='ocrx_word' id='word_1_56' title='bbox 495 961 641 1024; x_wconf 84' lang='lat' dir='ltr'><strong>historici.</strong></span> <span class='ocrx_word' id='word_1_57' title='bbox 684 963 795 1024; x_wconf 78' lang='lat' dir='ltr'><strong>Victor</strong></span> <span class='ocrx_word' id='word_1_58' title='bbox 816 963 895 1024; x_wconf 92' lang='lat' dir='ltr'><strong>enim</strong></span> <span class='ocrx_word' id='word_1_59' title='bbox 910 963 1122 1026; x_wconf 77' lang='lat' dir='ltr'><strong>Tanuunmsis</strong></span> <span class='ocrx_word' id='word_1_60' title='bbox 1140 961 1332 1024; x_wconf 74' lang='lat' dir='ltr'><strong>condunator</strong></span> <span class='ocrx_word' id='word_1_61' title='bbox 1345 960 1493 1042; x_wconf 86' lang='lat' dir='ltr'><strong>Prosperi</strong></span> <span class='ocrx_word' id='word_1_62' title='bbox 1510 959 1573 1040; x_wconf 91' lang='lat' dir='ltr'><strong>pri-</strong></span> 
     </span>
    </p>
   </div>
   <div class='ocr_carea' id='block_1_5' title="bbox 204 1047 1687 1230">
    <p class='ocr_par' dir='ltr' id='par_1_5' title="bbox 204 1047 1687 1230">
     <span class='ocr_line' id='line_1_9' title="bbox 230 1047 1687 1133; baseline -0.005 -18"><span class='ocrx_word' id='word_1_63' title='bbox 230 1071 298 1114; x_wconf 87' lang='lat' dir='ltr'><strong>mus</strong></span> <span class='ocrx_word' id='word_1_64' title='bbox 313 1071 410 1114; x_wconf 77' lang='lat' dir='ltr'><strong>muns</strong></span> <span class='ocrx_word' id='word_1_65' title='bbox 426 1049 542 1115; x_wconf 83' lang='lat' dir='ltr'><strong>Christi</strong></span> <span class='ocrx_word' id='word_1_66' title='bbox 563 1069 624 1114; x_wconf 94' lang='lat' dir='ltr'><strong>non</strong></span> <span class='ocrx_word' id='word_1_67' title='bbox 645 1052 790 1132; x_wconf 87' lang='lat' dir='ltr'><strong>amplius,</strong></span> <span class='ocrx_word' id='word_1_68' title='bbox 810 1061 847 1114; x_wconf 92' lang='grc' dir='ltr'><strong>ιιι</strong></span> <span class='ocrx_word' id='word_1_69' title='bbox 859 1053 1008 1133; x_wconf 82' lang='lat' dir='ltr'><strong>Prosper,</strong></span> <span class='ocrx_word' id='word_1_70' title='bbox 1027 1052 1244 1131; x_wconf 85' lang='lat' dir='ltr'><strong>ffieronymns,</strong></span> <span class='ocrx_word' id='word_1_71' title='bbox 1259 1047 1415 1124; x_wconf 71' lang='lat' dir='ltr'><strong>‚Eusebius</strong></span> <span class='ocrx_word' id='word_1_72' title='bbox 1428 1049 1573 1122; x_wconf 70' lang='lat' dir='ltr'><strong>feceram,</strong></span> <span class='ocrx_word' id='word_1_73' title='bbox 1595 1106 1599 1114; x_wconf 93' lang='grc'>,</span> <span class='ocrx_word' id='word_1_74' title='bbox 1686 1061 1687 1070; x_wconf 72' lang='grc'>’</span> 
     </span>
     <span class='ocr_line' id='line_1_10' title="bbox 204 1139 1687 1230; baseline -0.004 -26"><span class='ocrx_word' id='word_1_75' title='bbox 204 1219 213 1230; x_wconf 26' lang='grc' dir='ltr'>ἱ</span> <span class='ocrx_word' id='word_1_76' title='bbox 232 1141 377 1221; x_wconf 83' lang='lat' dir='ltr'><strong>digessit,</strong></span> <span class='ocrx_word' id='word_1_77' title='bbox 399 1159 438 1204; x_wconf 88' lang='lat' dir='ltr'><strong>ne</strong></span> <span class='ocrx_word' id='word_1_78' title='bbox 460 1139 578 1204; x_wconf 86' lang='lat' dir='ltr'><strong>scilicet</strong></span> <span class='ocrx_word' id='word_1_79' title='bbox 598 1141 717 1204; x_wconf 88' lang='lat' dir='ltr'><strong>illorum</strong></span> <span class='ocrx_word' id='word_1_80' title='bbox 739 1141 958 1204; x_wconf 74' lang='lat' dir='ltr'><strong>numerationis</strong></span> <span class='ocrx_word' id='word_1_81' title='bbox 978 1141 1030 1204; x_wconf 86' lang='lat' dir='ltr'><strong>filo</strong></span> <span class='ocrx_word' id='word_1_82' title='bbox 1050 1159 1182 1222; x_wconf 82' lang='lat' dir='ltr'><strong>pergens</strong></span> <span class='ocrx_word' id='word_1_83' title='bbox 1195 1157 1255 1202; x_wconf 94' lang='lat' dir='ltr'><strong>uno</strong></span> <span class='ocrx_word' id='word_1_84' title='bbox 1271 1157 1350 1202; x_wconf 89' lang='lat' dir='ltr'><strong>auno</strong></span> <span class='ocrx_word' id='word_1_85' title='bbox 1364 1139 1434 1221; x_wconf 91' lang='lat' dir='ltr'><strong>plus</strong></span> <span class='ocrx_word' id='word_1_86' title='bbox 1447 1145 1576 1219; x_wconf 91' lang='lat' dir='ltr'><strong>poneret</strong></span> <span class='ocrx_word' id='word_1_87' title='bbox 1686 1139 1687 1142; x_wconf 75' lang='grc'>’</span> 
     </span>
    </p>
   </div>
   <div class='ocr_carea' id='block_1_6' title="bbox 200 1228 1576 1580">
    <p class='ocr_par' dir='ltr' id='par_1_6' title="bbox 200 1228 1576 1580">
     <span class='ocr_line' id='line_1_11' title="bbox 232 1228 1576 1312; baseline -0.001 -20"><span class='ocrx_word' id='word_1_88' title='bbox 232 1249 323 1312; x_wconf 87' lang='lat' dir='ltr'><strong>quarn</strong></span> <span class='ocrx_word' id='word_1_89' title='bbox 336 1229 518 1310; x_wconf 84' lang='lat' dir='ltr'><strong>Dionysius:</strong></span> <span class='ocrx_word' id='word_1_90' title='bbox 535 1229 642 1292; x_wconf 88' lang='lat' dir='ltr'><strong>deinde</strong></span> <span class='ocrx_word' id='word_1_91' title='bbox 658 1249 836 1310; x_wconf 85' lang='lat' dir='ltr'><strong>opussuum</strong></span> <span class='ocrx_word' id='word_1_92' title='bbox 850 1231 895 1294; x_wconf 90' lang='lat' dir='ltr'><strong>sio</strong></span> <span class='ocrx_word' id='word_1_93' title='bbox 910 1230 1040 1304; x_wconf 84' lang='lat' dir='ltr'><strong>claudit,</strong></span> <span class='ocrx_word' id='word_1_94' title='bbox 1053 1237 1090 1292; x_wconf 92' lang='grc' dir='ltr'><strong>ιιι</strong></span> <span class='ocrx_word' id='word_1_95' title='bbox 1103 1229 1231 1311; x_wconf 88' lang='lat' dir='ltr'><strong>prhnnm</strong></span> <span class='ocrx_word' id='word_1_96' title='bbox 1245 1248 1355 1292; x_wconf 88' lang='lat' dir='ltr'><strong>annum</strong></span> <span class='ocrx_word' id='word_1_97' title='bbox 1368 1228 1495 1302; x_wconf 91' lang='lat' dir='ltr'><strong>Justini,</strong></span> <span class='ocrx_word' id='word_1_98' title='bbox 1510 1245 1576 1290; x_wconf 89' lang='lat' dir='ltr'><strong>cum</strong></span> 
     </span>
     <span class='ocr_line' id='line_1_12' title="bbox 229 1314 1576 1401; baseline -0.003 -19"><span class='ocrx_word' id='word_1_99' title='bbox 229 1319 394 1382; x_wconf 87' lang='lat' dir='ltr'><strong>indictione</strong></span> <span class='ocrx_word' id='word_1_100' title='bbox 409 1319 633 1400; x_wconf 87' lang='lat' dir='ltr'><strong>decimaquinta</strong></span> <span class='ocrx_word' id='word_1_101' title='bbox 648 1327 856 1400; x_wconf 87' lang='lat' dir='ltr'><strong>comparatum</strong></span> <span class='ocrx_word' id='word_1_102' title='bbox 877 1314 955 1401; x_wconf 84' lang='lat' dir='ltr'><strong>(qna</strong></span> <span class='ocrx_word' id='word_1_103' title='bbox 967 1317 1133 1382; x_wconf 86' lang='lat' dir='ltr'><strong>indictione</strong></span> <span class='ocrx_word' id='word_1_104' title='bbox 1147 1327 1299 1380; x_wconf 91' lang='lat' dir='ltr'><strong>mortuum</strong></span> <span class='ocrx_word' id='word_1_105' title='bbox 1311 1319 1357 1380; x_wconf 87' lang='lat' dir='ltr'><strong>ait</strong></span> <span class='ocrx_word' id='word_1_106' title='bbox 1369 1317 1576 1382; x_wconf 76' lang='lat' dir='ltr'><strong>fustinianum</strong></span> 
     </span>
     <span class='ocr_line' id='line_1_13' title="bbox 200 1401 1576 1489; baseline -0.002 -18"><span class='ocrx_word' id='word_1_107' title='bbox 200 1411 205 1422; x_wconf 91' lang='grc'><em>’</em></span> <span class='ocrx_word' id='word_1_108' title='bbox 231 1409 319 1472; x_wconf 91' lang='lat' dir='ltr'><strong>aunis</strong></span> <span class='ocrx_word' id='word_1_109' title='bbox 337 1409 454 1488; x_wconf 90' lang='lat' dir='ltr'><strong>imperii</strong></span> <span class='ocrx_word' id='word_1_110' title='bbox 473 1407 516 1470; x_wconf 77' lang='lat' dir='ltr'><strong>to</strong></span> <span class='ocrx_word' id='word_1_111' title='bbox 532 1401 667 1488; x_wconf 86' lang='lat' dir='ltr'><strong>exactis)</strong></span> <span class='ocrx_word' id='word_1_112' title='bbox 692 1409 836 1489; x_wconf 79' lang='lat' dir='ltr'><strong>conjiciet</strong></span> <span class='ocrx_word' id='word_1_113' title='bbox 857 1410 890 1471; x_wconf 89' lang='lat' dir='ltr'><strong>iu</strong></span> <span class='ocrx_word' id='word_1_114' title='bbox 909 1427 1021 1472; x_wconf 80' lang='lat' dir='ltr'><strong>annm</strong></span> <span class='ocrx_word' id='word_1_115' title='bbox 1042 1407 1159 1473; x_wconf 86' lang='lat' dir='ltr'><strong>Christi</strong></span> <span class='ocrx_word' id='word_1_116' title='bbox 1182 1403 1264 1482; x_wconf 82' lang='grc'><strong>667,</strong></span> <span class='ocrx_word' id='word_1_117' title='bbox 1286 1407 1484 1470; x_wconf 79' lang='lat' dir='ltr'><strong>nativitatem</strong></span> <span class='ocrx_word' id='word_1_118' title='bbox 1505 1423 1576 1468; x_wconf 83' lang='lat' dir='ltr'><strong>vero</strong></span> 
     </span>
     <span class='ocr_line' id='line_1_14' title="bbox 231 1497 1575 1580; baseline -0.005 -17"><span class='ocrx_word' id='word_1_119' title='bbox 231 1497 347 1563; x_wconf 87' lang='lat' dir='ltr'><strong>Christi</strong></span> <span class='ocrx_word' id='word_1_120' title='bbox 367 1498 404 1560; x_wconf 94' lang='lat' dir='ltr'><strong>in</strong></span> <span class='ocrx_word' id='word_1_121' title='bbox 417 1497 550 1578; x_wconf 76' lang='lat' dir='ltr'><strong>Augusti</strong></span> <span class='ocrx_word' id='word_1_122' title='bbox 565 1497 619 1560; x_wconf 81' lang='lat'><strong>43.</strong></span> <span class='ocrx_word' id='word_1_123' title='bbox 638 1519 658 1560; x_wconf 90' lang='lat' dir='ltr'><strong>a</strong></span> <span class='ocrx_word' id='word_1_124' title='bbox 679 1499 842 1578; x_wconf 84' lang='lat' dir='ltr'><strong>posteriori</strong></span> <span class='ocrx_word' id='word_1_125' title='bbox 862 1498 950 1564; x_wconf 84' lang='lat' dir='ltr'><strong>initio</strong></span> <span class='ocrx_word' id='word_1_126' title='bbox 972 1505 1080 1560; x_wconf 88' lang='lat' dir='ltr'><strong>contra</strong></span> <span class='ocrx_word' id='word_1_127' title='bbox 1101 1515 1192 1580; x_wconf 87' lang='lat' dir='ltr'><strong>quarn</strong></span> <span class='ocrx_word' id='word_1_128' title='bbox 1210 1497 1362 1562; x_wconf 77' lang='lat' dir='ltr'><strong>Eusebius</strong></span> <span class='ocrx_word' id='word_1_129' title='bbox 1383 1505 1417 1560; x_wconf 94' lang='lat' dir='ltr'><strong>et</strong></span> <span class='ocrx_word' id='word_1_130' title='bbox 1437 1503 1575 1558; x_wconf 83' lang='lat' dir='ltr'><strong>veteres:</strong></span> 
     </span>
    </p>
   </div>
   <div class='ocr_carea' id='block_1_7' title="bbox 229 1585 1688 1757">
    <p class='ocr_par' dir='ltr' id='par_1_7' title="bbox 229 1585 1688 1757">
     <span class='ocr_line' id='line_1_15' title="bbox 230 1585 1688 1669; baseline -0.001 -19"><span class='ocrx_word' id='word_1_131' title='bbox 230 1587 301 1669; x_wconf 91' lang='lat' dir='ltr'><strong>quin</strong></span> <span class='ocrx_word' id='word_1_132' title='bbox 316 1587 419 1667; x_wconf 86' lang='lat' dir='ltr'><strong>potius</strong></span> <span class='ocrx_word' id='word_1_133' title='bbox 433 1595 469 1649; x_wconf 93' lang='lat' dir='ltr'><strong>ut</strong></span> <span class='ocrx_word' id='word_1_134' title='bbox 482 1605 539 1650; x_wconf 89' lang='lat' dir='ltr'><strong>nos</strong></span> <span class='ocrx_word' id='word_1_135' title='bbox 553 1587 658 1662; x_wconf 90' lang='lat' dir='ltr'><strong>hodie,</strong></span> <span class='ocrx_word' id='word_1_136' title='bbox 679 1595 803 1650; x_wconf 88' lang='lat' dir='ltr'><strong>utentes</strong></span> <span class='ocrx_word' id='word_1_137' title='bbox 824 1589 957 1652; x_wconf 88' lang='lat' dir='ltr'><strong>numeris</strong></span> <span class='ocrx_word' id='word_1_138' title='bbox 970 1586 1111 1668; x_wconf 90' lang='lat' dir='ltr'><strong>Dionysii</strong></span> <span class='ocrx_word' id='word_1_139' title='bbox 1132 1587 1193 1650; x_wconf 85' lang='lat' dir='ltr'><strong>alio</strong></span> <span class='ocrx_word' id='word_1_140' title='bbox 1209 1605 1309 1650; x_wconf 79' lang='lat' dir='ltr'><strong>semu.</strong></span> <span class='ocrx_word' id='word_1_141' title='bbox 1352 1585 1505 1649; x_wconf 83' lang='lat' dir='ltr'><strong>Ediderat</strong></span> <span class='ocrx_word' id='word_1_142' title='bbox 1518 1604 1575 1648; x_wconf 86' lang='lat' dir='ltr'><strong>au-</strong></span> <span class='ocrx_word' id='word_1_143' title='bbox 1687 1589 1688 1600; x_wconf 55' lang='lat'>³</span> 
     </span>
     <span class='ocr_line' id='line_1_16' title="bbox 229 1674 1688 1757; baseline -0.003 -17"><span class='ocrx_word' id='word_1_144' title='bbox 229 1685 293 1740; x_wconf 90' lang='lat' dir='ltr'><strong>tem</strong></span> <span class='ocrx_word' id='word_1_145' title='bbox 306 1676 472 1756; x_wconf 86' lang='lat' dir='ltr'><strong>Dionysius</strong></span> <span class='ocrx_word' id='word_1_146' title='bbox 486 1675 603 1757; x_wconf 82' lang='lat' dir='ltr'><strong>cyclum</strong></span> <span class='ocrx_word' id='word_1_147' title='bbox 617 1695 704 1738; x_wconf 90' lang='lat' dir='ltr'><strong>suum</strong></span> <span class='ocrx_word' id='word_1_148' title='bbox 718 1685 791 1740; x_wconf 88' lang='lat' dir='ltr'><strong>ante</strong></span> <span class='ocrx_word' id='word_1_149' title='bbox 806 1677 850 1742; x_wconf 85' lang='lat'><strong>30</strong></span> <span class='ocrx_word' id='word_1_150' title='bbox 865 1697 972 1740; x_wconf 88' lang='lat' dir='ltr'><strong>annos.</strong></span> <span class='ocrx_word' id='word_1_151' title='bbox 1004 1677 1164 1740; x_wconf 77' lang='lat' dir='ltr'><strong>Victorem</strong></span> <span class='ocrx_word' id='word_1_152' title='bbox 1177 1676 1257 1740; x_wconf 92' lang='lat' dir='ltr'><strong>hunc</strong></span> <span class='ocrx_word' id='word_1_153' title='bbox 1272 1681 1396 1738; x_wconf 87' lang='lat' dir='ltr'><strong>secutus</strong></span> <span class='ocrx_word' id='word_1_154' title='bbox 1410 1682 1462 1738; x_wconf 90' lang='lat' dir='ltr'><strong>est</strong></span> <span class='ocrx_word' id='word_1_155' title='bbox 1475 1674 1576 1738; x_wconf 88' lang='lat' dir='ltr'><strong>Joan-</strong></span> <span class='ocrx_word' id='word_1_156' title='bbox 1687 1693 1688 1719; x_wconf 63' lang='grc' dir='ltr'><strong>ι</strong></span> 
     </span>
    </p>
   </div>
   <div class='ocr_carea' id='block_1_8' title="bbox 230 1763 1575 1848">
    <p class='ocr_par' dir='ltr' id='par_1_8' title="bbox 230 1763 1575 1848">
     <span class='ocr_line' id='line_1_17' title="bbox 230 1763 1575 1848; baseline -0.002 -20"><span class='ocrx_word' id='word_1_157' title='bbox 230 1783 286 1828; x_wconf 89' lang='lat' dir='ltr'><strong>nes</strong></span> <span class='ocrx_word' id='word_1_158' title='bbox 300 1765 489 1828; x_wconf 87' lang='lat' dir='ltr'><strong>Bidariensis</strong></span> <span class='ocrx_word' id='word_1_159' title='bbox 505 1765 611 1840; x_wconf 86' lang='lat' dir='ltr'><strong>abbas,</strong></span> <span class='ocrx_word' id='word_1_160' title='bbox 625 1783 719 1848; x_wconf 92' lang='lat' dir='ltr'><strong>nsque</strong></span> <span class='ocrx_word' id='word_1_161' title='bbox 734 1766 775 1828; x_wconf 91' lang='lat' dir='ltr'><strong>ad</strong></span> <span class='ocrx_word' id='word_1_162' title='bbox 789 1785 901 1830; x_wconf 73' lang='lat' dir='ltr'><strong>mnam</strong></span> <span class='ocrx_word' id='word_1_163' title='bbox 915 1788 936 1828; x_wconf 91' lang='lat' dir='ltr'><strong>a</strong></span> <span class='ocrx_word' id='word_1_164' title='bbox 945 1765 1197 1848; x_wconf 79' lang='lat' dir='ltr'><strong>Synodoh&#39;icena</strong></span> <span class='ocrx_word' id='word_1_165' title='bbox 1209 1764 1284 1828; x_wconf 83' lang='grc'><strong>266.</strong></span> <span class='ocrx_word' id='word_1_166' title='bbox 1299 1783 1472 1828; x_wconf 88' lang='lat' dir='ltr'><strong>numerans.</strong></span> <span class='ocrx_word' id='word_1_167' title='bbox 1495 1763 1575 1826; x_wconf 86' lang='lat' dir='ltr'><strong>Vio-</strong></span> 
     </span>
    </p>
   </div>
   <div class='ocr_carea' id='block_1_9' title="bbox 228 1853 1689 2026">
    <p class='ocr_par' dir='ltr' id='par_1_9' title="bbox 228 1853 1689 2026">
     <span class='ocr_line' id='line_1_18' title="bbox 229 1853 1689 1936; baseline -0.003 -19"><span class='ocrx_word' id='word_1_168' title='bbox 229 1855 307 1918; x_wconf 88' lang='lat' dir='ltr'><strong>toris</strong></span> <span class='ocrx_word' id='word_1_169' title='bbox 322 1873 394 1916; x_wconf 86' lang='lat' dir='ltr'><strong>uero</strong></span> <span class='ocrx_word' id='word_1_170' title='bbox 409 1855 618 1918; x_wconf 78' lang='lat' dir='ltr'><strong>lbnnrrnensis</strong></span> <span class='ocrx_word' id='word_1_171' title='bbox 634 1863 819 1918; x_wconf 73' lang='lat' dir='ltr'><strong>constamus</strong></span> <span class='ocrx_word' id='word_1_172' title='bbox 834 1856 1031 1918; x_wconf 76' lang='lat' dir='ltr'><strong>Marcellinus</strong></span> <span class='ocrx_word' id='word_1_173' title='bbox 1045 1873 1147 1920; x_wconf 81' lang='lat' dir='ltr'><strong>comes</strong></span> <span class='ocrx_word' id='word_1_174' title='bbox 1161 1855 1338 1936; x_wconf 83' lang='lat' dir='ltr'><strong>Hieronymi</strong></span> <span class='ocrx_word' id='word_1_175' title='bbox 1357 1861 1389 1916; x_wconf 90' lang='lat' dir='ltr'><strong>et</strong></span> <span class='ocrx_word' id='word_1_176' title='bbox 1410 1853 1479 1934; x_wconf 90' lang='lat' dir='ltr'><strong>ipse</strong></span> <span class='ocrx_word' id='word_1_177' title='bbox 1499 1871 1576 1916; x_wconf 87' lang='lat' dir='ltr'><strong>eon·</strong></span> <span class='ocrx_word' id='word_1_178' title='bbox 1688 1905 1689 1912; x_wconf 74' lang='grc'>,</span> 
     </span>
     <span class='ocr_line' id='line_1_19' title="bbox 228 1943 1689 2026; baseline -0.002 -20"><span class='ocrx_word' id='word_1_179' title='bbox 228 1945 366 2006; x_wconf 74' lang='lat' dir='ltr'><strong>tinuatur</strong></span> <span class='ocrx_word' id='word_1_180' title='bbox 380 1962 476 2024; x_wconf 92' lang='lat' dir='ltr'><strong>neque</strong></span> <span class='ocrx_word' id='word_1_181' title='bbox 485 1944 668 2024; x_wconf 88' lang='lat' dir='ltr'><strong>Prospernm</strong></span> <span class='ocrx_word' id='word_1_182' title='bbox 681 1946 807 2026; x_wconf 87' lang='lat' dir='ltr'><strong>respicit</strong></span> <span class='ocrx_word' id='word_1_183' title='bbox 821 1963 918 2026; x_wconf 90' lang='lat' dir='ltr'><strong>neque</strong></span> <span class='ocrx_word' id='word_1_184' title='bbox 926 1944 1152 2025; x_wconf 85' lang='lat' dir='ltr'><strong>Hieronymum,</strong></span> <span class='ocrx_word' id='word_1_185' title='bbox 1165 1943 1322 2008; x_wconf 84' lang='lat' dir='ltr'><strong>imitantes</strong></span> <span class='ocrx_word' id='word_1_186' title='bbox 1336 1943 1578 2006; x_wconf 85' lang='lat' dir='ltr'><strong>numerationem</strong></span> <span class='ocrx_word' id='word_1_187' title='bbox 1688 1965 1689 2016; x_wconf 64' lang='grc' dir='ltr'>ς</span> 
     </span>
    </p>
   </div>
   <div class='ocr_carea' id='block_1_10' title="bbox 229 2033 1577 2294">
    <p class='ocr_par' dir='ltr' id='par_1_10' title="bbox 229 2033 1577 2294">
     <span class='ocr_line' id='line_1_20' title="bbox 229 2033 1577 2116; baseline -0.003 -20"><span class='ocrx_word' id='word_1_188' title='bbox 229 2033 368 2107; x_wconf 82' lang='lat' dir='ltr'><strong>Eusebii,</strong></span> <span class='ocrx_word' id='word_1_189' title='bbox 390 2033 445 2095; x_wconf 90' lang='lat' dir='ltr'><strong>sed</strong></span> <span class='ocrx_word' id='word_1_190' title='bbox 460 2033 649 2096; x_wconf 89' lang='lat' dir='ltr'><strong>consulatum</strong></span> <span class='ocrx_word' id='word_1_191' title='bbox 664 2033 795 2096; x_wconf 89' lang='lat' dir='ltr'><strong>Ausonii</strong></span> <span class='ocrx_word' id='word_1_192' title='bbox 809 2042 843 2096; x_wconf 91' lang='lat' dir='ltr'><strong>et</strong></span> <span class='ocrx_word' id='word_1_193' title='bbox 857 2034 992 2115; x_wconf 82' lang='lat' dir='ltr'><strong>Olybrii,</strong></span> <span class='ocrx_word' id='word_1_194' title='bbox 1013 2053 1101 2116; x_wconf 90' lang='lat' dir='ltr'><strong>quem</strong></span> <span class='ocrx_word' id='word_1_195' title='bbox 1115 2033 1157 2096; x_wconf 90' lang='lat' dir='ltr'><strong>illi</strong></span> <span class='ocrx_word' id='word_1_196' title='bbox 1174 2052 1324 2096; x_wconf 89' lang='lat' dir='ltr'><strong>consensu</strong></span> <span class='ocrx_word' id='word_1_197' title='bbox 1338 2038 1577 2096; x_wconf 82' lang='lat' dir='ltr'><strong>numeraverant</strong></span> 
     </span>
     <span class='ocr_line' id='line_1_21' title="bbox 230 2121 1577 2205; baseline -0.004 -19"><span class='ocrx_word' id='word_1_198' title='bbox 230 2121 347 2186; x_wconf 88' lang='lat' dir='ltr'><strong>Christi</strong></span> <span class='ocrx_word' id='word_1_199' title='bbox 362 2121 436 2196; x_wconf 83' lang='lat'><strong>380,</strong></span> <span class='ocrx_word' id='word_1_200' title='bbox 452 2122 598 2203; x_wconf 90' lang='lat' dir='ltr'><strong>cumipse</strong></span> <span class='ocrx_word' id='word_1_201' title='bbox 607 2123 756 2203; x_wconf 90' lang='lat' dir='ltr'><strong>Dionysio</strong></span> <span class='ocrx_word' id='word_1_202' title='bbox 770 2132 911 2186; x_wconf 88' lang='lat' dir='ltr'><strong>numerat</strong></span> <span class='ocrx_word' id='word_1_203' title='bbox 924 2123 998 2198; x_wconf 83' lang='lat'><strong>229,</strong></span> <span class='ocrx_word' id='word_1_204' title='bbox 1012 2123 1119 2187; x_wconf 86' lang='lat' dir='ltr'><strong>addita</strong></span> <span class='ocrx_word' id='word_1_205' title='bbox 1134 2142 1172 2185; x_wconf 91' lang='lat' dir='ltr'><strong>ne</strong></span> <span class='ocrx_word' id='word_1_206' title='bbox 1187 2123 1259 2205; x_wconf 87' lang='lat' dir='ltr'><strong>quid</strong></span> <span class='ocrx_word' id='word_1_207' title='bbox 1274 2122 1395 2185; x_wconf 90' lang='lat' dir='ltr'><strong>dubites</strong></span> <span class='ocrx_word' id='word_1_208' title='bbox 1408 2121 1577 2186; x_wconf 89' lang='lat' dir='ltr'><strong>indictione</strong></span> 
     </span>
     <span class='ocr_line' id='line_1_22' title="bbox 229 2209 1576 2294; baseline -0.001 -20"><span class='ocrx_word' id='word_1_209' title='bbox 229 2211 300 2274; x_wconf 80' lang='lat' dir='ltr'>VII.</span> <span class='ocrx_word' id='word_1_210' title='bbox 343 2213 486 2292; x_wconf 88' lang='lat' dir='ltr'><strong>Apparet</strong></span> <span class='ocrx_word' id='word_1_211' title='bbox 499 2212 602 2292; x_wconf 88' lang='lat' dir='ltr'><strong>itaque</strong></span> <span class='ocrx_word' id='word_1_212' title='bbox 618 2220 651 2274; x_wconf 91' lang='lat' dir='ltr'><strong>et</strong></span> <span class='ocrx_word' id='word_1_213' title='bbox 664 2213 722 2276; x_wconf 89' lang='lat' dir='ltr'><strong>hos</strong></span> <span class='ocrx_word' id='word_1_214' title='bbox 738 2220 771 2274; x_wconf 92' lang='lat' dir='ltr'><strong>et</strong></span> <span class='ocrx_word' id='word_1_215' title='bbox 785 2214 836 2294; x_wconf 94' lang='lat' dir='ltr'><strong>qui</strong></span> <span class='ocrx_word' id='word_1_216' title='bbox 849 2220 923 2294; x_wconf 87' lang='lat' dir='ltr'><strong>post</strong></span> <span class='ocrx_word' id='word_1_217' title='bbox 935 2212 1005 2276; x_wconf 89' lang='lat' dir='ltr'><strong>illos</strong></span> <span class='ocrx_word' id='word_1_218' title='bbox 1020 2231 1075 2293; x_wconf 89' lang='lat' dir='ltr'><strong>per</strong></span> <span class='ocrx_word' id='word_1_219' title='bbox 1088 2212 1170 2274; x_wconf 91' lang='lat' dir='ltr'><strong>mille</strong></span> <span class='ocrx_word' id='word_1_220' title='bbox 1186 2230 1282 2274; x_wconf 87' lang='lat' dir='ltr'><strong>annos</strong></span> <span class='ocrx_word' id='word_1_221' title='bbox 1298 2211 1497 2292; x_wconf 87' lang='lat' dir='ltr'><strong>scripserunt,</strong></span> <span class='ocrx_word' id='word_1_222' title='bbox 1511 2209 1576 2272; x_wconf 90' lang='lat' dir='ltr'><strong>Be-</strong></span> 
     </span>
    </p>
   </div>
   <div class='ocr_carea' id='block_1_11' title="bbox 230 2299 1690 2384">
    <p class='ocr_par' dir='ltr' id='par_1_11' title="bbox 230 2299 1690 2384">
     <span class='ocr_line' id='line_1_23' title="bbox 230 2299 1690 2384; baseline -0.002 -21"><span class='ocrx_word' id='word_1_223' title='bbox 230 2300 299 2363; x_wconf 89' lang='lat' dir='ltr'><strong>dam</strong></span> <span class='ocrx_word' id='word_1_224' title='bbox 314 2309 390 2382; x_wconf 86' lang='lat' dir='ltr'><strong>puta</strong></span> <span class='ocrx_word' id='word_1_225' title='bbox 405 2308 438 2362; x_wconf 90' lang='lat' dir='ltr'><strong>et</strong></span> <span class='ocrx_word' id='word_1_226' title='bbox 452 2301 656 2363; x_wconf 86' lang='lat' dir='ltr'><strong>Hermannnm</strong></span> <span class='ocrx_word' id='word_1_227' title='bbox 671 2309 704 2364; x_wconf 91' lang='lat' dir='ltr'><strong>et</strong></span> <span class='ocrx_word' id='word_1_228' title='bbox 719 2300 912 2384; x_wconf 81' lang='lat' dir='ltr'><strong>Sigebermm</strong></span> <span class='ocrx_word' id='word_1_229' title='bbox 926 2301 979 2364; x_wconf 77' lang='lat' dir='ltr'><strong>loc.</strong></span> <span class='ocrx_word' id='word_1_230' title='bbox 995 2309 1124 2383; x_wconf 87' lang='lat' dir='ltr'><strong>excepto</strong></span> <span class='ocrx_word' id='word_1_231' title='bbox 1138 2301 1227 2364; x_wconf 90' lang='lat' dir='ltr'><strong>unico</strong></span> <span class='ocrx_word' id='word_1_232' title='bbox 1241 2300 1382 2364; x_wconf 82' lang='lat' dir='ltr'><strong>Mariano</strong></span> <span class='ocrx_word' id='word_1_233' title='bbox 1398 2299 1506 2374; x_wconf 85' lang='lat' dir='ltr'><strong>Scoto,</strong></span> <span class='ocrx_word' id='word_1_234' title='bbox 1520 2317 1577 2360; x_wconf 90' lang='lat' dir='ltr'><strong>ae-</strong></span> <span class='ocrx_word' id='word_1_235' title='bbox 1689 2303 1690 2312; x_wconf 78' lang='grc'>’</span> 
     </span>
    </p>
   </div>
   <div class='ocr_carea' id='block_1_12' title="bbox 157 2387 1578 2739">
    <p class='ocr_par' dir='ltr' id='par_1_12' title="bbox 157 2387 1578 2739">
     <span class='ocr_line' id='line_1_24' title="bbox 157 2387 1578 2472; baseline 0 -20"><span class='ocrx_word' id='word_1_236' title='bbox 157 2453 164 2462; x_wconf 74' lang='grc'><em>,</em></span> <span class='ocrx_word' id='word_1_237' title='bbox 229 2408 295 2452; x_wconf 91' lang='lat' dir='ltr'><strong>ram</strong></span> <span class='ocrx_word' id='word_1_238' title='bbox 316 2398 453 2452; x_wconf 92' lang='lat' dir='ltr'><strong>nostram</strong></span> <span class='ocrx_word' id='word_1_239' title='bbox 477 2408 633 2452; x_wconf 90' lang='lat' dir='ltr'><strong>erroneam</strong></span> <span class='ocrx_word' id='word_1_240' title='bbox 655 2391 694 2454; x_wconf 92' lang='lat' dir='ltr'><strong>ab</strong></span> <span class='ocrx_word' id='word_1_241' title='bbox 716 2410 775 2453; x_wconf 94' lang='lat' dir='ltr'><strong>uno</strong></span> <span class='ocrx_word' id='word_1_242' title='bbox 789 2391 938 2472; x_wconf 92' lang='lat' dir='ltr'><strong>Dionysio</strong></span> <span class='ocrx_word' id='word_1_243' title='bbox 960 2398 1116 2454; x_wconf 88' lang='lat' dir='ltr'><strong>mutuatos</strong></span> <span class='ocrx_word' id='word_1_244' title='bbox 1138 2409 1221 2454; x_wconf 87' lang='lat' dir='ltr'><strong>esse:</strong></span> <span class='ocrx_word' id='word_1_245' title='bbox 1244 2390 1324 2472; x_wconf 89' lang='lat' dir='ltr'><strong>quod</strong></span> <span class='ocrx_word' id='word_1_246' title='bbox 1345 2389 1470 2471; x_wconf 88' lang='lat' dir='ltr'><strong>quidem</strong></span> <span class='ocrx_word' id='word_1_247' title='bbox 1489 2387 1578 2452; x_wconf 84' lang='lat' dir='ltr'><strong>Beda</strong></span> 
     </span>
     <span class='ocr_line' id='line_1_25' title="bbox 230 2478 1438 2561; baseline 0 -19"><span class='ocrx_word' id='word_1_248' title='bbox 230 2479 322 2542; x_wconf 88' lang='lat' dir='ltr'><strong>claris</strong></span> <span class='ocrx_word' id='word_1_249' title='bbox 338 2478 437 2542; x_wconf 88' lang='lat' dir='ltr'><strong>verbis</strong></span> <span class='ocrx_word' id='word_1_250' title='bbox 452 2479 518 2560; x_wconf 90' lang='lat' dir='ltr'><strong>ipse</strong></span> <span class='ocrx_word' id='word_1_251' title='bbox 533 2487 669 2542; x_wconf 88' lang='lat' dir='ltr'><strong>testatur</strong></span> <span class='ocrx_word' id='word_1_252' title='bbox 683 2480 714 2542; x_wconf 93' lang='lat' dir='ltr'><strong>in</strong></span> <span class='ocrx_word' id='word_1_253' title='bbox 730 2479 881 2545; x_wconf 85' lang='lat' dir='ltr'><strong>Chronico</strong></span> <span class='ocrx_word' id='word_1_254' title='bbox 897 2481 1028 2561; x_wconf 78' lang='lat' dir='ltr'><strong>saepius</strong></span> <span class='ocrx_word' id='word_1_255' title='bbox 1431 2501 1438 2510; x_wconf 73' lang='lat'><strong><em>¹</em></strong></span> 
     </span>
     <span class='ocr_line' id='line_1_26' title="bbox 317 2566 1578 2650; baseline -0.002 -17"><span class='ocrx_word' id='word_1_256' title='bbox 317 2569 390 2633; x_wconf 87' lang='lat' dir='ltr'><strong>Dixi</strong></span> <span class='ocrx_word' id='word_1_257' title='bbox 406 2570 525 2650; x_wconf 87' lang='lat' dir='ltr'><strong>qnando</strong></span> <span class='ocrx_word' id='word_1_258' title='bbox 549 2588 634 2632; x_wconf 91' lang='lat' dir='ltr'><strong>error</strong></span> <span class='ocrx_word' id='word_1_259' title='bbox 655 2578 780 2633; x_wconf 87' lang='lat' dir='ltr'><strong>nostrae</strong></span> <span class='ocrx_word' id='word_1_260' title='bbox 802 2569 917 2632; x_wconf 89' lang='lat' dir='ltr'><strong>usualis</strong></span> <span class='ocrx_word' id='word_1_261' title='bbox 939 2588 1030 2632; x_wconf 88' lang='lat' dir='ltr'><strong>aerae</strong></span> <span class='ocrx_word' id='word_1_262' title='bbox 1052 2567 1212 2632; x_wconf 84' lang='lat' dir='ltr'><strong>inoleverit</strong></span> <span class='ocrx_word' id='word_1_263' title='bbox 1233 2568 1315 2649; x_wconf 91' lang='lat' dir='ltr'><strong>apud</strong></span> <span class='ocrx_word' id='word_1_264' title='bbox 1337 2566 1578 2641; x_wconf 85' lang='lat' dir='ltr'><strong>ecclesiasticos,</strong></span> 
     </span>
     <span class='ocr_line' id='line_1_27' title="bbox 229 2657 1577 2739; baseline -0.003 -17"><span class='ocrx_word' id='word_1_265' title='bbox 229 2657 387 2722; x_wconf 87' lang='lat' dir='ltr'><strong>dicendum</strong></span> <span class='ocrx_word' id='word_1_266' title='bbox 403 2665 452 2720; x_wconf 90' lang='lat' dir='ltr'><strong>est</strong></span> <span class='ocrx_word' id='word_1_267' title='bbox 467 2657 551 2721; x_wconf 90' lang='lat' dir='ltr'><strong>etde</strong></span> <span class='ocrx_word' id='word_1_268' title='bbox 566 2658 801 2739; x_wconf 89' lang='lat' dir='ltr'><strong>rebuspnblicis,</strong></span> <span class='ocrx_word' id='word_1_269' title='bbox 822 2659 882 2721; x_wconf 91' lang='lat' dir='ltr'><strong>etsi</strong></span> <span class='ocrx_word' id='word_1_270' title='bbox 902 2677 963 2720; x_wconf 93' lang='lat' dir='ltr'><strong>non</strong></span> <span class='ocrx_word' id='word_1_271' title='bbox 987 2657 1100 2720; x_wconf 92' lang='lat' dir='ltr'><strong>diutins</strong></span> <span class='ocrx_word' id='word_1_272' title='bbox 1122 2657 1220 2720; x_wconf 84' lang='lat' dir='ltr'><strong>dilata</strong></span> <span class='ocrx_word' id='word_1_273' title='bbox 1241 2657 1318 2720; x_wconf 86' lang='lat' dir='ltr'><strong>haec</strong></span> <span class='ocrx_word' id='word_1_274' title='bbox 1340 2677 1414 2720; x_wconf 87' lang='lat' dir='ltr'><strong>aera</strong></span> <span class='ocrx_word' id='word_1_275' title='bbox 1434 2657 1531 2720; x_wconf 87' lang='lat' dir='ltr'><strong>etiam</strong></span> <span class='ocrx_word' id='word_1_276' title='bbox 1544 2657 1577 2718; x_wconf 94' lang='lat' dir='ltr'><strong>in</strong></span> 
     </span>
    </p>
   </div>
   <div class='ocr_carea' id='block_1_13' title="bbox 229 2739 1691 2830">
    <p class='ocr_par' dir='ltr' id='par_1_13' title="bbox 229 2739 1691 2830">
     <span class='ocr_line' id='line_1_28' title="bbox 229 2739 1691 2830; baseline 0.003 -20"><span class='ocrx_word' id='word_1_277' title='bbox 229 2747 362 2830; x_wconf 88' lang='lat' dir='ltr'><strong>politicis</strong></span> <span class='ocrx_word' id='word_1_278' title='bbox 378 2755 411 2810; x_wconf 90' lang='lat' dir='ltr'><strong>et</strong></span> <span class='ocrx_word' id='word_1_279' title='bbox 425 2746 594 2810; x_wconf 79' lang='lat' dir='ltr'><strong>forensibus</strong></span> <span class='ocrx_word' id='word_1_280' title='bbox 609 2747 750 2828; x_wconf 89' lang='lat' dir='ltr'><strong>negotiis.</strong></span> <span class='ocrx_word' id='word_1_281' title='bbox 793 2739 894 2811; x_wconf 72' lang='lat' dir='ltr'><strong>Eran&#39;t</strong></span> <span class='ocrx_word' id='word_1_282' title='bbox 916 2748 995 2810; x_wconf 89' lang='lat' dir='ltr'><strong>enim</strong></span> <span class='ocrx_word' id='word_1_283' title='bbox 1010 2747 1063 2810; x_wconf 89' lang='lat' dir='ltr'><strong>illa</strong></span> <span class='ocrx_word' id='word_1_284' title='bbox 1078 2755 1230 2827; x_wconf 85' lang='lat' dir='ltr'><strong>tempora,</strong></span> <span class='ocrx_word' id='word_1_285' title='bbox 1253 2765 1321 2809; x_wconf 91' lang='lat' dir='ltr'><strong>cnm</strong></span> <span class='ocrx_word' id='word_1_286' title='bbox 1343 2745 1496 2810; x_wconf 86' lang='lat' dir='ltr'><strong>barbarae</strong></span> <span class='ocrx_word' id='word_1_287' title='bbox 1518 2765 1578 2808; x_wconf 90' lang='lat' dir='ltr'><strong>ua-</strong></span> <span class='ocrx_word' id='word_1_288' title='bbox 1690 2809 1691 2814; x_wconf 73' lang='grc'>,</span> 
     </span>
    </p>
   </div>
   <div class='ocr_carea' id='block_1_14' title="bbox 210 2833 1578 3899">
    <p class='ocr_par' dir='ltr' id='par_1_14' title="bbox 210 2833 1578 3899">
     <span class='ocr_line' id='line_1_29' title="bbox 229 2833 1576 2918; baseline -0.003 -18"><span class='ocrx_word' id='word_1_289' title='bbox 229 2837 345 2911; x_wconf 91' lang='lat' dir='ltr'><strong>tiones,</strong></span> <span class='ocrx_word' id='word_1_290' title='bbox 366 2836 533 2898; x_wconf 83' lang='lat' dir='ltr'><strong>Teutonico</strong></span> <span class='ocrx_word' id='word_1_291' title='bbox 547 2843 655 2898; x_wconf 89' lang='lat' dir='ltr'><strong>nostra</strong></span> <span class='ocrx_word' id='word_1_292' title='bbox 670 2837 774 2918; x_wconf 88' lang='lat' dir='ltr'><strong>lingua</strong></span> <span class='ocrx_word' id='word_1_293' title='bbox 788 2856 879 2910; x_wconf 88' lang='lat' dir='ltr'><strong>usae,</strong></span> <span class='ocrx_word' id='word_1_294' title='bbox 904 2835 1072 2900; x_wconf 86' lang='lat' dir='ltr'><strong>Christiani</strong></span> <span class='ocrx_word' id='word_1_295' title='bbox 1086 2843 1121 2897; x_wconf 95' lang='lat' dir='ltr'><strong>ut</strong></span> <span class='ocrx_word' id='word_1_296' title='bbox 1135 2836 1295 2916; x_wconf 87' lang='lat' dir='ltr'><strong>plurimum</strong></span> <span class='ocrx_word' id='word_1_297' title='bbox 1309 2843 1364 2898; x_wconf 90' lang='lat' dir='ltr'><strong>aut</strong></span> <span class='ocrx_word' id='word_1_298' title='bbox 1377 2835 1499 2909; x_wconf 81' lang='lat' dir='ltr'><strong>Asiani,</strong></span> <span class='ocrx_word' id='word_1_299' title='bbox 1518 2833 1576 2896; x_wconf 88' lang='lat' dir='ltr'><strong>toti</strong></span> 
     </span>
     <span class='ocr_line' id='line_1_30' title="bbox 229 2923 1577 3007; baseline -0.004 -18"><span class='ocrx_word' id='word_1_300' title='bbox 229 2927 370 3007; x_wconf 84' lang='lat' dir='ltr'><strong>Europae</strong></span> <span class='ocrx_word' id='word_1_301' title='bbox 394 2925 568 3005; x_wconf 89' lang='lat' dir='ltr'><strong>superfusae</strong></span> <span class='ocrx_word' id='word_1_302' title='bbox 584 2925 755 3006; x_wconf 85' lang='lat' dir='ltr'><strong>provincias</strong></span> <span class='ocrx_word' id='word_1_303' title='bbox 771 2925 978 2990; x_wconf 86' lang='lat' dir='ltr'><strong>occidentales</strong></span> <span class='ocrx_word' id='word_1_304' title='bbox 993 2924 1109 3005; x_wconf 90' lang='lat' dir='ltr'><strong>imperii</strong></span> <span class='ocrx_word' id='word_1_305' title='bbox 1123 2924 1254 2988; x_wconf 84' lang='lat' dir='ltr'><strong>Romani</strong></span> <span class='ocrx_word' id='word_1_306' title='bbox 1267 2924 1430 3005; x_wconf 84' lang='lat' dir='ltr'><strong>ipsamque</strong></span> <span class='ocrx_word' id='word_1_307' title='bbox 1447 2923 1577 3004; x_wconf 89' lang='lat' dir='ltr'><strong>denique</strong></span> 
     </span>
     <span class='ocr_line' id='line_1_31' title="bbox 229 3013 1576 3094; baseline -0.003 -16"><span class='ocrx_word' id='word_1_308' title='bbox 229 3015 358 3078; x_wconf 84' lang='lat' dir='ltr'><strong>Romam</strong></span> <span class='ocrx_word' id='word_1_309' title='bbox 374 3019 574 3094; x_wconf 89' lang='lat' dir='ltr'><strong>occuparunt:</strong></span> <span class='ocrx_word' id='word_1_310' title='bbox 598 3033 722 3094; x_wconf 83' lang='lat' dir='ltr'><strong>quamn</strong></span> <span class='ocrx_word' id='word_1_311' title='bbox 745 3016 841 3078; x_wconf 90' lang='lat' dir='ltr'><strong>omnis</strong></span> <span class='ocrx_word' id='word_1_312' title='bbox 862 3015 992 3077; x_wconf 88' lang='lat' dir='ltr'><strong>scientia</strong></span> <span class='ocrx_word' id='word_1_313' title='bbox 1006 3015 1220 3094; x_wconf 85' lang='lat' dir='ltr'><strong>literarumque</strong></span> <span class='ocrx_word' id='word_1_314' title='bbox 1235 3031 1309 3076; x_wconf 87' lang='lat' dir='ltr'><strong>usus</strong></span> <span class='ocrx_word' id='word_1_315' title='bbox 1323 3013 1481 3094; x_wconf 86' lang='lat' dir='ltr'><strong>omnisque</strong></span> <span class='ocrx_word' id='word_1_316' title='bbox 1499 3013 1576 3076; x_wconf 88' lang='lat' dir='ltr'><strong>adeo</strong></span> 
     </span>
     <span class='ocr_line' id='line_1_32' title="bbox 230 3099 1576 3187; baseline -0.001 -21"><span class='ocrx_word' id='word_1_317' title='bbox 230 3103 363 3184; x_wconf 92' lang='lat' dir='ltr'><strong>cognitio</strong></span> <span class='ocrx_word' id='word_1_318' title='bbox 379 3111 547 3184; x_wconf 91' lang='lat' dir='ltr'><strong>temporum</strong></span> <span class='ocrx_word' id='word_1_319' title='bbox 561 3120 656 3182; x_wconf 85' lang='lat' dir='ltr'><strong>penes</strong></span> <span class='ocrx_word' id='word_1_320' title='bbox 671 3105 897 3166; x_wconf 87' lang='lat' dir='ltr'><strong>ecclesiasticos</strong></span> <span class='ocrx_word' id='word_1_321' title='bbox 913 3113 997 3179; x_wconf 89' lang='lat' dir='ltr'><strong>erat;</strong></span> <span class='ocrx_word' id='word_1_322' title='bbox 1019 3103 1052 3166; x_wconf 91' lang='lat' dir='ltr'><strong>hi</strong></span> <span class='ocrx_word' id='word_1_323' title='bbox 1067 3102 1201 3187; x_wconf 89' lang='lat' dir='ltr'><strong>scribae,</strong></span> <span class='ocrx_word' id='word_1_324' title='bbox 1222 3103 1254 3166; x_wconf 94' lang='lat' dir='ltr'><strong>hi</strong></span> <span class='ocrx_word' id='word_1_325' title='bbox 1269 3099 1396 3174; x_wconf 90' lang='lat' dir='ltr'><strong>notarii,</strong></span> <span class='ocrx_word' id='word_1_326' title='bbox 1421 3119 1576 3164; x_wconf 89' lang='lat' dir='ltr'><strong>commen-</strong></span> 
     </span>
     <span class='ocr_line' id='line_1_33' title="bbox 230 3191 1576 3275; baseline 0 -21"><span class='ocrx_word' id='word_1_327' title='bbox 230 3193 389 3266; x_wconf 89' lang='lat' dir='ltr'><strong>tarienses,</strong></span> <span class='ocrx_word' id='word_1_328' title='bbox 404 3191 650 3271; x_wconf 84' lang='lat' dir='ltr'><strong>historiographi,</strong></span> <span class='ocrx_word' id='word_1_329' title='bbox 660 3193 738 3271; x_wconf 90' lang='lat' dir='ltr'><strong>juris</strong></span> <span class='ocrx_word' id='word_1_330' title='bbox 754 3194 882 3275; x_wconf 88' lang='lat' dir='ltr'><strong>denique</strong></span> <span class='ocrx_word' id='word_1_331' title='bbox 898 3199 931 3255; x_wconf 90' lang='lat' dir='ltr'><strong>et</strong></span> <span class='ocrx_word' id='word_1_332' title='bbox 944 3194 1045 3274; x_wconf 90' lang='lat' dir='ltr'><strong>legum</strong></span> <span class='ocrx_word' id='word_1_333' title='bbox 1059 3192 1240 3274; x_wconf 87' lang='lat' dir='ltr'><strong>praesertim</strong></span> <span class='ocrx_word' id='word_1_334' title='bbox 1255 3191 1469 3254; x_wconf 86' lang='lat' dir='ltr'><strong>canonicarum</strong></span> <span class='ocrx_word' id='word_1_335' title='bbox 1478 3191 1576 3254; x_wconf 88' lang='lat' dir='ltr'><strong>inter·</strong></span> 
     </span>
     <span class='ocr_line' id='line_1_34' title="bbox 229 3279 1577 3363; baseline -0.002 -18"><span class='ocrx_word' id='word_1_336' title='bbox 229 3289 351 3363; x_wconf 90' lang='lat' dir='ltr'><strong>pretes:</strong></span> <span class='ocrx_word' id='word_1_337' title='bbox 368 3280 449 3360; x_wconf 90' lang='lat' dir='ltr'><strong>apud</strong></span> <span class='ocrx_word' id='word_1_338' title='bbox 464 3280 520 3342; x_wconf 93' lang='lat' dir='ltr'><strong>hos</strong></span> <span class='ocrx_word' id='word_1_339' title='bbox 536 3281 730 3362; x_wconf 87' lang='lat' dir='ltr'><strong>antiquitatis</strong></span> <span class='ocrx_word' id='word_1_340' title='bbox 744 3290 939 3344; x_wconf 91' lang='lat' dir='ltr'><strong>monumenta</strong></span> <span class='ocrx_word' id='word_1_341' title='bbox 954 3281 985 3344; x_wconf 95' lang='lat' dir='ltr'><strong>in</strong></span> <span class='ocrx_word' id='word_1_342' title='bbox 994 3281 1197 3355; x_wconf 87' lang='lat' dir='ltr'><strong>monasteriis,</strong></span> <span class='ocrx_word' id='word_1_343' title='bbox 1211 3299 1316 3361; x_wconf 87' lang='lat' dir='ltr'><strong>regum</strong></span> <span class='ocrx_word' id='word_1_344' title='bbox 1326 3287 1358 3342; x_wconf 94' lang='lat' dir='ltr'><strong>et</strong></span> <span class='ocrx_word' id='word_1_345' title='bbox 1375 3279 1577 3361; x_wconf 86' lang='lat' dir='ltr'><strong>dynastarum</strong></span> 
     </span>
     <span class='ocr_line' id='line_1_35' title="bbox 231 3359 1578 3452; baseline -0.003 -18"><span class='ocrx_word' id='word_1_346' title='bbox 231 3370 390 3452; x_wconf 90' lang='lat' dir='ltr'><strong>sepultura</strong></span> <span class='ocrx_word' id='word_1_347' title='bbox 410 3369 585 3432; x_wconf 89' lang='lat' dir='ltr'><strong>honoratis:</strong></span> <span class='ocrx_word' id='word_1_348' title='bbox 613 3370 753 3451; x_wconf 91' lang='lat' dir='ltr'><strong>quioquid</strong></span> <span class='ocrx_word' id='word_1_349' title='bbox 774 3359 863 3452; x_wconf 87' lang='lat' dir='ltr'><strong>reg&#39;es</strong></span> <span class='ocrx_word' id='word_1_350' title='bbox 884 3372 1143 3452; x_wconf 88' lang='lat' dir='ltr'><strong>imperatoresque</strong></span> <span class='ocrx_word' id='word_1_351' title='bbox 1165 3370 1327 3450; x_wconf 88' lang='lat' dir='ltr'><strong>gerebant,</strong></span> <span class='ocrx_word' id='word_1_352' title='bbox 1357 3368 1578 3449; x_wconf 83' lang='lat' dir='ltr'><strong>largiebantur,</strong></span> 
     </span>
     <span class='ocr_line' id='line_1_36' title="bbox 231 3455 1576 3540; baseline -0.002 -17"><span class='ocrx_word' id='word_1_353' title='bbox 231 3459 412 3523; x_wconf 88' lang='lat' dir='ltr'><strong>sanciebant</strong></span> <span class='ocrx_word' id='word_1_354' title='bbox 427 3458 610 3520; x_wconf 87' lang='lat' dir='ltr'><strong>anctoritate</strong></span> <span class='ocrx_word' id='word_1_355' title='bbox 626 3476 776 3539; x_wconf 91' lang='lat' dir='ltr'><strong>suprema,</strong></span> <span class='ocrx_word' id='word_1_356' title='bbox 792 3460 823 3524; x_wconf 93' lang='lat' dir='ltr'><strong>id</strong></span> <span class='ocrx_word' id='word_1_357' title='bbox 839 3459 989 3540; x_wconf 89' lang='lat' dir='ltr'><strong>episcopis</strong></span> <span class='ocrx_word' id='word_1_358' title='bbox 1004 3459 1137 3522; x_wconf 89' lang='lat' dir='ltr'><strong>testibus</strong></span> <span class='ocrx_word' id='word_1_359' title='bbox 1152 3457 1315 3520; x_wconf 87' lang='lat' dir='ltr'><strong>firmabant</strong></span> <span class='ocrx_word' id='word_1_360' title='bbox 1328 3455 1390 3521; x_wconf 89' lang='lat' dir='ltr'><strong>illis</strong></span> <span class='ocrx_word' id='word_1_361' title='bbox 1405 3457 1576 3521; x_wconf 82' lang='lat' dir='ltr'><strong>attributae</strong></span> 
     </span>
     <span class='ocr_line' id='line_1_37' title="bbox 231 3546 1576 3628; baseline -0.003 -16"><span class='ocrx_word' id='word_1_362' title='bbox 231 3549 362 3612; x_wconf 90' lang='lat' dir='ltr'><strong>ditiones</strong></span> <span class='ocrx_word' id='word_1_363' title='bbox 378 3546 596 3628; x_wconf 87' lang='lat' dir='ltr'><strong>amplissimae:</strong></span> <span class='ocrx_word' id='word_1_364' title='bbox 612 3547 710 3628; x_wconf 89' lang='lat' dir='ltr'><strong>ipsum</strong></span> <span class='ocrx_word' id='word_1_365' title='bbox 727 3548 803 3611; x_wconf 91' lang='lat' dir='ltr'><strong>adeo</strong></span> <span class='ocrx_word' id='word_1_366' title='bbox 818 3549 941 3611; x_wconf 86' lang='lat' dir='ltr'><strong>Latium</strong></span> <span class='ocrx_word' id='word_1_367' title='bbox 955 3555 1044 3612; x_wconf 89' lang='lat' dir='ltr'><strong>vetus</strong></span> <span class='ocrx_word' id='word_1_368' title='bbox 1060 3548 1150 3610; x_wconf 89' lang='lat' dir='ltr'><strong>sedes</strong></span> <span class='ocrx_word' id='word_1_369' title='bbox 1163 3547 1295 3610; x_wconf 71' lang='lat' dir='ltr'><strong>Romam</strong></span> <span class='ocrx_word' id='word_1_370' title='bbox 1309 3547 1427 3628; x_wconf 82' lang='lat' dir='ltr'><strong>imperii</strong></span> <span class='ocrx_word' id='word_1_371' title='bbox 1443 3565 1513 3610; x_wconf 89' lang='lat' dir='ltr'><strong>enm</strong></span> <span class='ocrx_word' id='word_1_372' title='bbox 1528 3547 1576 3608; x_wconf 89' lang='lat' dir='ltr'><strong>vi-</strong></span> 
     </span>
     <span class='ocr_line' id='line_1_38' title="bbox 230 3635 1578 3719; baseline -0.004 -17"><span class='ocrx_word' id='word_1_373' title='bbox 230 3639 306 3702; x_wconf 90' lang='lat' dir='ltr'><strong>cinis</strong></span> <span class='ocrx_word' id='word_1_374' title='bbox 331 3636 507 3719; x_wconf 87' lang='lat' dir='ltr'><strong>quibusdam</strong></span> <span class='ocrx_word' id='word_1_375' title='bbox 530 3635 702 3717; x_wconf 88' lang='lat' dir='ltr'><strong>regionibus</strong></span> <span class='ocrx_word' id='word_1_376' title='bbox 725 3638 873 3700; x_wconf 89' lang='lat' dir='ltr'><strong>ecclesiae</strong></span> <span class='ocrx_word' id='word_1_377' title='bbox 894 3637 1052 3700; x_wconf 86' lang='lat' dir='ltr'><strong>Romanae</strong></span> <span class='ocrx_word' id='word_1_378' title='bbox 1077 3645 1110 3700; x_wconf 91' lang='lat' dir='ltr'><strong>et</strong></span> <span class='ocrx_word' id='word_1_379' title='bbox 1131 3635 1311 3717; x_wconf 91' lang='lat' dir='ltr'><strong>patrimonio</strong></span> <span class='ocrx_word' id='word_1_380' title='bbox 1333 3644 1370 3698; x_wconf 90' lang='lat' dir='ltr'><strong>nt</strong></span> <span class='ocrx_word' id='word_1_381' title='bbox 1391 3636 1578 3718; x_wconf 87' lang='lat' dir='ltr'><strong>appellitant</strong></span> 
     </span>
     <span class='ocr_line' id='line_1_39' title="bbox 230 3723 1576 3807; baseline -0.003 -15"><span class='ocrx_word' id='word_1_382' title='bbox 230 3727 315 3792; x_wconf 86' lang='lat' dir='ltr'><strong>Petri</strong></span> <span class='ocrx_word' id='word_1_383' title='bbox 330 3725 516 3805; x_wconf 85' lang='lat' dir='ltr'><strong>adjunctum,</strong></span> <span class='ocrx_word' id='word_1_384' title='bbox 539 3723 666 3806; x_wconf 90' lang='lat' dir='ltr'><strong>deniqne</strong></span> <span class='ocrx_word' id='word_1_385' title='bbox 686 3745 826 3807; x_wconf 87' lang='lat' dir='ltr'><strong>suprema</strong></span> <span class='ocrx_word' id='word_1_386' title='bbox 841 3727 897 3790; x_wconf 89' lang='lat' dir='ltr'><strong>snb</strong></span> <span class='ocrx_word' id='word_1_387' title='bbox 912 3726 1095 3806; x_wconf 90' lang='lat' dir='ltr'><strong>imperatore</strong></span> <span class='ocrx_word' id='word_1_388' title='bbox 1104 3725 1246 3806; x_wconf 86' lang='lat' dir='ltr'><strong>dignitas</strong></span> <span class='ocrx_word' id='word_1_389' title='bbox 1262 3733 1296 3787; x_wconf 90' lang='lat' dir='ltr'><strong>et</strong></span> <span class='ocrx_word' id='word_1_390' title='bbox 1305 3726 1358 3805; x_wconf 90' lang='lat' dir='ltr'><strong>jus</strong></span> <span class='ocrx_word' id='word_1_391' title='bbox 1374 3725 1511 3806; x_wconf 87' lang='lat' dir='ltr'><strong>eligendi</strong></span> <span class='ocrx_word' id='word_1_392' title='bbox 1525 3744 1576 3788; x_wconf 90' lang='lat' dir='ltr'><strong>re-</strong></span> 
     </span>
     <span class='ocr_line' id='line_1_40' title="bbox 210 3813 1576 3899; baseline -0.001 -19"><span class='ocrx_word' id='word_1_393' title='bbox 210 3857 214 3864; x_wconf 77' lang='lat'><strong>,</strong></span> <span class='ocrx_word' id='word_1_394' title='bbox 229 3835 299 3899; x_wconf 87' lang='lat' dir='ltr'><strong>gem</strong></span> <span class='ocrx_word' id='word_1_395' title='bbox 314 3813 506 3888; x_wconf 86' lang='lat' dir='ltr'><strong>Germaniae,</strong></span> <span class='ocrx_word' id='word_1_396' title='bbox 520 3833 613 3894; x_wconf 89' lang='lat' dir='ltr'><strong>penes</strong></span> <span class='ocrx_word' id='word_1_397' title='bbox 629 3833 715 3896; x_wconf 90' lang='lat' dir='ltr'><strong>quem</strong></span> <span class='ocrx_word' id='word_1_398' title='bbox 730 3815 820 3878; x_wconf 92' lang='lat' dir='ltr'><strong>hodie</strong></span> <span class='ocrx_word' id='word_1_399' title='bbox 837 3822 886 3878; x_wconf 92' lang='lat' dir='ltr'><strong>est</strong></span> <span class='ocrx_word' id='word_1_400' title='bbox 899 3815 969 3896; x_wconf 92' lang='lat' dir='ltr'><strong>imp.</strong></span> <span class='ocrx_word' id='word_1_401' title='bbox 984 3815 1072 3878; x_wconf 83' lang='lat' dir='ltr'><strong>Rom</strong></span> <span class='ocrx_word' id='word_1_402' title='bbox 1087 3816 1251 3895; x_wconf 84' lang='lat' dir='ltr'><strong>fastigium,</strong></span> <span class='ocrx_word' id='word_1_403' title='bbox 1265 3814 1403 3876; x_wconf 91' lang='lat' dir='ltr'><strong>omnibus</strong></span> <span class='ocrx_word' id='word_1_404' title='bbox 1420 3813 1576 3878; x_wconf 86' lang='lat' dir='ltr'><strong>Christia-</strong></span> 
     </span>
    </p>
   </div>
   <div class='ocr_carea' id='block_1_15' title="bbox 228 3903 1677 3986">
    <p class='ocr_par' dir='ltr' id='par_1_15' title="bbox 228 3903 1677 3986">
     <span class='ocr_line' id='line_1_41' title="bbox 228 3903 1677 3986; baseline -0.002 -18"><span class='ocrx_word' id='word_1_405' title='bbox 228 3907 279 3970; x_wconf 90' lang='lat' dir='ltr'><strong>nis</strong></span> <span class='ocrx_word' id='word_1_406' title='bbox 294 3903 417 3986; x_wconf 84' lang='lat' dir='ltr'><strong>regibus</strong></span> <span class='ocrx_word' id='word_1_407' title='bbox 432 3912 465 3965; x_wconf 92' lang='lat' dir='ltr'><strong>et</strong></span> <span class='ocrx_word' id='word_1_408' title='bbox 479 3903 699 3982; x_wconf 89' lang='lat' dir='ltr'><strong>rebuspnblicis</strong></span> <span class='ocrx_word' id='word_1_409' title='bbox 713 3904 934 3980; x_wconf 89' lang='lat' dir='ltr'><strong>venerandum,</strong></span> <span class='ocrx_word' id='word_1_410' title='bbox 949 3905 1026 3968; x_wconf 89' lang='lat' dir='ltr'><strong>haec</strong></span> <span class='ocrx_word' id='word_1_411' title='bbox 1040 3904 1164 3986; x_wconf 89' lang='lat' dir='ltr'><strong>inquam</strong></span> <span class='ocrx_word' id='word_1_412' title='bbox 1177 3903 1311 3984; x_wconf 89' lang='lat' dir='ltr'><strong>dignitas</strong></span> <span class='ocrx_word' id='word_1_413' title='bbox 1325 3922 1470 3984; x_wconf 89' lang='lat' dir='ltr'><strong>suprema</strong></span> <span class='ocrx_word' id='word_1_414' title='bbox 1479 3905 1576 3968; x_wconf 84' lang='lat' dir='ltr'><strong>tribus</strong></span> <span class='ocrx_word' id='word_1_415' title='bbox 1673 3947 1677 3956; x_wconf 86' lang='lat'>-</span> 
     </span>
    </p>
   </div>
   <div class='ocr_carea' id='block_1_16' title="bbox 230 3989 1577 4874">
    <p class='ocr_par' dir='ltr' id='par_1_16' title="bbox 230 3989 1577 4874">
     <span class='ocr_line' id='line_1_42' title="bbox 230 3989 1576 4076; baseline -0.001 -19"><span class='ocrx_word' id='word_1_416' title='bbox 230 3993 346 4076; x_wconf 89' lang='lat' dir='ltr'><strong>imperii</strong></span> <span class='ocrx_word' id='word_1_417' title='bbox 363 3991 567 4066; x_wconf 84' lang='lat' dir='ltr'><strong>cancellariis,</strong></span> <span class='ocrx_word' id='word_1_418' title='bbox 591 3992 645 4054; x_wconf 90' lang='lat' dir='ltr'><strong>sed</strong></span> <span class='ocrx_word' id='word_1_419' title='bbox 660 3993 711 4074; x_wconf 90' lang='lat' dir='ltr'><strong>qui</strong></span> <span class='ocrx_word' id='word_1_420' title='bbox 727 3992 960 4056; x_wconf 90' lang='lat' dir='ltr'><strong>clarissimarum</strong></span> <span class='ocrx_word' id='word_1_421' title='bbox 979 3992 1185 4074; x_wconf 86' lang='lat' dir='ltr'><strong>metropoleon</strong></span> <span class='ocrx_word' id='word_1_422' title='bbox 1200 3993 1395 4072; x_wconf 85' lang='lat' dir='ltr'><strong>Mogontiae,</strong></span> <span class='ocrx_word' id='word_1_423' title='bbox 1418 3989 1576 4066; x_wconf 85' lang='lat' dir='ltr'><strong>Coloniae,</strong></span> 
     </span>
     <span class='ocr_line' id='line_1_43' title="bbox 230 4080 1577 4164; baseline -0.003 -16"><span class='ocrx_word' id='word_1_424' title='bbox 230 4083 365 4148; x_wconf 87' lang='lat' dir='ltr'><strong>Treviris</strong></span> <span class='ocrx_word' id='word_1_425' title='bbox 381 4081 615 4161; x_wconf 90' lang='lat' dir='ltr'><strong>archiepiscopi,</strong></span> <span class='ocrx_word' id='word_1_426' title='bbox 630 4083 688 4144; x_wconf 88' lang='lat' dir='ltr'><strong>hoc</strong></span> <span class='ocrx_word' id='word_1_427' title='bbox 704 4089 754 4144; x_wconf 90' lang='lat' dir='ltr'><strong>est</strong></span> <span class='ocrx_word' id='word_1_428' title='bbox 769 4082 968 4146; x_wconf 89' lang='lat' dir='ltr'><strong>ecclesiastici</strong></span> <span class='ocrx_word' id='word_1_429' title='bbox 984 4090 1098 4157; x_wconf 86' lang='lat' dir='ltr'><strong>essent,</strong></span> <span class='ocrx_word' id='word_1_430' title='bbox 1112 4081 1261 4163; x_wconf 90' lang='lat' dir='ltr'><strong>permissa</strong></span> <span class='ocrx_word' id='word_1_431' title='bbox 1276 4081 1341 4142; x_wconf 78' lang='lat' dir='ltr'><strong>linit</strong></span> <span class='ocrx_word' id='word_1_432' title='bbox 1386 4080 1466 4144; x_wconf 88' lang='lat' dir='ltr'><strong>Cum</strong></span> <span class='ocrx_word' id='word_1_433' title='bbox 1484 4083 1577 4164; x_wconf 89' lang='lat' dir='ltr'><strong>igitur</strong></span> 
     </span>
     <span class='ocr_line' id='line_1_44' title="bbox 231 4168 1577 4252; baseline -0.004 -15"><span class='ocrx_word' id='word_1_434' title='bbox 231 4173 349 4238; x_wconf 86' lang='lat' dir='ltr'><strong>unicum</strong></span> <span class='ocrx_word' id='word_1_435' title='bbox 365 4170 590 4232; x_wconf 89' lang='lat' dir='ltr'><strong>fundamentum</strong></span> <span class='ocrx_word' id='word_1_436' title='bbox 614 4171 744 4234; x_wconf 91' lang='lat' dir='ltr'><strong>omnium</strong></span> <span class='ocrx_word' id='word_1_437' title='bbox 761 4171 861 4251; x_wconf 88' lang='lat' dir='ltr'><strong>legum</strong></span> <span class='ocrx_word' id='word_1_438' title='bbox 875 4171 1067 4252; x_wconf 89' lang='lat' dir='ltr'><strong>politicarum</strong></span> <span class='ocrx_word' id='word_1_439' title='bbox 1087 4170 1129 4232; x_wconf 91' lang='lat' dir='ltr'><strong>sit</strong></span> <span class='ocrx_word' id='word_1_440' title='bbox 1149 4169 1236 4234; x_wconf 88' lang='lat' dir='ltr'><strong>nobis</strong></span> <span class='ocrx_word' id='word_1_441' title='bbox 1259 4168 1437 4234; x_wconf 88' lang='lat' dir='ltr'><strong>Christiana</strong></span> <span class='ocrx_word' id='word_1_442' title='bbox 1460 4171 1577 4252; x_wconf 86' lang='lat' dir='ltr'><strong>religio,</strong></span> 
     </span>
     <span class='ocr_line' id='line_1_45' title="bbox 231 4258 1576 4344; baseline -0.003 -20"><span class='ocrx_word' id='word_1_443' title='bbox 231 4262 300 4344; x_wconf 91' lang='lat' dir='ltr'><strong>quid</strong></span> <span class='ocrx_word' id='word_1_444' title='bbox 315 4261 421 4322; x_wconf 88' lang='lat' dir='ltr'><strong>miram</strong></span> <span class='ocrx_word' id='word_1_445' title='bbox 437 4259 528 4322; x_wconf 89' lang='lat' dir='ltr'><strong>etiam</strong></span> <span class='ocrx_word' id='word_1_446' title='bbox 543 4277 656 4322; x_wconf 87' lang='lat' dir='ltr'><strong>morem</strong></span> <span class='ocrx_word' id='word_1_447' title='bbox 672 4261 911 4323; x_wconf 85' lang='lat' dir='ltr'><strong>ecclesiasticum</strong></span> <span class='ocrx_word' id='word_1_448' title='bbox 932 4259 1111 4322; x_wconf 90' lang='lat' dir='ltr'><strong>numerandi</strong></span> <span class='ocrx_word' id='word_1_449' title='bbox 1126 4280 1146 4322; x_wconf 93' lang='lat' dir='ltr'><strong>a</strong></span> <span class='ocrx_word' id='word_1_450' title='bbox 1162 4258 1278 4323; x_wconf 87' lang='lat' dir='ltr'><strong>Christi</strong></span> <span class='ocrx_word' id='word_1_451' title='bbox 1298 4259 1514 4322; x_wconf 90' lang='lat' dir='ltr'><strong>incarnatione</strong></span> <span class='ocrx_word' id='word_1_452' title='bbox 1529 4259 1576 4321; x_wconf 86' lang='lat' dir='ltr'><strong>vel</strong></span> 
     </span>
     <span class='ocr_line' id='line_1_46' title="bbox 231 4346 1575 4430; baseline -0.003 -16"><span class='ocrx_word' id='word_1_453' title='bbox 231 4351 393 4414; x_wconf 89' lang='lat' dir='ltr'><strong>nativitate</strong></span> <span class='ocrx_word' id='word_1_454' title='bbox 408 4367 469 4410; x_wconf 92' lang='lat' dir='ltr'><strong>non</strong></span> <span class='ocrx_word' id='word_1_455' title='bbox 483 4347 638 4422; x_wconf 89' lang='lat' dir='ltr'><strong>historice,</strong></span> <span class='ocrx_word' id='word_1_456' title='bbox 660 4349 715 4410; x_wconf 90' lang='lat' dir='ltr'><strong>sed</strong></span> <span class='ocrx_word' id='word_1_457' title='bbox 730 4349 940 4430; x_wconf 86' lang='lat' dir='ltr'><strong>hypothetice,</strong></span> <span class='ocrx_word' id='word_1_458' title='bbox 959 4348 1162 4412; x_wconf 91' lang='lat' dir='ltr'><strong>astronomice</strong></span> <span class='ocrx_word' id='word_1_459' title='bbox 1182 4347 1381 4427; x_wconf 89' lang='lat' dir='ltr'><strong>investigata,</strong></span> <span class='ocrx_word' id='word_1_460' title='bbox 1402 4346 1575 4421; x_wconf 86' lang='lat' dir='ltr'><strong>inolevisse,</strong></span> 
     </span>
     <span class='ocr_line' id='line_1_47' title="bbox 231 4436 1574 4519; baseline -0.004 -15"><span class='ocrx_word' id='word_1_461' title='bbox 231 4441 323 4504; x_wconf 87' lang='lat' dir='ltr'><strong>etiam</strong></span> <span class='ocrx_word' id='word_1_462' title='bbox 338 4439 368 4500; x_wconf 94' lang='lat' dir='ltr'><strong>in</strong></span> <span class='ocrx_word' id='word_1_463' title='bbox 385 4436 554 4502; x_wconf 84' lang='lat' dir='ltr'><strong>forensibus</strong></span> <span class='ocrx_word' id='word_1_464' title='bbox 574 4437 700 4519; x_wconf 88' lang='lat' dir='ltr'><strong>aliisque</strong></span> <span class='ocrx_word' id='word_1_465' title='bbox 722 4437 855 4519; x_wconf 89' lang='lat' dir='ltr'><strong>politicis</strong></span> <span class='ocrx_word' id='word_1_466' title='bbox 875 4457 929 4502; x_wconf 90' lang='lat' dir='ltr'><strong>seu</strong></span> <span class='ocrx_word' id='word_1_467' title='bbox 952 4437 1139 4500; x_wconf 88' lang='lat' dir='ltr'><strong>secularibus</strong></span> <span class='ocrx_word' id='word_1_468' title='bbox 1156 4436 1397 4501; x_wconf 83' lang='lat' dir='ltr'><strong>Christianorum</strong></span> <span class='ocrx_word' id='word_1_469' title='bbox 1420 4436 1574 4519; x_wconf 78' lang='lat' dir='ltr'><strong>negotiis?</strong></span> 
     </span>
     <span class='ocr_line' id='line_1_48' title="bbox 231 4524 1573 4610; baseline -0.004 -18"><span class='ocrx_word' id='word_1_470' title='bbox 231 4531 336 4610; x_wconf 79' lang='lat' dir='ltr'><strong>Neque</strong></span> <span class='ocrx_word' id='word_1_471' title='bbox 351 4533 453 4590; x_wconf 84' lang='lat' dir='ltr'><strong>tamen</strong></span> <span class='ocrx_word' id='word_1_472' title='bbox 469 4539 636 4606; x_wconf 86' lang='lat' dir='ltr'><strong>quenquam</strong></span> <span class='ocrx_word' id='word_1_473' title='bbox 652 4527 728 4589; x_wconf 87' lang='lat' dir='ltr'><strong>adeo</strong></span> <span class='ocrx_word' id='word_1_474' title='bbox 743 4525 905 4606; x_wconf 87' lang='lat' dir='ltr'><strong>perfrictae</strong></span> <span class='ocrx_word' id='word_1_475' title='bbox 921 4527 1029 4589; x_wconf 84' lang='lat' dir='ltr'><strong>frontis</strong></span> <span class='ocrx_word' id='word_1_476' title='bbox 1045 4527 1178 4591; x_wconf 88' lang='lat' dir='ltr'><strong>futurum</strong></span> <span class='ocrx_word' id='word_1_477' title='bbox 1193 4545 1298 4608; x_wconf 89' lang='lat' dir='ltr'><strong>spero,</strong></span> <span class='ocrx_word' id='word_1_478' title='bbox 1323 4524 1374 4606; x_wconf 91' lang='lat' dir='ltr'><strong>qni</strong></span> <span class='ocrx_word' id='word_1_479' title='bbox 1394 4525 1478 4590; x_wconf 88' lang='lat' dir='ltr'><strong>hanc</strong></span> <span class='ocrx_word' id='word_1_480' title='bbox 1501 4545 1573 4588; x_wconf 88' lang='lat' dir='ltr'><strong>con-</strong></span> 
     </span>
     <span class='ocr_line' id='line_1_49' title="bbox 232 4614 1574 4694; baseline -0.002 -15"><span class='ocrx_word' id='word_1_481' title='bbox 232 4617 299 4680; x_wconf 90' lang='lat' dir='ltr'><strong>silio</strong></span> <span class='ocrx_word' id='word_1_482' title='bbox 315 4623 489 4694; x_wconf 88' lang='lat' dir='ltr'><strong>susceptam</strong></span> <span class='ocrx_word' id='word_1_483' title='bbox 503 4615 679 4677; x_wconf 87' lang='lat' dir='ltr'><strong>numerandi</strong></span> <span class='ocrx_word' id='word_1_484' title='bbox 695 4615 853 4690; x_wconf 87' lang='lat' dir='ltr'><strong>rationem,</strong></span> <span class='ocrx_word' id='word_1_485' title='bbox 868 4616 942 4678; x_wconf 89' lang='lat' dir='ltr'><strong>licet</strong></span> <span class='ocrx_word' id='word_1_486' title='bbox 957 4615 1146 4678; x_wconf 83' lang='lat' dir='ltr'><strong>deficientem</strong></span> <span class='ocrx_word' id='word_1_487' title='bbox 1161 4637 1180 4677; x_wconf 92' lang='lat' dir='ltr'><strong>a</strong></span> <span class='ocrx_word' id='word_1_488' title='bbox 1184 4614 1272 4694; x_wconf 89' lang='lat' dir='ltr'><strong>justa</strong></span> <span class='ocrx_word' id='word_1_489' title='bbox 1281 4632 1406 4690; x_wconf 87' lang='lat' dir='ltr'><strong>summa,</strong></span> <span class='ocrx_word' id='word_1_490' title='bbox 1423 4614 1574 4678; x_wconf 88' lang='lat' dir='ltr'><strong>erroribus</strong></span> 
     </span>
     <span class='ocr_line' id='line_1_50' title="bbox 232 4703 1574 4785; baseline -0.004 -17"><span class='ocrx_word' id='word_1_491' title='bbox 232 4705 262 4768; x_wconf 90' lang='lat' dir='ltr'><strong>in</strong></span> <span class='ocrx_word' id='word_1_492' title='bbox 277 4706 335 4766; x_wconf 89' lang='lat' dir='ltr'><strong>fide</strong></span> <span class='ocrx_word' id='word_1_493' title='bbox 350 4703 426 4764; x_wconf 87' lang='lat' dir='ltr'><strong>velit</strong></span> <span class='ocrx_word' id='word_1_494' title='bbox 448 4703 644 4784; x_wconf 88' lang='lat' dir='ltr'><strong>aequiparare</strong></span> <span class='ocrx_word' id='word_1_495' title='bbox 661 4703 904 4785; x_wconf 73' lang='lat' dir='ltr'><strong>christianisque</strong></span> <span class='ocrx_word' id='word_1_496' title='bbox 926 4705 1072 4783; x_wconf 89' lang='lat' dir='ltr'><strong>objicere:</strong></span> <span class='ocrx_word' id='word_1_497' title='bbox 1095 4703 1344 4785; x_wconf 84' lang='lat' dir='ltr'><strong>quemadmodum</strong></span> <span class='ocrx_word' id='word_1_498' title='bbox 1367 4721 1466 4785; x_wconf 90' lang='lat' dir='ltr'><strong>neque</strong></span> <span class='ocrx_word' id='word_1_499' title='bbox 1487 4703 1574 4784; x_wconf 89' lang='lat' dir='ltr'><strong>hujus</strong></span> 
     </span>
     <span class='ocr_line' id='line_1_51' title="bbox 233 4791 1575 4874; baseline -0.001 -18"><span class='ocrx_word' id='word_1_500' title='bbox 233 4793 345 4858; x_wconf 88' lang='lat' dir='ltr'><strong>laboris</strong></span> <span class='ocrx_word' id='word_1_501' title='bbox 360 4811 469 4872; x_wconf 89' lang='lat' dir='ltr'><strong>scopos</strong></span> <span class='ocrx_word' id='word_1_502' title='bbox 485 4799 542 4868; x_wconf 89' lang='lat' dir='ltr'><strong>est,</strong></span> <span class='ocrx_word' id='word_1_503' title='bbox 557 4793 739 4873; x_wconf 89' lang='lat' dir='ltr'><strong>persuadere</strong></span> <span class='ocrx_word' id='word_1_504' title='bbox 757 4792 1000 4858; x_wconf 82' lang='lat' dir='ltr'><strong>Christianorum</strong></span> <span class='ocrx_word' id='word_1_505' title='bbox 1015 4793 1090 4868; x_wconf 92' lang='lat' dir='ltr'><strong>orbi,</strong></span> <span class='ocrx_word' id='word_1_506' title='bbox 1104 4799 1139 4856; x_wconf 92' lang='lat' dir='ltr'><strong>ut</strong></span> <span class='ocrx_word' id='word_1_507' title='bbox 1155 4811 1259 4856; x_wconf 89' lang='lat' dir='ltr'><strong>aeram</strong></span> <span class='ocrx_word' id='word_1_508' title='bbox 1272 4791 1427 4874; x_wconf 86' lang='lat' dir='ltr'><strong>hucusque</strong></span> <span class='ocrx_word' id='word_1_509' title='bbox 1442 4791 1575 4874; x_wconf 77' lang='lat' dir='ltr'><strong>perduc-</strong></span> 
     </span>
    </p>
   </div>
   <div class='ocr_carea' id='block_1_17' title="bbox 0 0 1708 5542">
    <p class='ocr_par' dir='ltr' id='par_1_17' title="bbox 0 0 1708 5542">
     <span class='ocr_line' id='line_1_52' title="bbox 0 0 1708 5542; baseline 0 0"><span class='ocrx_word' id='word_1_510' title='bbox 0 0 1708 5542; x_wconf 95' lang='lat' dir='ltr'><strong> </strong></span> 
     </span>
    </p>
   </div>
  </div>
 </body>
</html>
