3406 5542
614 301 752 369 33333
776 301 1018 360 emesam
1167 235 1171 246 Ι
1424 284 1490 357 333
1548 257 1553 266 ’

140 449 213 526 puto
236 417 697 549 verhaEvangelistae,qnam
718 445 869 512 decessu
889 447 1028 514 Romam
1048 447 1187 512 33113333.
1230 447 1301 512 mai
1323 449 1404 517 3333
1417 434 1490 515 ill'ae

141 533 390 614 descriptiones
381 533 541 598 restitutae
557 531 599 597 33
607 535 721 601 dictum
736 537 775 600 ab
782 556 870 606 anne
886 536 939 613 36,
954 556 1062 600 census
1077 555 1150 600 vero
1159 525 1406 635 liomanprum
1380 539 1490 602 orvium

141 641 219 686 3333
235 622 290 686 38.
305 631 430 687 3333333
438 642 539 705 ,eoque
555 623 712 688 nativitati
728 623 843 689 Christi
863 626 985 709 propior
1001 635 1063 690 est:
1087 633 1121 690 33
1134 647 1231 710 neque
1251 605 1415 692 absurdum
1431 635 1490 704 333,
1512 619 1515 634 '

140 711 370 792 quadriennium
391 713 554 776 insontum
575 713 615 776 ah
634 713 808 800 Augusto
799 735 830 778 ru
853 717 1047 796 congestione
1070 717 1277 780 commentarii
1293 717 1356 793 sui,
1375 718 1489 820 quippe

141 819 246 883 quern
252 821 309 866 sca
331 819 421 866 manu
439 801 618 884 perscripsit
632 803 713 867 inter
735 812 784 868 tot
806 805 1019 886 occupationes
1042 804 1241 888 principales;
1266 807 1446 887 praesertim
1462 805 1489 870 33

10 957 11 962 .
141 889 236 954 etiam
251 889 336 954 socia
351 909 454 972 regna,
469 911 485 954 3
502 891 608 974 quihus
621 893 742 959 3331333
756 893 822 970 init,
837 894 953 958 inserta
968 901 1046 960 snut

229 980 278 1044 De
294 999 327 1042 re
343 979 419 1062 ipsa,
434 989 469 1044 ut
482 981 577 1056 vides,
593 989 716 1046 constat
731 1001 770 1046 ex
784 983 919 1046 historiis
932 983 1092 1058 Romanis,
1107 983 1171 1046 sive
1188 999 1311 1046 censum
1325 982 1488 1048 Romano-

140 1087 205 1132 rum
220 1069 332 1132 civium
347 1088 418 1134 anm
409 1069 492 1134 Jul.
507 1069 560 1135 38.
575 1071 784 1154 respiciamus,
806 1072 871 1136 sive
894 1072 1112 1160 descriptiones
1126 1072 1261 1152 Augusti
1280 1072 1318 1135 ah
1335 1091 1415 1135 anno
1435 1071 1489 1136 36.

124 1165 319 1254 surgentes,
340 1167 373 1222 33
391 1159 619 1224 consentientes
639 1161 735 1224 hahet
748 1161 949 1243 Evangeliata
969 1163 1134 1243 scriptores
1152 1160 1326 1236 Romanos3
1353 1161 1390 1222 de
1406 1169 1487 1226 tem-

140 1266 214 1350 pore
229 1237 369 1350 prae'tiso
384 1248 458 1312 nihil
479 1249 596 1312 dum
568 1250 626 1313 nrsi
646 1249 726 1332 quod
746 1250 889 1330 333336.
912 1252 960 1316 vel
981 1252 1075 1314 etiam
1094 1259 1167 1331 post
1181 1249 1233 1314 38.
1254 1249 1409 1314 33133333
1431 1250 1488 1312 33-
1553 1253 1556 1260 “

140 1337 267 1418 scriptio
296 1337 516 1418 Evrngelimae
547 1339 728 1420 quaerenda
775 1339 990 1421 Oonjeoturam
1020 1348 1122 1404 tamen
1156 1340 1355 1420 suppeditant
1379 1339 1489 1402 turbae

139 1426 321 1501 Parthicae,
340 1427 455 1490 iactam
470 1427 704 1508 descriptionem
719 1448 799 1494 anno
814 1429 873 1505 40;
895 1449 964 1494 nam
985 1447 1070 1494 anno
1086 1427 1140 1492 39.
1156 1427 1304 1492 Armenia
1326 1446 1376 1492 res
1392 1447 1489 1490 novas

140 1523 287 1596 spectans
302 1515 424 1580 Tiberio
445 1523 518 1580 3333
538 1519 654 1581 3333313
673 1518 800 1582 decreta
815 1508 886 1594 fuit,
906 1537 995 1600 quam
1015 1537 1081 1581 oum
1097 1518 1235 1582 Tiberius
1256 1519 1439 1599 negligeret,
1460 1517 1489 1580 ei

140 1606 281 1686 sequenti
302 1603 355 1668 40.
377 1605 528 1681 Parthus,
560 1607 664 1670 audito
684 1607 838 1672 Tiberium
855 1608 997 1672 Rhodum
1015 1607 1195 1683 secessisse,
1223 1604 1488 1687 mauumady'ecit,

141 1713 231 1776 quam
249 1694 288 1758 ob
304 1713 369 1758 rem
382 1713 477 1776 grave
493 1701 526 1758 33
538 1703 629 1760 atrox
645 1695 757 1760 bellum
773 1697 833 1761 toti
846 1696 955 1780 Syriae
971 1697 1164 1762 metuendum
1179 1696 1236 1760 fuit
1251 1695 1396 1760 aPartho
1412 1714 1487 1776 pro-

138 1781 362 1865 videndumqoe
377 1785 533 1866 Augusto,
552 1794 588 1848 33
603 1793 636 1848 33
651 1786 726 1849 33333
740 1785 772 1850 in
787 1787 846 1850 iide
862 1793 1020 1852 manerent
1035 1794 1067 1849 et
1081 1785 1297 1866 Parthojusto
1313 1803 1380 1848 cum
1396 1803 1488 1848 exer-

140 1871 207 1934 citu
222 1872 340 1936 occurri
355 1880 475 1954 posset:
492 1893 582 1956 quam
597 1875 637 1938 ad
652 1876 900 1957 curamapprime
915 1876 1089 1940 necessaria
1098 1876 1156 1938 fuit
1166 1874 1331 1956 3333313333
1338 1874 1489 1950 iudaeae,
1573 1917 1576 1926 ·

142 1960 254 2043 quippe
276 1961 363 2044 cnjus
381 1963 483 2043 gentis
498 1975 610 2044 magna
625 1981 698 2044 pars
714 1963 842 2046 degeret
860 1965 892 2030 iu
907 1965 1064 2030 Chaldaea
1078 1965 1135 2029 sub
1150 1963 1262 2029 Parthi
1283 1963 1425 2046 imperio;
1449 1983 1486 2026 ne

136 2049 234 2132 igitur
247 2051 369 2114 ,iudaea
383 2052 424 2114 ad
437 2052 571 2116 Parthos
587 2053 783 2130 descisceret,
797 2061 833 2118 33
847 2056 960 2120 lactum
977 2063 1047 2118 3333
1064 2053 1107 2118 35
1123 2073 1220 2118 annos
1235 2053 1357 2117 Juliano
1373 2053 1402 2116 6.
1419 2071 1488 2116 oum

135 2139 261 2220 jactura
276 2140 372 2205 totius
382 2139 502 2224 Syriae.
526 2141 569 2204 Et
583 2143 661 2207 haec
677 2141 861 2224 conjectura,
878 2144 937 2208 etsi
951 2163 1005 2225 per
1015 2161 1047 2207 33
1064 2144 1132 2208 3313
1146 2162 1207 2206 333
1222 2142 1383 2206 admodum
1397 2143 1487 2206 firma

140 2237 199 2304 333,
215 2227 443 2316 confirmabitur
458 2238 561 2294 tamen
571 2231 639 2312 jam
652 2231 684 2295 in
700 2234 897 2315 sequentihus
913 2232 1087 2298 exludeica
1101 2232 1232 2296 historia
1245 2239 1278 2294 et
1288 2231 1485 2296 Tertulliano.

229 2319 311 2384 Nam
326 2319 502 2384 observavit
513 2319 666 2384 Baronius
683 2320 856 2386 cardinalis
870 2323 903 2385 in
918 2322 1063 2386 historiae
1086 2320 1315 2390 ecclesiastices
1335 2328 1487 2401 apparatu

139 2408 241 2472 locum
261 2427 301 2470 en
315 2408 503 2474 Tertulliano
526 2418 634 2474 contra
647 2411 834 2476 Marcionem
854 2411 904 2476 lib.
919 2412 973 2476 IV.
990 2429 1014 2474 c.
1030 2410 1059 2476 9.
1075 2418 1109 2474 33
1123 2410 1175 2474 64.
1196 2409 1236 2472 33
1252 2409 1488 2489 descriptionem

120 2497 220 2576 ‚hanc
236 2497 444 2578 inquirendam
460 2498 594 2580 apprime
608 2500 758 2564 idoneum
802 2501 908 2566 Verba
921 2499 1099 2566 Tertulliani
1116 2501 1184 2562 loco
1205 2498 1380 2580 posteriori:
1404 2497 1488 2562 Tam

140 2585 292 2650 3333333333
305 2587 376 2669 suit
393 2608 415 2650 c
431 2589 609 2670 primordio
624 2588 754 2652 Jadceo
766 2610 843 2672 geras
856 2610 914 2698 per
932 2589 1030 2654 isticce
1049 2596 1078 2652 et
1096 2586 1231 2672 populos
1249 2595 1279 2658 et
1297 2585 1488 2668 1333133333

140 2676 268 2752 333333,
289 2683 326 2740 ct
338 2696 427 2740 33333
434 2677 545 2761 focile
553 2677 594 2741 de
605 2698 717 2761 praere
730 2679 875 2761 33333333
869 2677 1359 2761 ’331333333331333333333333
1372 2677 1488 2760 ,4333-

138 2765 257 2829 adom
270 2767 420 2841 33333333,
435 2768 622 2832 adicem
638 2761 800 2848 (subaudio
811 2777 945 2850 tempore
962 2787 1007 2844 33,
1022 2785 1080 2851 quo
1091 2767 1234 2832 Christus
1249 2766 1402 2830 miraculis
1419 2767 1492 2836 ola·

140 2851 219 2938 ruit)
229 2855 385 2938 fortassis
394 2857 615 2938 3333333333,
630 2856 662 2920 33
677 2865 727 2920 333
741 2857 816 2920 loeis
831 2857 958 2939 publicis
974 2857 1130 2940 expositis.
1166 2851 1263 2920 Pnlot
1277 2875 1338 2936 non
1354 2855 1488 2921 alienum

140 2965 161 3008 3
176 2963 265 3018 vero,
288 2946 447 3008 censuales
462 2947 595 3022 tabulas,
610 2946 763 3028 triginta
748 2965 815 3028 333
831 2965 976 3012 annomm
991 2953 1127 3010 aetatem
1141 2929 1305 3024 hahentes,
1315 2945 1415 3008 adhuc
1430 2945 1488 3010 sub

140 3033 288 3098 ’33133ιί3
279 3053 311 3097 ι3
326 3023 459 3098 archivis
474 3035 630 3102 exstitisse
645 3037 819 3118 praesidum
835 3046 868 3101 et
881 3037 1082 3102 secerdotum.
1116 3035 1201 3098 Loco
1216 3054 1288 3098 vero
1304 3033 1397 3116 priori
1413 3040 1488 3098 3333

140 3123 204 3186 ista
218 3123 399 3187 Tertulliani
414 3125 523 3189 rerba·
551 3126 609 3189 sed
628 3133 658 3190 et
675 3145 784 3190 333333
803 3133 921 3192 emutat
940 3133 1026 3192 octos
1042 3126 1099 3190 aad
1113 3125 1256 3208 ,4333333
1275 3145 1359 3190 msto
1373 3117 1488 3206 (tunc)¹

138 3210 175 3276 ia
187 3211 352 3277 13333333
360 3233 421 3296 pa·
435 3212 580 3280 Sentium
588 3213 805 3290 Sctaeaimoa,
821 3216 908 3299 opad
916 3235 991 3299 quos
1001 3209 1143 3297 (census)
1151 3233 1249 3298 33333
1257 3212 1324 3298 ejus
1333 3207 1485 3295 (Christi)

138 3301 300 3384 impetrare
310 3304 523 3385 possem

231 3390 408 3456 clarissime
425 3393 481 3469 ait,
504 3412 613 3458 census
632 3392 663 3456 in
677 3394 798 3461 Judeea
818 3401 904 3458 actos
924 3413 979 3476 per
994 3355 1133 3456 Sentium
1148 3391 1360 3465 Saturninum,
1378 3389 1485 3472 utique

140 3478 252 3561 Syriae
267 3481 454 3562 praesidem,
474 3483 581 3565 quihus
597 3483 778 3549 33333333
754 3503 781 3554 3ι
795 3501 891 3564 genus
908 3483 1023 3548 Christi
1037 3481 1237 3564 prodebatur,
1254 3479 1397 3546 Christus
1413 3497 1486 3561 ergo

141 3587 209 3632 cum
223 3570 404 3650 parentibus
419 3571 458 3634 ab
474 3571 532 3634 hoc
545 3571 739 3635 Saturnino'
730 3591 762 3634 ι3
777 3571 989 3653 descriptionis
1005 3571 1127 3635 tabulas
1143 3570 1234 3633 relati
1249 3577 1329 3632 suut.
1369 3565 1491 3640 Quodsi

141 3677 288 3740 quaerere
303 3657 379 3722 libet
392 3659 423 3722 in
438 3660 574 3740 Josepho
589 3661 734 3723 historico
749 3661 887 3736 Judaioo,
901 3659 1019 3743 qnandd
1036 3659 1161 3724 Sentius
1175 3657 1360 3723 Saturninus
1376 3657 1487 3738 Syriae

139 3747 313 3828 praesidem
337 3748 435 3829 egerit
457 3741 579 3828 (tacent
602 3750 682 3812 enim
705 3751 763 3812 hoc
784 3747 929 3832 Romam)
953 3749 1154 3823 inveniemus,
1175 3749 1260 3819 utin
1281 3747 1487 3828 superioribus

141 3837 266 3914 dictum,
282 3856 364 3900 anno
377 3837 498 3901 Juliano
514 3838 571 3912 38,
591 3839 711 3920 qnando
726 3839 814 3902 ‘litus
830 3847 897 3902 erat
911 3837 1019 3920 Syriae
1034 3855 1173 3921 praeses,
1188 3838 1227 3900 ad
1244 3856 1332 3919 quem
1346 3836 1487 3902 Herodes

139 3927 296 4008 proiectos
310 3925 520 4001 Antiochiam,
543 3926 587 3990 illi
606 3927 814 3993 reconciliavit
826 3927 1011 3992 Archelaum
1026 3945 1177 4001 socerum,
1199 3927 1323 3990 missum
1341 3925 1434 3989 luisse
1453 3923 1486 3987 in

141 4015 264 4098 Syriam
280 4014 421 4080 Sentium
436 4013 642 4091 Saturninum,
658 4017 737 4098 apnd
753 4035 842 4099 quem
855 4018 993 4081 Herodes
1006 4015 1308 4099 Syllaennnhrahem
1318 4013 1485 4087 accusavit,

141 4113 173 4168 et
196 4113 308 4185 postea
332 4111 453 4168 aestate
483 4105 549 4186 ejus
571 4105 641 4170 anni
662 4107 817 4186 proiectus
840 4113 889 4170 333
909 4106 1050 4170 Romam:
1081 4113 1218 4186 tompore
1249 4124 1308 4188 qno
1336 4104 1485 4166 ludicrum

142 4193 337 4276 Olympicum
351 4193 548 4270 celebratum,
565 4195 612 4258 oui
626 4195 765 4258 Herodes
780 4196 924 4258 interluit
967 4195 1048 4258 licea
1065 4193 1263 4258 Saturninum
1279 4193 1386 4256 eodem
1401 4209 1484 4254 anuo

140 4281 266 4348 3333333
288 4283 320 4346 33
342 4281 476 4364 Syriam,
498 4301 557 4365 qno
578 4284 694 4346 Romae
710 4303 833 4350 censum
846 4285 1004 4366 Augustus
1027 4283 1099 4364 egit
1144 4283 1179 4347 Si
1194 4302 1324 4366 quaeras
1343 4279 1492 4361 emplius,

141 4391 230 4456 quam
246 4373 298 4435 diu
314 4371 653 4436 manseritSatuminns
665 4373 697 4436 in
707 4371 808 4456 Syria,
822 4373 957 4437 invenies
967 4393 1005 4436 ex
1020 4373 1127 4436 eodem
1140 4372 1277 4454 Josepho
1293 4388 1389 4432 annos
1405 4367 1483 4432 soli-

141 4463 194 4526 dos
209 4463 241 4525 4.
287 4463 368 4526 Nam
389 4479 469 4524 auno
487 4462 539 4526 46.
558 4462 698 4526 interfuit
717 4463 899 4526 Saturninus
920 4461 1105 4526 damnationi
1125 4463 1252 4524 liliorum
1271 4457 1497 4542 Herodie·Be-⁴

139 4551 212 4634 ryti,
228 4549 373 4630 333341.
390 4558 519 4614 exeunte
534 4552 690 4632 provincia
705 4551 845 4627 decessit,
861 4553 1043 4616 succedente
1054 4549 1200 4622 Quintilio
1210 4550 1304 4612 Varo
1330 4541 1484 4612 Calvisius

137 4641 258 4708 33136.
277 4638 440 4722 Epistulae
460 4659 533 4704 suae
552 4649 656 4704 monet
675 4641 833 4716 lectorem,
852 4661 900 4704 me
919 4641 978 4704 hoc
997 4659 1058 4704 non
1078 4641 1222 4722 probare,
1241 4637 1296 4700 aed
1312 4635 1424 4700 saltem
1439 4653 1479 4698 en

135 4729 304 4816 hypothesi
319 4747 390 4792 mea
403 4729 569 4806 affirmare,
590 4737 623 4795 et
640 4749 744 4794 verum
764 4738 879 4794 monet.
902 4751 960 4794 non
978 4729 1056 4792 enim
1070 4729 1121 4792 hio
1136 4727 1217 4792 aliud
1232 4743 1307 4806 ego,
1334 4742 1424 4806 qoam
1446 4731 1482 4788 ut

135 4821 336 4888 nativitatem
352 4815 492 4884 Christi
483 4825 565 4884 rutra
579 4819 740 4903 angustius
754 4819 899 4902 temporis
914 4819 1047 4903 spatium
1061 4818 1252 4891 concludam,
1277 4832 1366 4898 quam
1387 4820 1482 4878 33333
