3406 5542
642 303 821 372 ospnexss.
842 305 980 360 tells
1229 370 1233 380 1
1299 250 1303 262 .
1414 281 1480 352 047

133 441 170 506 de
186 463 266 507 auno
281 445 405 510 Juliano
421 445 473 511 40.
487 445 577 512 facile
591 448 797 531 persuadebo,
820 450 966 534 simulque
982 449 1166 514 seutentiam
1184 445 1284 512 meam
1299 447 1336 511 ds
1352 465 1477 528 compu-

133 532 250 596 tatione
265 534 399 599 bimatus
415 537 580 600 occisorum
594 555 754 619 pueromm
768 538 881 621 liquido
898 539 1109 622 comprobabo.

219 621 321 686 Erant
344 625 424 706 magi
447 633 480 688 et
503 627 636 690 nationis
661 635 693 690 et
715 627 914 708 professionis
928 628 1076 692 vocabulo
1094 625 1257 702 Chaldaei,
1281 645 1375 707 penes
1400 643 1475 707 quos

131 711 260 794 primum
274 719 351 776 nata
365 714 422 776 fuit
437 715 617 796 astrologia,
640 717 723 796 cujus
739 716 1165 822 disciplinaepronunciatum
1179 715 1238 778 hoc
1254 722 1316 777 est.
1334 714 1479 796 conjunc·

131 801 232 865 tiones
246 803 397 866 maximas
412 804 603 884 planetarum
619 805 805 887 superiorum
820 807 852 869 in
866 807 986 888 punctls
1002 806 1220 880 cardinalibus,
1238 804 1402 886 praecipue
1423 823 1479 866 ae-

130 891 367 973 quinoctialibus
381 893 499 956 Arietis
521 901 554 955 et
567 894 695 970 Librae,
719 896 918 958 mutationem
939 915 1040 960 rernm
1063 895 1280 981 universalem,
1303 900 1336 954 et
1358 892 1480 956 stellam

130 987 283 1043 cometam
303 982 359 1045 sub
374 981 426 1044 illa
441 989 579 1064 tempora
594 984 814 1063 conjunctionis
829 979 1025 1067 apparentem
1042 971 1139 1047 ortum
1155 982 1326 1062 alicujusm
1297 983 1480 1044 monarchae

131 1069 316 1149 significare.
360 1071 430 1133 Jam
451 1090 524 1134 vero
546 1090 613 1134 cum
632 1074 715 1154 magi
733 1074 891 1136 venissent
905 1075 1114 1156 Jerosolymas
1135 1071 1282 1155 principio
1297 1068 1411 1133 Juliani
1427 1069 1481 1144 41,

125 1159 191 1239 jam
208 1165 283 1221 ante
298 1159 451 1222 biennium
465 1162 528 1224 sere
545 1170 710 1242 coeperant
730 1155 874 1243 planetae
896 1163 1039 1244 congredi
1059 1162 1269 1243 conjunctione
1292 1159 1425 1222 maxima
1447 1159 1479 1220 in

128 1247 279 1328 principio
295 1248 421 1311 Arietis.
467 1248 556 1321 Quod
572 1251 685 1314 attinet
697 1259 799 1316 motus
813 1253 946 1327 medios,
967 1260 1003 1314 nt
1019 1270 1057 1313 ex
1071 1251 1242 1314 Prntenicis
1257 1254 1482 1329 computantur,

129 1355 167 1401 ne
183 1337 255 1419 quis
269 1355 368 1399 meum
383 1339 534 1418 privatum
550 1339 696 1404 calculum
711 1341 761 1403 hic
777 1347 951 1427 suspectum
966 1341 1095 1414 habeat,
1118 1358 1198 1402 auno
1213 1339 1270 1401 40.·
1288 1338 1336 1400 die
1352 1339 1403 1398 22.
1418 1337 1477 1400 Ja-

129 1425 230 1488 nuarii
247 1424 400 1489 Saturnus
416 1435 449 1490 et
462 1428 584 1508 Jupiter
605 1430 761 1510 congressi
780 1438 853 1493 sunt
877 1431 950 1492 solis
970 1429 1013 1492 34
1036 1428 1185 1510 scrupulis
1208 1435 1279 1490 aute
1300 1425 1479 1508 principium

126 1515 259 1578 Arietis
305 1513 452 1597 Sequenti
475 1517 523 1579 die
538 1517 588 1580 25.
604 1518 761 1582 Februarii
783 1519 869 1582 Mars
893 1531 1008 1601 quoque
1032 1519 1071 1581 ad
1095 1517 1260 1582 Saturnum
1281 1513 1397 1578 venit
1388 1535 1419 1579 ιιι
1442 1507 1481 1576 3⁰

127 1603 266 1678 Arietis,
291 1611 324 1666 et
346 1605 442 1687 primo
464 1607 569 1669 Martii
592 1608 631 1669 ad
652 1607 791 1671 Jovem
781 1627 813 1671 ιιι
834 1603 873 1670 5⁰
894 1608 1022 1672 Arietis.
1065 1607 1152 1671 Haec
1172 1606 1210 1670 de
1224 1605 1357 1669 motibus
1372 1603 1481 1668 mediis

127 1711 182 1755 seu
199 1693 290 1755 fictis
497 1717 500 1722 ¹

218 1781 295 1844 Veri
310 1783 420 1845 motus
425 1781 570 1862 majorem
584 1785 756 1848 habuerunt
771 1785 956 1849 evidentiam
971 1791 1004 1849 et
1018 1785 1137 1848 ratione
1151 1782 1298 1864 temporis
1313 1731 1401 1846 nobis
1410 1780 1481 1863 plus

126 1869 345 1953 astipulantur.
389 1873 484 1935 Anno·
495 1872 617 1938 Juliano
633 1873 685 1940 39.
701 1875 782 1938 circa
798 1878 849 1938 22.
863 1875 946 1939 Juuii
962 1873 1034 1938 Sole
1049 1881 1193 1954 versante
1208 1867 1248 1936 3⁰
1270 1876 1343 1934 ante
1365 1870 1480 1951 princi-

125 1959 209 2042 pium
227 1959 349 2035 Caricri,
365 1963 519 2042 congressi
535 1969 607 2025 sunt
616 1961 768 2028 Saturnus
784 1971 816 2028 et
830 1964 952 2045 Jupiter
966 1963 1062 2046 primo
1078 1965 1109 2026 in
1125 1959 1337 2036 23⁰Piscinm,
1353 1955 1391 2030 71
1407 1966 1479 2024 ante

125 2049 310 2132 principium
323 2050 450 2113 Arietis.
488 2051 572 2124 ,Cum
594 2059 696 2115 autem
715 2059 843 2137 uterque
865 2053 1054 2134 superiomm
1074 2052 1165 2134 paulo
1187 2058 1261 2133 post
1279 2051 1381 2114 iaetus
1396 2054 1481 2112 esset

127 2139 347 2214 stationarius,
369 2139 413 2202 sic
427 2146 462 2201 ut
475 2140 597 2221 Jupiter
612 2139 778 2205 Saturnum
794 2160 854 2206 nou
869 2142 997 2206 multum
1012 2149 1186 2224 superaret,
1207 2141 1322 2228 iactum
1335 2139 1479 2218 Augusto

126 2229 285 2309 sequenti,
301 2247 368 2292 cum
383 2236 508 2310 uterque
524 2232 624 2293 iaetus
640 2239 725 2294 esset
738 2232 945 2312 retrogradus,
959 2237 995 2293 nt
1008 2231 1130 2312 Jupiter
1145 2229 1313 2294 Saturnum
1327 2234 1411 2290 motu
1426 2245 1479 2288 re-

126 2318 277 2398 trogrado
293 2317 424 2382 mcundo
442 2327 655 2400 assequeretur
669 2321 701 2382 in
717 2316 777 2382 21ο
792 2321 933 2395 Piscium,
948 2338 1187 2401 procurrensque
1203 2318 1234 2381 in
1251 2316 1406 2380 anteriora
1420 2333 1477 2396 per

127 2415 321 2481 autumnum,
337 2425 395 2488 qno
411 2408 573 2472 secundum
588 2427 636 2470 me
653 2418 818 2490 conceptus
835 2417 884 2472 est
897 2409 1050 2484 Joanues,
1070 2407 1194 2472 tandem
1210 2405 1370 2468 Decembri
1386 2403 1478 2467 tertio

127 2496 298 2560 Saturnum
313 2496 474 2578 occupavit
488 2498 518 2558 in
537 2491 596 2560 17⁰
610 2498 750 2562 Piscium.
782 2497 867 2570 Quos
881 2498 968 2562 Mars
984 2517 1063 2560 auno
1078 2498 1130 2560 40.
1139 2493 1306 2560 Februario
1323 2501 1356 2556 et
1363 2492 1480 2556 Martio

128 2592 323 2659 consecutus,
337 2586 421 2649 illum
436 2586 466 2647 in
481 2586 587 2649 ultimo
602 2586 716 2650 triente
731 2588 878 2662 Piscium,
894 2587 973 2650 hunc
992 2587 1022 2649 in
1038 2586 1185 2667 principio
1200 2582 1331 2657 Arietis,
1355 2589 1387 2644 et
1407 2585 1488 2663 post

126 2677 263 2738 Martem
288 2674 344 2737 Sol
367 2693 433 2738 cum
451 2675 573 2738 Venere
596 2683 629 2738 et
649 2676 800 2739 Mercurio
829 2676 1014 2740 satellitibus
1044 2693 1147 2738 omnes
1170 2674 1241 2737 illos
1266 2679 1339 2734 tres
1353 2670 1478 2744 Martio,

126 2763 227 2846 Aprili
243 2770 278 2826 et
291 2763 392 2844 MaJ‘o,
413 2763 615 2845 impleverunt
634 2764 879 2846 conjunctionem
901 2766 983 2828 circa
1003 2771 1144 2867 tempora
1159 2760 1299 2869 concepti
1315 2758 1432 2824 Christi
1447 2766 1481 2822 et
1525 2793 1530 2802 ι

125 2859 199 2934 post
215 2853 281 2914 nati
296 2852 435 2916 Joannis.

218 2942 271 3004 Da
284 2961 379 3017 nunc,
400 2949 435 3004 ut
455 2962 535 3006 nova
556 2961 713 3024 magorum
735 2942 827 3007 stella
846 2943 974 3024 primum
994 2947 1161 3023 conspecta
1175 2940 1266 3004 inerit
1282 2957 1342 3003 non
1358 2942 1479 3000 tantum
1591 3021 1597 3030 ι

128 3031 238 3095 eodem
260 3039 407 3112 tempore,
429 3051 487 3112 quo
506 3031 597 3094 vicini
622 3032 751 3095 invicem
766 3033 987 3114 spectabantur
1007 3030 1159 3096 Saturnus
1186 3036 1218 3092 et
1237 3029 1375 3110 Jupiter,
1398 3043 1478 3088 anuo

127 3121 248 3184 scilicet
262 3119 314 3183 39.
330 3120 544 3196 menseJunio,
560 3122 614 3184 sed
631 3123 723 3185 etiam
739 3122 846 3184 eodem
861 3123 937 3185 coeli
952 3121 1019 3185 loco
1036 3119 1258 3200 complanatis,
1273 3117 1478 3200 quodsummo

126 3207 273 3272 miraculo
289 3209 404 3272 factum
419 3217 469 3272 cst
483 3210 575 3272 etiam
591 3217 697 3274 nostro
712 3217 849 3292 tempore
866 3231 945 3274 anno
963 3210 1056 3274 1604.
1078 3229 1144 3272 cum
1166 3208 1258 3270 stella
1272 3227 1353 3270 nova
1368 3206 1400 3268 in
1416 3201 1479 3266 Sa-

127 3299 271 3380 gittario:
294 3298 364 3379 quid
381 3298 462 3361 alind
480 3297 628 3362 Chaldaei
643 3319 681 3362 en
695 3300 771 3380 ipsis
788 3301 865 3363 artis
878 3301 991 3381 regulis
1006 3299 1155 3380 hodieque
1172 3297 1364 3360 exstantibus
1381 3293 1479 3372 conji-

128 3393 386 3470 cerepotuerunt,
402 3407 491 3470 qnam
505 3389 628 3452 maximi
642 3389 786 3470 momenti
801 3390 964 3452 eventurn?
998 3388 1048 3452 Ab
1064 3387 1122 3450 hoc
1138 3393 1240 3448 autern
1253 3393 1400 3465 tempore,
1415 3381 1479 3446 sci·

127 3477 245 3540 licata
266 3495 370 3538 mense
385 3477 476 3540 Juuio
489 3477 569 3540 ‘anni
592 3476 643 3543 39
662 3478 694 3540 in
707 3478 907 3540 Februarium
927 3478 997 3542 anni
1013 3477 1065 3538 41.
1089 3475 1242 3540 biennium
1258 3480 1322 3548 eet,
1343 3471 1479 3536 minos4

129 3574 182 3630 ant
198 3565 219 3629 5
234 3565 398 3628 mensibus.
442 3565 527 3629 Nihil
541 3566 635 3647 igitur
649 3566 744 3630 habet
757 3585 797 3628 ne
813 3566 987 3648 astrologus
1003 3565 1137 3647 quidem,
1156 3564 1236 3646 quod
1258 3559 1478 3643 computationi

128 3675 215 3718 meae
230 3675 302 3717 anns
293 3654 450 3718 natalitii
466 3662 613 3735 opponat,
635 3656 732 3719 habet
753 3675 827 3719 vero
848 3656 951 3737 quod
941 3675 974 3719 ιιι
989 3673 1068 3718 anno
1084 3653 1136 3718 40.
1150 3652 1274 3718 Juliano
1289 3652 1412 3716 maxims
1404 3650 1478 3713 ia·

129 3746 192 3807 ciat
210 3751 243 3806 et
258 3743 416 3807 nativitati
431 3744 547 3808 Christi
564 3744 732 3826 stellaeque
747 3763 903 3826 magorum
920 3743 1237 3807 conuenientissimum
1247 3741 1374 3822 judicet
1403 3735 1478 3803 Nec

129 3835 244 3908 dubito,
259 3833 358 3896 Deum
375 3833 628 3896 condescendisse
645 3833 685 3896 ad
701 3832 925 3899 Chaldaeorum
941 3833 1167 3907 credulitatem,
1188 3837 1223 3894 ut
1245 3831 1322 3894 alias
1343 3830 1423 3892 solet
1439 3827 1479 3890 ad

130 3924 207 3986 alias
229 3923 383 3986 hominum
400 3922 594 3985 infirmitates
610 3923 869 3988 condescendere:
894 3941 961 3986 cum
980 3921 1184 4004 praesertim'
1175 3941 1206 3984 ιιι
1221 3919 1404 4000 astrologia,
1425 3923 1479 3980 ut-

130 4033 247 4095 cunque
261 4013 359 4075 multa
373 4032 469 4086 vana,
484 4031 545 4073 nou
561 4013 661 4075 omnia
675 4019 777 4076 tamen
795 4013 1024 4086 contemnenda,
1040 4012 1094 4076 sed
1110 4011 1211 4094 aliqua
1226 4017 1354 4074 naturae
1370 4023 1479 4080 rerum,

130 4122 206 4206 quae
222 4101 282 4164 Dei
299 4121 375 4182 opus
391 4107 448 4178 est,
465 4108 671 4164 consentanea
687 4103 758 4178 sint,
772 4102 955 4184 praesertim
971 4109 1114 4183 aspectus
1130 4109 1163 4164 et
1178 4096 1422 4182 conjunctiones:
1444 4100 1480 4156 nt

131 4191 161 4255 iu
175 4190 369 4256 harmonicis
386 4190 610 4253 demonstrabo.

215 4283 277 4345 Tot
291 4279 387 4362 igitur
408 4280 506 4342 modis
529 4288 562 4342 et
582 4277 677 4344 tertia
697 4279 871 4344 nativitatis
888 4233 1004 4344 Christi
1024 4279 1255 4343 circumstantia
1271 4275 1358 4340 uobis
1373 4270 1437 4364 ad
1427 4289 1477 4332 ιιι-

131 4371 367 4458 vestigationem
382 4387 454 4433 aum
445 4368 553 4434 lacta
567 4377 616 4433 est
630 4369 723 4432 utilis.
768 4370 997 4434 Transeundum
1013 4369 1053 4432 ad
1068 4377 1216 4452 quartam.
