3412 5538
232 281 287 351 94⁸
319 289 324 307 ¹
652 303 754 355 litem
765 303 870 368 Kepleri
883 299 1036 369 abcmque
1046 309 1150 354 mutuae

230 448 328 512 scriptis
339 443 533 500 Pulcuvomibur
545 441 766 512 simillimaque
779 447 906 511 adscripta
917 451 958 498 eet
970 445 1031 506 dies,
1045 459 1096 512 qna
1107 445 1165 498 illas
1177 446 1328 512 ccmcdpsit.
1351 447 1389 498 Ex
1400 447 1481 500 literis
1493 453 1575 498 autem

232 517 326 570 Serarii
337 519 371 570 ad
382 518 520 586 Kepleruru
537 519 717 578 concludimus,
737 517 812 570 datas
830 519 887 570 illas
907 532 962 570 ease
981 525 1040 570 ante
1059 519 1143 580 „diem
1154 525 1207 569 nat.
1220 517 1245 570 S.
1258 517 1391 584 Baptistae
1404 532 1471 572 anuo
1492 517 1576 570 1605*

231 590 359 644 absolutas
372 605 429 642 varo
441 604 505 642 anuo
518 591 616 641 demum
630 587 706 641 1606.
743 589 815 641 Haec
826 593 904 658 igitur
915 589 1053 656 Keplerns:

837 768 869 833 S.
884 769 922 832 1³.
933 769 973 832 D.

318 895 388 956 Jam
402 893 517 972 pridem
531 893 603 956 mihi
618 894 715 974 gestit
730 893 855 969 animus,
874 895 1009 974 Jcsephe
1025 891 1173 974 Scaliger,
1194 893 1347 956 natalibus
1362 893 1579 970 illustrissime,

231 981 329 1046 literis
344 982 535 1056 immortalis,
558 983 659 1064 aliqua
680 991 781 1046 tecum
803 985 842 1046 ad
865 991 1033 1065 temporum
1052 983 1201 1044 rationem
1223 983 1409 1063 pertinentia
1430 1002 1470 1046 ex
1486 1002 1579 1064 opere

231 1080 283 1134 tuo
299 1072 433 1134 conferre
446 1064 484 1152 ⁴),
500 1091 590 1153 quam
605 1072 645 1134 ad
659 1072 846 1154 palaestram
861 1073 1013 1138 stimulum
1028 1071 1101 1134 mibi
1116 1071 1235 1134 addidit
1249 1072 1380 1134 illustris
1394 1072 1434 1135 D.
1450 1073 1474 1134 Ι.
1490 1073 1577 1134 Mat

232 1162 339 1240 thaeus
354 1159 557 1224 Wackberius
572 1155 593 1224 d
607 1160 804 1225 Wackeufels
819 1161 851 1225 S.
862 1161 951 1226 Caes.
966 1161 1143 1242 Majestatis
1159 1160 1359 1225 Conciliarins
1374 1161 1463 1224 aulae
1478 1160 1578 1242 impe-

230 1250 326 1324 rialis,
347 1250 476 1312 nominis
492 1251 536 1313 tui
559 1258 592 1312 et
606 1251 701 1314 totius
723 1251 905 1332 reipublicae
928 1249 1083 1314 litorariae
1105 1249 1352 1313 studiosissimus.
1398 1250 1478 1315 (lum
1500 1253 1578 1314 enim

230 1339 375 1402 audiisset
390 1357 428 1401 ex
442 1357 500 1414 me,
521 1340 633 1402 babere
649 1359 696 1402 me
711 1341 826 1420 passim
841 1348 909 1403 toto
926 1359 1024 1420 opere,
1039 1339 1201 1421 praecipue
1216 1360 1289 1403 vero
1310 1340 1387 1402 libro
1402 1339 1502 1419 primo
1520 1341 1579 1404 ali·

230 1445 295 1510 qua,
310 1447 387 1510 quae
404 1429 443 1490 ad
458 1435 543 1491 tuam
558 1448 716 1492 censuram
731 1431 883 1506 referrem,
898 1449 959 1492 non
974 1428 1096 1492 destitit
1110 1447 1158 1491 me
1173 1429 1298 1505 hortari,
1318 1437 1353 1491 ιιι
1369 1429 1580 1510 compendium

232 1518 352 1600 aliquod
366 1537 500 1580 mearum
515 1519 734 1600 cogitationum
749 1522 880 1583 facerem
886 1520 1061 1600 literaeque,
1077 1519 1103 1582 si
1112 1520 1209 1582 miuus
1220 1518 1374 1582 commode
1384 1519 1510 1600 possim,
1531 1519 1579 1582 vel

162 1675 167 1684 .
230 1607 286 1670 sibi
307 1608 456 1672 curandas
476 1609 692 1689 permitterem
736 1609 817 1672 Ecce
838 1628 947 1689 pareo,
976 1608 1072 1670 fretus
1101 1625 1169 1670 curu
1189 1608 1271 1671 illius
1298 1609 1491 1688 benignitate
1515 1615 1579 1670 tum

230 1696 357 1759 maxime
379 1703 433 1758 tna
453 1697 549 1777 ipsius
569 1696 758 1760 humanitate
781 1705 813 1760 et
834 1696 999 1772 modestia,
1021 1698 1051 1759 in
1074 1715 1133 1778 qua
1147 1697 1205 1760 tibi
1225 1697 1340 1778 primns
1362 1697 1440 1760 liber
1456 1697 1579 1773 desiuit,

232 1786 353 1866 quaein
368 1803 453 1866 spem
469 1787 613 1867 optimam
628 1805 676 1848 me
691 1786 815 1862 inducit,
831 1788 895 1850 iore
910 1795 946 1849 ιιι
961 1786 1101 1866 quicquid
1115 1785 1204 1867 huius
1220 1787 1260 1848 ad
1275 1787 1318 1848 Te
1335 1785 1499 1867 scripsero,
1514 1787 1579 1868 ipse

231 1875 313 1938 nulla
327 1875 495 1955 linguarum
511 1876 697 1956 cognitione,
719 1876 802 1940 nulla
818 1875 1005 1939 Graecorum
1021 1883 1179 1939 auctorum
1194 1876 1326 1938 lectione
1340 1875 1527 1952 instructus,
1549 1876 1579 1940 id

232 1971 266 2026 tu
280 1964 391 2044 ingenii
407 1964 488 2040 acie,
511 1966 648 2028 omnibus
662 1966 824 2046 praesidiis
846 1965 1027 2028 necessariis
1050 1965 1300 2040 instructissima,
1322 1965 1362 2027 ad
1378 1965 1524 2028 veriatis
1539 1967 1578 2028 li-

230 2053 339 2116 bellam
355 2053 481 2115 candide
503 2055 658 2116 examines
673 2073 779 2136 meque
803 2053 951 2137 oppositis
974 2054 1159 2135 argumentis
1176 2073 1213 2117 ex
1233 2055 1285 2116 illo
1306 2072 1386 2134 penu
1400 2054 1578 2135 multiplicis

231 2141 369 2204 lectionis
392 2140 560 2224 depromtis
583 2143 741 2206 'errantem
762 2143 793 2207 in
821 2144 903 2206 viam
924 2144 1068 2220 reducas,
1098 2150 1153 2206 aut
1166 2144 1218 2206 ubi
1233 2143 1470 2224 deprehenderis
1494 2163 1578 2206 com·

233 2231 374 2313 pendium
387 2231 565 2312 ingressum,
581 2231 714 2298 income
730 2239 782 2296 tuo
798 2234 914 2296 calculo
930 2234 1097 2295 confirmes.
1121 2231 1170 2295 Ex
1186 2233 1322 2296 omnibus
1333 2232 1579 2307 auctoritatibus,

231 2341 304 2402 quas
326 2321 501 2402 inutraque
524 2322 656 2384 editione
679 2323 809 2404 allegas,
830 2323 888 2385 hoc
903 2322 1009 2404 procul
1031 2321 1120 2384 dubio
1137 2330 1279 2410 apparet:
1303 2339 1415 2385 aunum
1429 2321 1579 2396 Atticum,

230 2411 431 2492 quamprimo
453 2410 530 2474 libro
555 2411 733 2488 condidisti,
756 2413 794 2475 ab
818 2431 855 2474 ea
877 2413 989 2486 forma,
1011 2430 1101 2494 qnam
1122 2418 1157 2474 ιιι
1177 2431 1211 2475 es
1234 2411 1390 2494 opinatus,
1416 2410 1578 2492 plurimum

230 2499 371 2563 abfuisse.
1015 2539 1019 2546 -

221 2635 224 2642 .
316 2585 444 2660 Qualem
467 2595 569 2652 autem
590 2589 655 2670 ipse
678 2590 783 2670 opiner
799 2589 909 2665 fnisse,
930 2591 1058 2671 primum
1074 2589 1253 2665 describam,
1273 2589 1381 2652 deinde
1397 2597 1579 2670 argumenta

227 2679 279 2742 vel
294 2686 377 2742 tuam
393 2681 520 2740 formam
534 2679 705 2742 refellentia
725 2680 775 2743 vel
790 2698 888 2741 meam
911 2679 1132 2754 confirmantia,
1155 2680 1405 2762 conjecturasque
1420 2678 1484 2744 nni.
1498 2699 1578 2742 non-

230 2769 327 2832 nullas
344 2761 398 2850 (de
414 2768 520 2848 quibos
537 2774 570 2829 tu
585 2768 755 2831 rectissime
772 2765 941 2850 judicabis)
963 2767 1174 2834 imbecilliores
1195 2788 1251 2849 pro
1272 2787 1320 2831 me
1340 2770 1389 2832 vel
1410 2778 1522 2832 contra
1537 2778 1578 2844 te,

229 2857 357 2938 itemque
381 2855 584 2937 objectionum
607 2858 774 2920 solutiones
795 2857 963 2940 promiscue
987 2857 1174 2939 subjungam.
1217 2857 1311 2934 Dico,
1335 2858 1579 2941 antiquissimam

233 2947 302 3012 anni
316 2945 415 3009 Attici
437 2946 564 3008 formam
580 2945 672 3008 fuisse
693 2947 820 3009 alternis
839 2947 988 3010 mensium
1010 2948 1050 3008 12
1069 2948 1120 3009 vel
1138 2949 1192 3022 13,
1215 2948 1328 3010 dierum
1344 2947 1425 3023 354,
1447 2942 1515 3012 376
1530 2949 1580 3010 vel

230 3035 302 3109 354,
310 3030 373 3098 377
382 3034 752 3116 nullasquepraeterhuuc
760 3037 844 3098 tertii
852 3035 1579 3118 cujusqueanniintercalaremmensemhabuisse

230 3117 716 3208 drapxcocdpepacmullasetiam
726 3120 1579 3208 daepilooooccgnisirespectualteriussolstitialisanui.

231 3213 351 3277 Menses
367 3214 460 3275 inisse
480 3213 606 3276 alternis
621 3214 729 3295 plenos
750 3222 783 3277 et
798 3234 907 3290 cavos,
929 3213 1183 3279 aBotdromione
1205 3215 1298 3277 tertio
1321 3215 1427 3297 cuique
1443 3216 1577 3279 debuisse

230 3325 277 3382 ap
293 3325 389 3384 τριτηι
411 3299 569 3380 ἱσταμινου
592 3304 642 3365 vel
663 3308 784 3383 trecop
806 3309 975 3383 φθινοπος.
1013 3305 1117 3366 Tertio
1140 3323 1256 3386 quoque
1279 3324 1358 3367 anuo
1373 3305 1578 3368 Posidecnem

229 3393 378 3476 geminum
400 3399 433 3454 et
453 3392 668 3456 intercalarem
683 3393 884 3457 Posidecnem
908 3393 1035 3457 alternis
1058 3395 1099 3456 22
1121 3394 1172 3456 vel
1194 3395 1235 3456 23
1252 3393 1375 3456 dierum.
1411 3395 1482 3456 Nisi
1497 3395 1576 3457 iorte

229 3501 284 3564 pro
308 3501 359 3557 eo,
382 3481 462 3564 quod
477 3481 689 3545 intercalarius
704 3491 851 3565 perpetuo
875 3483 917 3545 22
941 3482 1072 3558 dierum,
1095 3481 1159 3546 dics
1182 3482 1290 3563 aliquis
1313 3481 1372 3544 alio
1396 3501 1501 3546 mense
1527 3480 1578 3565 (ut

228 3570 382 3654 probabile
398 3571 429 3633 in
444 3571 598 3653 mysteriis
613 3572 778 3654 majoribus
793 3572 1017 3656 quadriennalis
1026 3567 1158 3654 periodi)
1174 3572 1307 3634 insertus
1322 3571 1427 3648 inerit3
1451 3579 1487 3635 ut
1497 3573 1577 3655 apud

229 3681 284 3724 uos
301 3659 404 3724 XXV.
413 3660 580 3724 Februarii.
604 3661 712 3744 Itaque
722 3671 968 3738 consentaneum,
984 3662 1119 3728 calendis
1134 3661 1324 3725 Posideouiis
1339 3662 1577 3726 intercalaribus

229 3769 336 3812 nornen
359 3749 452 3812 inisse
473 3773 646 3828 vocamine,
675 3751 823 3831 postridie
846 3771 918 3814 vero
941 3749 1045 3833 datore
1071 3753 1122 3814 vel
1147 3751 1251 3828 ἐνατην
1272 3748 1448 3828 emanans,
1472 3759 1528 3814 ant
1547 3752 1579 3814 in

231 3839 361 3902 secundo
378 3839 493 3902 decano
515 3861 612 3920 τριτην
628 3845 788 3922 φθινοπος
808 3860 863 3923 pro
880 3839 976 3921 decep.
1007 3841 1077 3904 Jarn
1093 3839 1205 3922 accipe,
1220 3843 1368 3921 quomodo
1383 3842 1462 3903 baec
1478 3843 1579 3904 omnia

230 3947 267 3991 ex
282 3927 342 3990 tuis
358 3927 594 4008 allegationibus
610 3930 697 4004 solis,
718 3929 793 3993 nihil
809 3950 848 3992 ex
866 3950 914 3993 me
930 3931 1051 4007 addito,
1071 3931 1121 3994 vel
1141 3930 1311 3994 confirmem
1331 3931 1381 3993 vel
1400 3929 1579 3994 verisimilia

166 4073 170 4078 .
229 4018 339 4080 saltem
360 4017 493 4088 reddam.
529 4019 631 4082 Primo
655 4020 725 4100 quia
739 4020 844 4083 Lunae
866 4021 979 4102 phases
995 4021 1125 4100 gignunt
1144 4019 1314 4084 homiuibus
1331 4020 1595 4084 observationem-

230 4106 387 4181 mensium‚
410 4107 480 4169 anni
502 4113 704 4189 tempestates
728 4109 972 4172 observationem
992 4129 1153 4185 annornm,
1176 4109 1321 4172 aberrant
1338 4129 1411 4171 vero
1426 4111 1578 4191 pbasesa

229 4195 471 4277 tempestatibus
487 4203 724 4260 consentaneum
735 4207 791 4274 est,
806 4199 961 4262 veteribus
970 4199 1131 4280 placuisse,
1147 4207 1182 4260 nt
1194 4217 1316 4261 menses
1332 4198 1453 4281 quidem
1468 4201 1576 4281 apha-

146 4283 150 4291 ’
229 4287 310 4350 sibus
332 4283 514 4365 inciperent,
537 4286 609 4348 anni
631 4287 670 4350 ab
686 4287 898 4368 aequinoctiis,
921 4289 1023 4351 neutri
1042 4295 1145 4350 tamen
1160 4287 1193 4350 iu
1208 4289 1337 4350 solidum
1356 4287 1414 4351 nisi
1429 4295 1504 4368 post
1519 4289 1576 4352 ab·

181 4397 186 4404 ·
228 4375 345 4439 solutos
360 4373 476 4455 aliquot
491 4393 596 4438 annos.
628 4373 718 4446 Quod
732 4377 825 4457 igitur
841 4376 944 4440 Solem
960 4378 1081 4451 attinet,
1097 4378 1123 4439 is
1137 4377 1170 4439 in
1184 4377 1243 4440 hac
1258 4378 1355 4440 forma
1369 4385 1481 4459 quarto
1497 4397 1577 4442 anno

229 4472 336 4528 exacto
359 4482 478 4527 rursum
500 4465 606 4528 eod‘ern
628 4465 675 4528 die
698 4467 819 4529 conficit
840 4465 1076 4548 aequinoctium,
1103 4468 1194 4548 plane
1215 4473 1251 4528 ut
1271 4468 1303 4530 in
1317 4467 1441 4546 Juliana
1463 4469 1575 4544 forma;

230 4553 399 4618 differentia
414 4553 500 4630 haec,
516 4553 595 4635 quod
609 4555 726 4618 luxatio
743 4554 940 4619 Caesareana
955 4564 1005 4619 est
1019 4555 1112 4618 solius
1129 4555 1203 4632 diei,
1224 4556 1334 4620 Attica
1348 4557 1489 4620 undecim
1510 4559 1575 4622 die-

229 4661 294 4706 rum
309 4642 444 4708 alternis.
490 4642 555 4707 Sed
577 4645 657 4727 quod
671 4643 788 4708 Lunam
804 4645 932 4722 attinet,
955 4647 982 4708 ei
1002 4665 1062 4710 non
1078 4645 1192 4708 satisfit
1211 4645 1269 4710 hac
1289 4647 1400 4723 forma,
1421 4647 1483 4710 uisi
1505 4653 1576 4730 post

232 4740 300 4795 octo
322 4753 427 4798 annos
475 4733 525 4798 Ex
546 4733 595 4796 his
617 4741 687 4796 octo
709 4736 797 4800 annis
819 4736 935 4798 dnobus
956 4735 1062 4816 primis
1084 4735 1230 4798 calendae
1251 4737 1399 4799 meusium
1419 4735 1576 4802 habebant

231 4821 426 4888 novilunium:
456 4823 550 4890 tertio
573 4831 606 4886 et
627 4832 735 4906 quarto
765 4819 841 4908 (una
867 4825 1100 4889 intercalatione
1127 4819 1225 4908 iacta)
1246 4825 1394 4888 alendae
1419 4825 1576 4892 habebant
