3428 5542
882 341 1016 408 ιιιιιιιιιι

276 493 309 549 et
323 487 431 550 locus'
422 503 488 568 rpse
503 486 586 549 vocis
601 441 755 568 irecipieaa
769 488 928 568 repugnat,
945 501 1003 569 qno
1017 484 1115 548 rninns
1131 485 1183 549 illa
1198 485 1239 548 ed
1254 484 1487 568 descriptionem
1503 487 1605 549 aetatis

276 575 392 641 Christi
407 575 512 639 referri
527 575 632 657 possit

363 665 426 732 Cur
439 664 547 747 igitur,
568 671 690 748 quarto,
712 683 773 728 non
787 663 889 746 potius
910 663 951 726 ad
967 664 1106 746 exempla
1126 664 1301 746 respicimus
1317 665 1394 740 alia,
1415 663 1466 728 nbi
1481 664 1607 726 vexisti

189 819 194 824 ,
275 751 449 838 apportasse,
463 754 618 840 incipiens,
633 762 806 837 usurpatur,
822 772 918 834 exque
933 753 971 816 iis
987 753 1138 830 discimus,
1154 754 1225 836 quid
1241 755 1298 818 sibi
1312 754 1388 818 velit
1401 754 1461 817 hoc
1475 754 1541 816 loco
1555 773 1607 816 vor

275 845 389 920 eadem,
404 845 462 908 hoc
477 845 581 908 ordine
598 863 728 927 seqnene
744 843 858 906 aetatis
874 840 990 907 Christi
1006 843 1261 926 descriptionem?
1296 843 1349 907 Sic
1364 843 1443 906 enim
1458 844 1537 906 idern
1551 843 1607 905 Lu-

239 957 244 968 ·
274 955 327 998 cas
343 935 414 997 Aet.
426 935 452 995 l.
468 934 542 996 v.l:
566 955 634 1013 aapr
656 955 773 998 aanor
794 928 834 996 oie
847 929 959 1015 ἠρξατο
981 955 1073 997 actea
1093 955 1124 995 rs
1140 957 1188 1006 aas
1202 939 1345 997 &dacusa
1367 931 1436 1016 α’χρι
1457 927 1609 1013 ἡςὴμιρας

274 1021 443 1103 dsequdq:
475 1023 515 1086 de
537 1025 692 1097 marsidae,
716 1043 794 1106 quera
815 1023 931 1104 incepit
939 1024 1049 1102 lucae
1063 1030 1093 1086 et
1114 1023 1223 1086 docere
1245 1043 1342 1106 usqae
1365 1023 1410 1086 ad
1431 1023 1528 1099 dieta,
1549 1041 1610 1084 crea

274 1119 429 1176 assumtae
444 1119 497 1176 eet.
545 1112 664 1177 Clarius
679 1114 781 1176 Lucae
802 1113 853 1187 23,
874 1112 908 1176 5:
932 1117 1076 1176 ιιιασκων
1097 1110 1166 1175 καθ’
1190 1107 1258 1192 ὅλης
1279 1135 1329 1192 της
1341 1108 1505 1186 lentaeue,
1528 1108 1608 1191 sipia·

273 1223 362 1280 paroc
381 1198 441 1265 cino
462 1223 514 1282 cqc
535 1205 694 1273 saisiatae
716 1197 771 1274 ἕως
785 1196 861 1264 cide:
883 1201 996 1266 doacus
1007 1223 1066 1284 pes·
1079 1204 1255 1266 amaseam
1270 1202 1445 1276 Judaeum,
1467 1201 1611 1284 inaptus

218 1349 222 1364 ,
274 1287 344 1373 (seu
365 1291 451 1354 initio
474 1291 575 1368 facto,
597 1286 738 1373 exorsus)
762 1313 783 1355 a
806 1289 956 1355 Galilaea
977 1313 1073 1374 usare
1094 1292 1163 1356 bac.
1207 1292 1340 1356 Rursum
1369 1311 1405 1355 co
1425 1292 1496 1373 ipso
1519 1289 1609 1371 capite

276 1383 290 1444 l
309 1383 380 1445 Aah
397 1401 425 1443 v.
436 1382 492 1442 22:
517 1377 686 1461 ἀρξαμινος
701 1377 761 1444 riae
776 1403 830 1444 roo
845 1383 1049 1460 βαπτισματος
1061 1378 1203 1456 Ἰωαηου,
1224 1377 1280 1454 iore
1294 1405 1344 1461 ape
1358 1376 1485 1463 impar,
1507 1375 1609 1458 ἡςιέιι-

273 1473 386 1551 ληφθη,
400 1471 554 1553 incipieus
569 1465 727 1552 (exorsus)
744 1491 767 1534 o
781 1472 933 1553 baptierao
948 1471 992 1536 od
1006 1493 1077 1534 eam
1090 1491 1185 1553 aaqrse
1199 1471 1300 1546 dian,
1320 1491 1381 1553 quo
1395 1478 1552 1534 assumta
1565 1476 1611 1530 ret·

272 1561 315 1622 Et
329 1560 401 1623 Act
415 1560 464 1635 10,
479 1579 508 1622 v.
518 1555 574 1622 37:
599 1554 679 1642 ῥημα
695 1557 863 1641 ἅρξαμινον
878 1557 939 1624 ἀπο
954 1584 1004 1640 της
1018 1563 1180 1633 saisiatae
1200 1583 1274 1636 pera
1295 1583 1330 1624 eo
1353 1563 1507 1640 βαπτισμα
1526 1553 1610 1636 ὅιιιη·

274 1647 362 1732 ρυξιν
373 1646 512 1728 loanqe,
527 1650 651 1713 υενιιιιιι
665 1649 819 1732 incipieus
832 1649 880 1713 eal
894 1670 1040 1715 caracam
1055 1671 1077 1712 a
1093 1648 1245 1714 Galilaea
1261 1649 1517 1734 postboptisma,
1538 1647 1611 1730 qssod

273 1739 481 1820 praedicabat
495 1738 643 1808 Joaaaes.
673 1739 723 1802 Ita
739 1740 832 1802 etiarn
847 1741 987 1804 hocloco
1003 1759 1064 1802 vox
1079 1738 1243 1823 ἅρχομιιος
1263 1757 1454 1822 nequequam
1469 1740 1510 1802 nd
1525 1757 1611 1802 annos

274 1828 387 1892 aetads
403 1827 529 1904 Christi,
545 1829 599 1891 sed
614 1828 654 1892 ad
668 1829 847 1911 principium
860 1829 1097 1910 praedicationis
1113 1829 1178 1910 ejus
1192 1830 1351 1892 reserenda
1366 1830 1467 1892 fuerit

361 1917 397 1980 Id
411 1917 510 2002 ipsum
524 1937 612 1994 vero,
635 1918 739 2000 quinto
762 1920 844 1994 loco,
867 1921 1025 1982 confirmat
1048 1919 1140 1982 etiam
1155 1919 1384 1982 circumstantia
1406 1926 1513 1982 textus
1528 1933 1611 2000 prae-

275 2007 386 2070 sentis:
402 2007 511 2089 quippe
526 2008 585 2071 hoc
601 2007 667 2089 ipso
683 2008 750 2074 loco
765 2007 895 2072 tradidit
909 2009 1010 2072 Lucas
1025 2009 1113 2072 initia
1127 2008 1286 2072 ministerii
1297 2005 1422 2084 Christi,
1436 2007 1611 2090 baptismum

276 2104 308 2160 et
322 2116 428 2160 vocem
443 2096 624 2172 coelestem,
646 2097 747 2179 quale
763 2099 1030 2165 commendabatur
1051 2098 1082 2160 in
1098 2098 1253 2161 doctorem
1259 2115 1268 2174 ς
1299 2097 1346 2161 oui
1361 2099 1531 2163 narrationi
1545 2097 1611 2158 haec

154 2241 156 2248 ,
273 2187 341 2269 ipsa
356 2186 466 2261 verba,
488 2204 579 2268 snper
594 2187 700 2268 quibus
716 2187 937 2269 disceptamus,
960 2188 1180 2270 subjunguntur
1194 2188 1396 2250 conclusionis
1411 2187 1496 2264 loco,
1518 2184 1611 2249 addita

273 2295 348 2339 vnce
365 2273 546 2359 ἀρχομιιος,
567 2276 738 2358 incipiam
760 2278 879 2360 quinat
899 2277 1081 2359 genealogia
1102 2276 1305 2353 subnectitur,
1327 2285 1362 2340 ut
1376 2283 1544 2352 constaret,
1562 2292 1611 2357 quo

275 2365 341 2428 loeo
356 2365 438 2428 inter
451 2365 587 2428 Judaeos
602 2366 659 2428 ruit
673 2365 797 2429 babitus
812 2387 907 2429 novus
923 2367 982 2430 iste
998 2367 1105 2447 doctor
1121 2367 1268 2430 exedens.

362 2455 488 2536 Itaque,
516 2462 620 2531 sexto,
642 2475 703 2518 non
716 2457 806 2536 pauci
834 2475 891 2518 nec
917 2457 1063 2538 postremi
1085 2475 1124 2518 ex
1141 2457 1295 2519 veteribus
1311 2456 1447 2531 fuerunt,
1471 2455 1611 2538 quibant

273 2543 557 2626 interpretationem
579 2545 663 2608 vocis
686 2541 853 2627 ἅρχομηος
874 2553 1085 2629 sequerentur,
1108 2565 1183 2629 qnos
1203 2545 1338 2628 Snslyga
1358 2546 1435 2609 citat
1451 2545 1503 2607 fol.
1519 2545 1560 2608 33
1580 2561 1611 2604 er

272 2633 405 2698 Beronio
422 2633 595 2715 Origenem,
612 2632 873 2716 Chrysostomum,
891 2635 1016 2710 Bedam,
1031 2636 1096 2717 ipse
1110 2635 1263 2699 Justinum
1278 2636 1457 2718 Martyrem,
1480 2633 1611 2699 Clemen-
1687 2629 1690 2638 ’

273 2730 336 2785 tem
351 2723 602 2798 Alexandrinum,
615 2724 850 2802 *Tertullianum
872 2723 1075 2807 Epiphanium
1089 2725 1209 2788 haeresi
1225 2726 1276 2801 30,
1293 2725 1377 2806 cujus
1392 2725 1503 2787 verba:
1528 2722 1612 2788 Ciri-

273 2819 357 2876 stam
378 2820 467 2886 heac,
492 2813 618 2894 meando
640 2815 741 2896 eoepit
758 2816 960 2895 praedicare,
974 2814 1081 2894 soiaee
1102 2833 1256 2880 armenon
1276 2811 1335 2877 30.
1380 2814 1423 2878 Et
1436 2813 1516 2878 haec
1530 2814 1613 2876 etiarn
1692 2867 1693 2874 ,

276 2901 374 2965 ordini
387 2902 527 2965 Romano
547 2902 655 2966 tribuit
677 2911 709 2965 et
722 2903 892 2985 Evangelio
915 2903 1051 2986 Syriaco.
1095 2904 1241 3008 Adeoque
1264 2911 1296 2966 et
1311 2904 1404 2967 fnisse
1420 2903 1482 2980 ait,
1505 2904 1612 2987 quipro

273 2990 438 3076 ἀρχομιιος
459 2992 598 3073 legerent
619 2991 779 3076 ἐρχομιιος
811 2994 917 3056 eodem
941 3013 1047 3069 sensu,
1077 3012 1151 3077 quos
1178 2993 1259 3056 inter
1279 2993 1472 3076 Euthymins
1516 2995 1612 3073 ltaque

272 3080 374 3145 Biblia
389 3081 533 3144 nonnulla
549 3080 742 3158 Germanica,
762 3101 838 3164 qnae
854 3083 935 3147 iuter
950 3090 983 3146 et
996 3083 1166 3158 Helvetico,
1189 3087 1338 3147 consensu
1353 3082 1477 3165 egregio
1494 3101 1559 3146 cum
1572 3085 1614 3142 tot

274 3170 412 3252 patribus
429 3154 472 3232 sic
487 3178 660 3235 verterunt·
684 3167 754 3238 {iub
769 3167 863 3252 Sciat
878 3175 947 3238 tout
962 3169 1013 3254 ιιι
1030 3169 1072 3238 30
1089 3167 1213 3255 Saltum,
1233 3172 1270 3237 bu
1287 3189 1315 3238 cr
1331 3168 1456 3258 stieng.
1489 3173 1532 3237 Et
1545 3172 1612 3234 hacc

276 3267 357 3336 tunc,
373 3259 492 3342 quando
507 3260 570 3323 iste
585 3261 716 3324 nondum
732 3261 1114 3343 disputabantur..

363 3347 464 3412 Lubet
479 3368 557 3412 nunc
573 3350 692 3426 audire,
716 3349 786 3433 quid
807 3357 841 3414 tu
857 3353 895 3415 de
909 3353 968 3416 huc
984 3351 1116 3414 secunde
1131 3370 1199 3413 mea
1213 3350 1331 3418 radone
1355 3352 1440 3414 etde
1463 3347 1611 3430 sextuplici

276 3439 341 3521 ejus
356 3439 546 3502 firmamento
563 3440 698 3504 sentias?
719 3439 787 3517 Ais,
801 3448 833 3504 te
849 3441 962 3522 legisse
976 3441 1055 3504 hanc
1061 3440 1345 3523 interpretationem
1360 3441 1444 3504 vocis
1460 3437 1613 3523 ἆρχομιιοι

276 3529 357 3610 apud
373 3529 533 3592 nonnullos
554 3529 643 3610 hujus
665 3531 780 3592 aetatis
802 3530 979 3612 theologos,
1001 3549 1056 3594 nec
1078 3532 1157 3594 velle
1172 3529 1255 3594 illam
1270 3531 1462 3612 impugnare,
1486 3531 1512 3592 si
1527 3525 1613 3592 aetati

277 3618 392 3684 Christi
407 3636 467 3680 non
483 3617 619 3699 deroget
648 3619 758 3682 Aetati
772 3619 826 3682 illa
842 3619 958 3685 Christi
973 3641 1033 3684 non
1053 3621 1197 3702 derogat,
1218 3619 1274 3682 tibi
1296 3639 1368 3682 vero
1389 3620 1550 3701 plurimum
1564 3617 1611 3679 de-

276 3715 381 3790 rogat,
404 3707 474 3790 quia
489 3709 532 3771 30
547 3708 703 3789 praecisos
727 3729 823 3773 anuos
845 3709 926 3772 nullo
942 3709 1002 3772 alio
1018 3710 1211 3773 fundamento
1227 3710 1341 3785 firmas,
1364 3727 1455 3790 quam
1469 3710 1612 3789 interpre-

277 3797 393 3861 tatione
416 3797 504 3878 hujns
526 3797 610 3860 vocis
639 3793 817 3882 ἀρχομιιος,
845 3799 1092 3880 interpretationi
1117 3813 1202 3862 meae
1233 3799 1395 3861 contraria.
1439 3799 1509 3861 Hoo
1531 3797 1613 3878 igitur

277 3887 377 3950 dicere
393 3886 514 3962 videris,
529 3886 711 3968 placituram
725 3888 808 3951 illam
823 3888 925 3965 luisse,
942 3890 968 3952 si
983 3888 1038 3952 trbi
1054 3907 1115 3951 non
1130 3889 1349 3951 labefactatum
1362 3889 1423 3950 iret
1438 3885 1613 3951 sententiam

276 3984 361 4040 tuam
382 3975 724 4059 mordicusarreptam,
746 3977 856 4053 idest,
879 3977 905 4040 si
921 3997 982 4041 non
996 3978 1078 4060 prior
1093 3979 1150 4042 tibi
1170 3977 1337 4060 placuisset
1358 3975 1570 4059 interpretatio
1589 3971 1612 4034 ei

255 4137 258 4144 ,
278 4065 439 4129 contraria
469 4065 540 4128 Non
555 4074 654 4146 potes,
671 4065 794 4142 Calvisi,
810 4087 870 4130 uon
884 4067 1060 4149 impugnare
1075 4069 1154 4134 bauo
1168 4065 1453 4148 interpretationem
1469 4066 1551 4129 vocis
1565 4061 1612 4142 a'p·

277 4177 410 4238 χομιιος,
427 4153 453 4216 si
468 4153 582 4236 aliquid
591 4155 738 4231 delendis,
752 4157 832 4238 quod
847 4176 906 4220 non
922 4157 983 4220 alia
998 4176 1031 4219 re
1048 4157 1162 4233 nititur,
1178 4175 1266 4238 qnam
1277 4157 1427 4220 contrario
1438 4155 1528 4232 illins,
1542 4151 1612 4235 quod

280 4245 325 4307 eis
347 4251 379 4306 te
399 4261 458 4305 non
472 4243 658 4324 impugnare.
691 4246 758 4309 Aut
773 4245 799 4307 si
814 4265 874 4309 non
889 4247 1048 4329 impugnas
1062 4246 1142 4310 hanc
1156 4246 1454 4327 interpretationem:
1478 4246 1509 4308 in
1524 4241 1611 4307 medio

278 4333 371 4415 igitur
385 4331 528 4414 relinquis
551 4340 584 4394 et
597 4333 676 4396 hano
699 4341 731 4396 et
752 4333 816 4414 ejus
839 4335 1037 4412 contrariam,
1059 4355 1118 4418 qna
1140 4335 1254 4399 niteris.
1293 4332 1409 4407 Quodsi
1430 4335 1463 4397 id
1478 4336 1508 4398 in
1523 4331 1611 4396 medio

280 4421 436 4504 relinquis,
456 4439 514 4502 qno
531 4419 596 4484 solo
611 4423 731 4497 niteris,
752 4441 812 4486 non
826 4425 919 4506 igitur
933 4426 1071 4507 probasti
1090 4442 1146 4508 per
1161 4425 1192 4487 id
1207 4425 1250 4488 30
1264 4425 1420 4506 praecisos
1435 4443 1544 4487 annos:
1567 4436 1611 4482 eur

279 4511 372 4594 igitur
385 4511 544 4591 impugnas
559 4527 643 4574 meos
659 4512 722 4576 33?
748 4511 810 4576 Cur
825 4514 991 4578 criminaris
1012 4533 1059 4578 mc
1080 4515 1169 4578 fidem
1185 4513 1337 4595 expressis
1352 4513 1454 4578 verbis
1469 4515 1504 4581 Β.
1519 4513 1609 4575 Inone

282 4601 445 4682 derogare,
467 4599 493 4661 si
509 4617 629 4732 sorensurn
644 4621 747 4665 eorum
761 4603 921 4668 verborum
942 4605 1035 4668 talem
1057 4603 1088 4667 iu
1101 4602 1200 4667 medio
1223 4603 1382 4686 relinquis,
1403 4604 1453 4686 qni
1468 4601 1538 4666 mihi
1558 4615 1610 4661 nou

282 4688 450 4753 contrarius
466 4694 527 4751 est.

370 4779 435 4854 Ais,
450 4785 482 4840 te
497 4777 650 4858 praeferre
664 4777 748 4842 illam
763 4787 847 4844 tuam
861 4781 947 4845 verbi
962 4779 1126 4864 ἀρχομιιος
1139 4781 1431 4864 interpretationem
1468 4778 1562 4851 Quam
1576 4775 1608 4838 ob

205 4863 207 4868 '
284 4883 348 4927 renr
360 4865 414 4928 idt
437 4866 519 4930 Nam
533 4885 590 4949 ego
600 4885 698 4931 meam
706 4869 845 4949 praeiere
861 4878 894 4934 et
909 4889 1032 4934 causam
1041 4870 1118 4948 dico,
1132 4871 1202 4954 quia
1215 4889 1271 4952 per
1286 4891 1319 4934 se
1330 4878 1379 4934 est
1393 4866 1607 4934 accommodata
