3396 5540
528 300 533 313 .
649 251 757 316 Erlogae
781 249 925 300 Chronicas.
1380 257 1438 316 43¹

125 427 236 492 llartii
259 425 324 490 fixo
345 424 459 492 tribuit
482 424 679 510 Epiphanius
703 426 802 510 (circa
824 425 945 490 ann'nm
961 422 1077 488 Christi
1093 425 1184 504 400.)
1204 424 1302 490 etiam
1318 425 1442 511 Cappa·

126 515 257 582 dacibus
289 521 321 579 et
351 515 513 597 plerisque
543 514 614 578 aliis
643 536 700 598 per
729 515 848 592 Asiam,
882 512 1017 576 eandem
1046 511 1169 576 Paulus
1190 513 1444 598 Middelburgius

125 603 280 672 adscribit
302 602 461 670 veteribus
484 604 615 670 Graecis
637 609 670 668 et
691 603 824 668 Nicetes
846 600 1034 666 nominatim
1055 606 1087 666 et
1101 602 1212 666 Tuscis
1233 609 1267 666 et
1281 597 1444 670 Montanis

125 696 157 760 in
179 695 267 760 Asia.
312 692 412 774 Atqui
433 693 551 758 scimus
574 713 613 756 ex
635 691 812 773 Evangelio,
837 690 998 756 Christum
1020 709 1090 754 esse
1112 691 1268 756 traditum
1288 713 1326 758 ea
1341 701 1443 774 nocte,

125 804 211 866 quae
234 783 380 864 sequitur
402 781 511 849 leriam
534 781 679 864 quintam
701 801 759 845 seu
775 780 859 845 diem
873 777 970 856 dosis,
994 780 1207 844 resurrexisse
1222 779 1273 844 die
1288 781 1445 848 dominica

125 893 183 936 seu
214 871 294 934 feria
322 869 438 954 prima,
469 871 574 952 prima
600 868 830 948 sabbathorum
856 868 907 932 vel
934 865 984 932 die
1007 865 1101 932 Solis.
1133 869 1248 950 Itaque
1270 871 1297 934 si
1319 873 1444 953 quaesi-

125 960 276 1038 verimus,
299 980 364 1040 quo
386 979 470 1023 anno
487 958 616 1025 Juliano
640 963 691 1024 26.
708 953 818 1022 Martii
833 956 979 1022 inciderit
992 957 1026 1020 in
1041 957 1124 1021 diem
1134 956 1335 1038 dominicam,
1358 960 1445 1041 quod

124 1069 299 1134 possumus
319 1047 424 1126 facile,
454 1069 527 1114 cum
549 1047 645 1112 series
667 1067 826 1111 annorum
848 1043 1052 1112 Julianorum
1074 1045 1148 1110 inde
1171 1044 1213 1110 ab
1235 1045 1297 1112 illis
1320 1047 1443 1134 tempo·

127 1136 219 1202 ribus
248 1137 291 1203 ad
312 1157 371 1200 nos
392 1157 496 1220 usqne
519 1137 586 1200 sine
608 1133 857 1219 perturbatione.
871 1139 999 1208 serrata
1021 1133 1128 1213 fuerit,
1157 1140 1188 1199 et
1210 1156 1275 1200 non
1297 1136 1446 1202 obstante

128 1225 331 1308 Gregoriana
358 1223 484 1289 ratione
507 1225 612 1290 adhuc
631 1229 723 1310 juxta
745 1229 900 1304 seruetur,
930 1223 1127 1287 inveniemus
1149 1244 1223 1288 non.
1237 1229 1288 1288 78.
1313 1227 1370 1291 sed
1394 1231 1446 1291 76.

126 1313 306 1382 lulianum.
351 1312 436 1396 Ergo
460 1313 602 1378 Christus
626 1333 740 1396 passus
756 1320 789 1377 et
817 1313 1026 1378 resuscitatus
1047 1317 1098 1376 est
1111 1311 1240 1378 Juliano
1257 1318 1309 1393 76,
1332 1336 1396 1380 ιιοιι
1411 1321 1449 1380 ιιι

127 1403 224 1470 hodie
246 1408 398 1487 putamus
423 1406 474 1466 78.

216 1491 259 1556 II.
305 1493 334 1556 A
363 1491 414 1556 die
444 1490 487 1560 ed
516 1510 638 1556 annum
664 1509 775 1557 sumus
797 1489 1027 1570 argumentati:
1058 1487 1229 1554 audiamus
1251 1511 1336 1556 nnnc
1358 1493 1447 1558 testi-

130 1581 239 1646 monia
261 1580 302 1645 de
324 1601 409 1645 anno
432 1580 512 1664 ipso.
557 1579 661 1662 Igitur
688 1580 720 1644 in
739 1577 874 1666 'Tabulis
897 1577 1031 1643 Calend.
1053 1578 1192 1644 Romani
1219 1579 1448 1662 antiquissimis

130 1677 165 1734 et
194 1671 226 1734 in
259 1667 418 1736 Chronico
447 1667 554 1734 Siculo
587 1669 730 1733 Christus
760 1668 877 1732 dicitur
898 1687 1013 1748 passus
1035 1667 1209 1732 indictione
1229 1665 1281 1747 lv,
1305 1668 1392 1752 quod
1415 1679 1449 1736 st

130 1759 294 1824 (ledrenus
317 1758 472 1840 sequitur,
496 1764 532 1822 ιιι
553 1757 659 1822 Beda:
681 1775 756 1840 ergo
779 1776 863 1821 anno
885 1755 951 1820 ιΙιιι.
970 1761 1022 1821 76.
1038 1776 1102 1820 non
1121 1761 1171 1834 78,
1190 1756 1309 1822 Christi
1323 1758 1449 1841 vulgari

132 1853 185 1912 31.
209 1869 273 1912 ιιοιι
298 1851 352 1910 33.

220 1935 278 2002 llI.
323 1933 431 1999 Julius
453 1932 623 2000 Africanus
646 1933 697 2016 (nt
713 1932 811 1998 refert
826 1931 982 1998 Eusebius
998 1937 1061 1998 300
1077 1933 1171 1998 annis
1186 1939 1260 2016 post
1275 1933 1450 2018 Clnistum)

131 2025 315 2108 passionem
355 2023 528 2107 adscripsit
565 2023 608 2088 ad
646 2040 767 2088 annum
807 2025 836 2089 2.
868 2019 993 2105 Olymp.
1025 2019 1121 2099 CCII,
1161 2043 1225 2088 non
1249 2023 1298 2102 ,ad
1327 2029 1360 2090 4.
1383 2029 1451 2111 ejus

130 2135 268 2180 annum:
315 2131 390 2194 ergo
412 2111 455 2176 ad
479 2115 531 2174 76.
553 2110 732 2191 lulianum,
753 2131 818 2176 uon
841 2111 884 2176 ad
908 2117 959 2176 78.
996 2110 1067 2176 Etsi
1082 2111 1259 2177 cavendum
1279 2112 1340 2193 bic,
1363 2114 1452 2196 quod
1567 2187 1569 2194 s

130 2203 279 2288 plerique
308 2205 451 2266 veterum
474 2201 665 2284 Olympiada
695 2199 857 2272 inchoant,
877 2221 942 2266 non
972 2219 992 2264 a
1022 2199 1073 2264 die
1100 2199 1223 2278 ludicri,
1256 2201 1312 2265 sed
1336 2201 1451 2270 veleb

130 2288 401 2376 Hyperberetaeo‚
432 2289 482 2354 vel
505 2309 525 2352 a
547 2287 714 2367 lennatio,
739 2287 966 2368 vaenisse,
997 2285 1257 2354 antecedentibus
1280 2289 1449 2370 ludicrum,

130 2401 197 2462 qua
229 2379 355 2444 ratione
383 2377 505 2462 pascha
533 2379 610 2442 anni
639 2375 764 2442 Juliaui
796 2383 847 2442 78.
878 2377 965 2442 cadit
994 2375 1028 2440 in
1058 2397 1181 2442 annum
1211 2385 1239 2443 1.
1271 2379 1451 2463 Olympiad.

132 2467 242 2548 CCIII,
267 2467 325 2532 sed
346 2467 466 2549 pasche
486 2464 609 2532 Juliani
630 2465 708 2530 anni
733 2469 785 2530 76.
807 2466 841 2530 ιιι
863 2487 984 2530 aunum
1008 2471 1038 2530 3.
1055 2465 1179 2550 Olymp.
1196 2466 1292 2532 CCII.
1336 2468 1451 2552 ltaque

130 2558 303 2624 Africanus
325 2556 385 2620 hoc
407 2555 501 2622 modo
524 2555 557 2618 in
580 2577 689 2620 eornm
709 2560 840 2636 patrum
855 2554 1016 2619 sententia
1030 2554 1138 2636 luserit,
1161 2555 1218 2638 qui
1233 2577 1334 2620 unum
1348 2559 1452 2624 solum
1517 2617 1525 2638 ,

130 2667 253 2712 annum
275 2651 308 2709 et
330 2644 428 2729 paulo
449 2643 531 2726 quid
551 2644 689 2728 amphus
708 2643 886 2708 ministerio
902 2642 1022 2708 Christi
1037 2642 1192 2722 tribuunt,
1217 2645 1332 2729 quibus
1346 2647 1452 2732 passio

132 2735 219 2802 cadit
240 2734 275 2798 in
295 2733 464 2800 lulianum
488 2738 539 2797 75.

219 2821 277 2889 lv.
322 2821 534 2905 Hieronymus
555 2822 589 2884 in
611 2820 758 2886 Chronici
777 2819 952 2886 Eusebieni
966 2820 1180 2886 translatione
1195 2821 1325 2889 omuino
1338 2823 1455 2890 tribuit

132 2911 317 2996 passionem
340 2911 458 2976 Christi
480 2910 500 2975 J
503 2909 611 2976 uliano
632 2917 649 2975 7
654 2914 684 2974 6.
701 2931 766 2974 non
783 2916 835 2988 78,
858 2914 895 2973 ιιι
910 2907 1043 2974 dubium
1057 2909 1183 2974 nullum
1197 2912 1249 2990 sit,
1270 2912 1304 2976 in
1320 2912 1454 2978 Graecis

132 3000 266 3066 Eusebii
296 2999 483 3083 fragmentis
514 3020 534 3064 a
556 2999 719 3082 Scaligero
750 2998 845 3064 editis
867 2997 1049 3082 sphalmata
1070 2997 1204 3065 librario
1226 3000 1361 3066 localem
1383 3009 1452 3068 tra·

129 3091 304 3176 jectionem
325 3109 395 3154 esse
415 3087 535 3154 factam
558 3111 579 3153 a
600 3095 693 3152 sexto
713 3107 798 3152 anno
823 3093 840 3150 7
845 3091 875 3150 6.
898 3087 931 3152 in
953 3107 1075 3152 annum
1099 3092 1149 3166 77,
1173 3088 1261 3172 quod
1282 3111 1347 3155 non
1369 3089 1452 3156 diffl-

133 3179 237 3245 culter
260 3178 470 3242 concesserint
491 3176 668 3242 advemarii
689 3177 761 3257 mei,
785 3175 904 3258 quibus
926 3197 990 3243 non
1009 3197 1113 3242 annus
1130 3181 1182 3244 77.
1198 3177 1253 3243 sed
1269 3181 1321 3246 78.
1337 3179 1454 3262 placet.

222 3265 260 3330 V.
306 3267 421 3334 Exstat
450 3264 539 3348 apud
567 3265 705 3330 Paulum
728 3264 878 3331 Orosium
898 3263 1044 3346 historia,
1074 3285 1172 3347 quam
1194 3266 1356 3334 Pamelius
1378 3270 1454 3334 Ter·
1534 3267 1539 3276 “

132 3355 271 3420 tulliano
303 3360 336 3419 et
352 3353 524 3437 plerisque
552 3353 715 3418 historicis
742 3352 857 3418 tribuit
883 3359 915 3418 et
938 3357 1029 3439 cujus
1051 3357 1178 3437 partein
1199 3357 1297 3422 etiam
1320 3355 1454 3441 Chryso·

132 3452 258 3510 atomus
292 3449 325 3508 et
347 3441 505 3507 Eusebius
528 3449 707 3508 recensent:
740 3463 812 3506 cum
834 3440 957 3507 Pilatus
985 3443 1029 3507 ad
1050 3441 1210 3509 'liberium
1232 3444 1395 3510 retulisset
1416 3447 1455 3512 de

132 3536 180 3626 iis,
214 3553 301 3614 quae
330 3551 404 3596 cum
427 3531 552 3596 Christo
580 3530 772 3608 acciderant,
796 3529 956 3596 Tiberium
977 3529 1113 3596 ulterius
1135 3531 1178 3596 ad
1199 3539 1347 3598 senatum
1366 3541 1455 3600 retu-

131 3624 218 3700 lisse,
251 3625 289 3686 ιιι
316 3619 463 3686 Christus
492 3621 576 3686 inter
601 3620 686 3686 Deos
714 3620 926 3702 reciperetur3
958 3619 1084 3684 Aelium
1110 3639 1186 3685 vero
1208 3619 1360 3706 Sejanum
1381 3624 1456 3690 huie

131 3709 254 3776 rationi
285 3709 439 3774 acerrime
470 3709 635 3774 restitisse.
689 3707 791 3790 Atqui
819 3727 904 3772 anno
935 3707 1066 3774 Juliano
1099 3711 1150 3772 76.
1181 3709 1290 3774 Aelius
1321 3708 1456 3798 Sejanus

133 3819 207 3865 oum
230 3796 355 3865 Tiberio
378 3797 498 3876 consul,
522 3817 630 3860 mense
652 3793 824 3860 Novembri
846 3794 975 3879 pubhco
997 3792 1154 3880 supphcio
1176 3799 1363 3864 interemtus
1382 3801 1454 3866 luit.

134 3887 281 3954 Historia
305 3905 381 3965 ergo
402 3886 467 3952 ista
488 3907 552 3950 ιιοιι
575 3886 680 3968 potnit
701 3885 846 3953 accidere
867 3883 933 3949 ,ΙιιιΙ
958 3889 1008 3964 78,
1033 3906 1093 3950 neo
1115 3886 1243 3954 omnino
1265 3895 1339 3970 post
1362 3895 1415 3956 76.

225 3975 281 4042 VI.
326 3973 383 4039 His
405 3993 604 4056 consequens
619 3979 677 4052 est,
700 3981 737 4038 ut
757 3994 862 4038 annus
877 3974 1033 4038 secundus
1049 3974 1176 4040 Claudii
1190 3975 1232 4042 sit
1249 3977 1456 4043 duodecimus

133 4087 155 4131 a
178 4066 337 4151 passione.
383 4063 536 4128 Claudius
558 4063 640 4126 enim
661 4062 767 4146 coepit
787 4059 917 4128 dubano
940 4065 999 4143 86;
1030 4083 1105 4146 ergo
1128 4085 1232 4130 annus
1255 4070 1308 4130 87.
1330 4070 1380 4132 est
1404 4071 1455 4133 12.

132 4155 177 4222 ab
199 4175 287 4221 anno
312 4157 364 4218 76.

223 4243 427 4309 Conneetunt
457 4243 567 4304 eutem
598 4237 754 4304 historici.
770 4260 891 4304 annum
925 4245 975 4305 12.
1006 4261 1028 4305 a
1049 4241 1199 4324 passione
1220 4263 1293 4308 cum
1316 4261 1399 4307 anno
1424 4247 1454 4308 2.

133 4331 272 4400 Claudii.
317 4327 401 4394 Nam
423 4328 535 4394 diusio
557 4327 785 4412 Apostolorum
808 4328 841 4392 in
864 4329 1045 4394 universnm
1067 4328 1178 4396 orbem
1197 4332 1265 4396 sine
1280 4331 1455 4396 mistione
1536 4323 1540 4332 '

133 4421 332 4490 adscribitur
363 4437 448 4482 anno
480 4425 510 4484 2.
538 4416 673 4494 Claudii,
701 4415 753 4480 die
783 4422 833 4482 15.
862 4417 951 4483 Julii.
1001 4420 1045 4484 At
1073 4419 1205 4485 traditio
1232 4419 1456 4502 antiquissima

133 4519 197 4592 cst,
238 4511 331 4592 cujus
372 4511 487 4570 testem
525 4505 699 4570 Thraseam
713 4569 718 4579 ,
731 4505 906 4598 Martyrem
937 4505 1069 4572 adducit
1099 4507 1288 4593 Apollonius
1318 4509 1456 4592 scriptor

131 4602 290 4684 antiquus
321 4593 410 4678 apud
440 4591 626 4672 Eusebium,
659 4615 756 4675 quam
788 4595 885 4658 etiam
915 4595 1182 4684 Martyrolqgium
1212 4597 1392 4660 Romanum
1422 4603 1456 4660 et

132 4689 282 4757 Gelasiue
308 4684 400 4768 Papa
429 4684 589 4750 referunt:
623 4681 786 4748 Christum
812 4685 1013 4770 praecepisse
1038 4684 1211 4770 Apostolis‚
1241 4705 1281 4748 ne
1307 4691 1383 4748 ante
1415 4689 1453 4748 12

131 4801 234 4846 annos
257 4773 466 4857 «ierosolymis
494 4773 576 4836 inter
602 4777 711 4854 gentes
740 4769 1009 4854 ‹lispergerentur3
1039 4795 1138 4855 eoque
1160 4773 1232 4838 illos
1254 4779 1455 4856 exspectasse
