3412 5538
252 245 316 316 194
673 255 1176 326 11151551155151151151511155511151515

251 408 373 477 occidit
420 407 468 474 At
495 403 691 472 Ptolemaeus
723 403 819 466 refert
846 401 978 465 medium
1006 383 1128 484 eclipsis
1156 400 1187 468 h.
1216 401 1246 468 5.
1276 401 1330 468 50‘
1360 403 1599 481 triente-horae

248 506 321 582 post
346 516 487 562 occasum
510 495 623 558 Lunae.
670 489 827 565 Quomodo
852 508 925 554 vero
950 490 1131 556 observator
1154 493 1257 574 potuit
1278 500 1347 558 tute
1379 495 1600 560 5111551515

250 588 423 672 quantitate
449 585 600 660 defectus,
625 580 652 646 si
675 581 805 646 medium
830 579 960 660 contigit
981 580 1062 644 15115
1079 581 1225 645 Terram?
1261 591 1294 645 et
1317 584 1467 666 quomodo
1492 581 1600 648 ptolg.

248 697 353 750 maeus
375 675 490 758 aliquid
512 671 588 737 certi
611 691 702 754 super
721 671 802 734 hanc
824 669 1027 752 quantitatem
1051 669 1188 734 defectus
1202 671 1305 752 potnit
1324 674 1504 749 aedificare,
1526 693 1601 757 qu„

250 772 320 831 tota
344 785 363 828 a
386 761 533 846 principio
559 779 653 844 usque
678 761 718 824 ed
742 777 882 824 occasum
902 758 1024 834 Lunae,
1052 760 1184 824 nondum
1207 767 1333 843 peracto
1356 763 1473 838 medio,
1496 762 1601 826 incidit

249 855 280 919 iu
297 855 411 919 claram
430 852 529 916 lucem
549 849 718 933 crepusculi
740 846 902 912 matutini?
930 847 998 913 Aut
1018 848 1112 929 igitur
1132 849 1311 916 observator
1331 859 1385 916 aut
1404 851 1600 917 Ptolemaeus

249 945 316 1027 ipse
332 938 383 1027 (ut
399 934 504 1024 credo)
522 939 614 1003 aliam
630 937 757 1020 eclipsin
771 938 803 1000 in
819 937 917 1002 animo
932 936 1048 1001 hahuit
1075 939 1156 1004 Nam
1172 939 1335 1004 absurdum
1351 940 1472 1006 omnino
1488 943 1602 1006 factum

251 1035 311 1099 hoc
327 1040 375 1099 est
390 1032 421 1095 iu
437 1029 641 1105 astronomia,
661 1027 740 1090 velle
757 1027 943 1091 constituero
964 1033 1079 1090 motum
1100 1028 1272 1092 latitudiuis
1295 1049 1334 1094 ex
1355 1032 1532 1115 quantitate
1549 1051 1599 1095 ec-

250 1122 352 1205 lipsis,
375 1121 459 1202 ouius
481 1119 613 1184 medium
629 1116 726 1180 15115
748 1117 831 1181 claro
851 1117 1028 1199 crepusculo
1047 1117 1098 1179 151
1112 1117 1192 1182 inho
1206 1119 1332 1182 Terram
1348 1121 1509 1202 contingit
1555 1121 1600 1184 1),

251 1210 398 1276 seeundo:
420 1209 521 1274 Annis
539 1206 580 1271 18
595 1205 760 1290 Aegyptiis
782 1213 815 1269 et
828 1213 992 1288 praeterea
1012 1205 1118 1270 diebus
1140 1207 1180 1270 15
1202 1207 1238 1270 iit
1257 1227 1346 1290 qnam
1363 1210 1502 1293 proxim,
1526 1208 1600 1274 g„

248 1321 428 1371 adsuescere
442 1296 683 1378 longitudinis)
702 1316 721 1358 a
737 1291 793 1372 Θ,
814 1294 987 1358 latitudiuis
1010 1302 1043 1358 et
1057 1296 1235 1362 anomaliae.
1270 1297 1368 1380 Igitur
1387 1299 1475 1363 aufer
1499 1299 1542 1363 lg
1554 1300 1600 1364 ,ab

123 1415 146 1457 ,·
251 1383 887 1466 127,155151555551151555555115109,
912 1384 996 1462 aufer
1018 1383 1059 1449 15
1080 1379 1171 1461 527,
1192 1388 1359 1452 15515112.
1378 1389 1492 1471 Athyr,
1513 1388 1598 1470 cujus

250 1479 310 1544 diei
325 1485 416 1544 nocte
432 1481 578 1560 sequente
594 1471 724 1555 configit
742 1492 861 1536 rursum
883 1473 1004 1555 eclipsis
1025 1475 1132 1538 eadem
1145 1475 1236 1557 plane
1257 1477 1430 1560 5555111515
1451 1487 1486 1542 51
1500 1479 1602 1561 plaga

248 1571 330 1636 Nam
346 1568 406 1632 etsi
422 1562 573 1630 anomalia
589 1563 609 1628 3
625 1563 895 1644 gradihusvariat,
910 1562 985 1627 nihil
1000 1563 1176 1628 15555155
1194 1573 1300 1647 551551
1314 1567 1354 1630 ad
1369 1585 1509 1644 55555111,
1533 1569 1602 1650 5515

230 1711 233 1716 .
249 1678 305 1742 per
319 1655 501 1722 momeliam
515 1653 724 1716 antummodo
739 1652 771 1716 15
787 1654 879 1716 aliam
893 1658 985 1734 atque
1001 1653 1093 1716 aliam
1108 1655 1279 1732 crassitiem
1293 1657 1417 1720 umbrae
1432 1657 1603 1733 incidimus,

250 1748 335 1829 cujus
350 1747 382 1810 iu
397 1745 417 1810 3
434 1742 578 1828 gradibus
593 1761 654 1804 uon
670 1748 720 1804 est
742 1741 886 1822 sensibile
907 1741 1132 1806 incrementum
1168 1743 1507 1828 85155151551515-15
1527 1747 1603 1812 1515

252 1843 302 1902 551
317 1833 497 1900 differentia
527 1833 609 1897 Nam
625 1850 704 1895 anuo
722 1828 794 1895 109.
812 1830 862 1894 12.
870 1830 975 1912 Athyr
990 1831 1142 1913 contingit
1156 1833 1278 1916 eclipsis
1294 1825 1416 1901 circitai
1431 1845 1504 1900 octo
1519 1836 1603 1900 horis

249 1924 414 2000 maturius,
439 1924 517 1987 hora
537 1921 655 1984 scilicet
677 1919 797 1983 11512
819 1926 893 2003 5551
914 1919 1045 1984 mediam
1063 1929 1197 1998 noctem,
1227 1925 1347 2007 quando
1368 1924 1457 1988 Luna
1481 1925 1516 1988 iu
1539 1925 1602 1988 alto
1675 1961 1676 1968 1

252 2021 381 2098 apparet
396 2019 429 2076 51
443 2010 589 2076 tenebrae
604 2015 772 2074 nocturnae
780 2008 1033 2092 profundissimae
1043 2018 1123 2074 sunt.
1146 2011 1232 2076 Tunc
1247 2013 1326 2076 enim
1334 2013 1423 2078 Luna
1431 2013 1603 2078 rectissime

252 2104 441 2169 observatur.
470 2103 558 2166 Haec
573 2099 666 2181 igitur
682 2099 804 2182 eclipsis
820 2107 870 2162 551
885 2098 1115 2163 accommodata
1130 2101 1264 2181 negotio,
1280 2102 1317 2166 de
1333 2123 1391 2186 quo
1406 2103 1604 2169 Ptolemaeus

251 2194 335 2258 dicto
350 2193 419 2258 loco
436 2193 509 2274 agit
550 2187 668 2276 Quodsi
689 2187 761 2271 quid
775 2188 882 2253 151551
902 2187 1111 2268 conjecturae,
1133 2189 1259 2254 duorum
1276 2193 1433 2270 modorum
1453 2194 1602 2257 alterutro

251 2282 448 2347 Ptolemaeus
472 2279 594 2358 videtur
616 2275 772 2359 deceptus.
810 2279 877 2342 Aut
901 2278 981 2343 enim
1003 2279 1136 2342 correxit
1155 2280 1273 2362 etipse
1295 2282 1470 2364 catalogum
1483 2281 1604 2364 Regum

250 2373 304 2436 1115
321 2391 401 2435 5555
418 2389 457 2435 ex
471 2370 599 2444 Barcae,
614 2367 665 2449 551
680 2367 802 2430 videtur
815 2367 1018 2432 Nabonuadio
1036 2362 1077 2433 17
1093 2387 1190 2432 annos
1204 2369 1347 2447 tribuere,
1370 2391 1438 2434 cum
1453 2371 1482 2436 ei
1498 2372 1604 2436 tabula

250 2460 448 2536 1111511134,
471 2458 741 2532 5515155115151,
766 2477 804 2520 ex
829 2475 886 2538 quo
910 2456 1105 2522 Ptolemaeus
1127 2459 1333 2540 descripserat
1358 2459 1603 2525 observationem

251 2552 340 2627 hauc,
356 2551 387 2615 iu
404 2570 439 2613 eo
456 2547 521 2624 fuit,
537 2555 572 2610 ut
587 2547 813 2609 demonstraret
826 2547 885 2611 hoc
900 2547 1008 2630 ipsum,
1023 2547 1103 2629 quod
1118 2567 1175 2631 ege
1192 2549 1263 2627 dixi,
1285 2549 1373 2615 annis
1391 2550 1432 2613 18
1449 2557 1483 2614 et
1497 2550 1602 2614 diebus

253 2639 294 2704 15
316 2640 381 2704 1511
401 2636 632 2722 apocatastasiu
652 2635 818 2699 Luuarium
832 2644 981 2701 motuum:
1011 2637 1080 2702 1515
1100 2637 1194 2720 igitur
1212 2634 1342 2704 themati
1362 2640 1530 2722 adscripsit
1552 2659 1601 2702 ec·

248 2730 345 2813 115555
367 2729 444 2792 duas
465 2727 564 2800 11555,
587 2725 716 2808 511555
737 2745 816 2788 auno
842 2725 914 2792 109.
935 2727 1178 2802 Nahonassaris,
1205 2727 1514 2812 5151555555
1535 2723 1603 2810 (551

250 2819 372 2901 551515,
394 2819 421 2881 51
437 2816 502 2896 ejus
517 2813 613 2896 Regis
630 2813 701 2879 anui
716 2813 895 2897 inceperunt
908 2816 1000 2897 paulo
1015 2823 1088 2898 post
1106 2835 1243 2882 mensem
1256 2817 1369 2902 Athyr,
1383 2825 1419 2882 ut
1433 2818 1602 2883 Nabucho-

251 2906 410 2972 donosoris
425 2907 604 2986 incepemnt
619 2903 667 2966 die
684 2902 714 2968 9.
729 2904 843 2968 mensis
859 2903 889 2968 5.
903 2905 1121 2981 Hebraeorum,
1135 2906 1380 2972 Euilmerodochi
1395 2928 1469 2972 1515
1486 2907 1537 2974 die
1554 2903 1602 2973 27.

248 2989 363 3060 mensis
381 2996 431 3058 12.
445 2985 672 3074 Hebraeorum)
690 2992 740 3055 12.
749 2993 861 3075 Athyr,
876 2995 953 3057 hora
970 2995 1025 3070 13;
1043 2995 1172 3059 alteram
1188 3017 1267 3060 anuo
1286 2991 1357 3061 127.
1365 2999 1604 3074 Nabouaeearis,

251 3081 607 3151 absumisabsumis
623 3077 709 3164 (555
724 3101 780 3164 551
794 3089 879 3146 1555
900 3083 1037 3147 tabulam
1057 3092 1090 3148 et
1108 3087 1186 3149 haec
1200 3085 1361 3152 ratiocinia
1375 3085 1479 3152 Rutiui
1495 3089 1603 3164 versio,

248 3173 299 3258 551
320 3193 376 3257 515
397 3173 449 3236 21.
463 3171 723 3253 Nabopolassaris
739 3169 815 3254 legit
835 3172 894 3249 29,
915 3171 1029 3241 1111555
1049 3167 1201 3256 arguitur)
1223 3175 1327 3259 Athyr
1348 3171 1399 3241 27.
1419 3172 1520 3243 117.
1543 3178 1603 3242 59.
1675 3197 1676 3200 ’

155 3309 157 3312 -
228 3263 444 3330 'Ptolemaeus
467 3260 561 3342 igitur
583 3260 740 3342 conjunxit
762 3279 800 3325 ex
814 3260 868 3325 illa
887 3261 993 3346 eclipsi
1012 3284 1123 3328 aunum
1138 3263 1167 3327 5.
1197 3263 1470 3348 Nabopolassaris,
1493 3287 1534 3332 ex
1547 3268 1603 3332 155

251 3351 359 3436 eclipsi
375 3371 485 3418 annum
503 3343 832 3427 127.Ν51555555115,
853 3357 945 3434 atque
965 3353 1011 3416 ita
1029 3353 1187 3417 vicinitate
1207 3355 1360 3420 nominum
1380 3357 1531 3440 deeeptus
1546 3364 1601 3420 est

249 3443 326 3518 0551
341 3441 435 3522 igitur
451 3446 660 3524 argumentum
676 3440 715 3503 ab
732 3439 917 3504 auctoritate
932 3447 1004 3506 tuae
1020 3441 1144 3506 tabulae
1165 3437 1272 3526 (quam
1287 3444 1381 3508 etiam
1401 3452 1494 3528 51555
1511 3447 1602 3511 etiam

247 3551 337 3613 rogo,
358 3531 431 3594 mihi
453 3529 584 3604 iudices,
608 3529 659 3619 ubi
675 3523 843 3612 inveneris)
865 3549 921 3612 per
941 3551 973 3594 se
990 3531 1032 3594 sit
1045 3532 1192 3596 validum:
1216 3530 1348 3614 objectio
1365 3534 1420 3600 illa
1441 3555 1481 3599 ex
1497 3543 1600 3600 55115-

247 3619 362 3698 55515,
385 3638 461 3703 5555
479 3619 524 3684 illi
543 3617 771 3694 intercedebat,
794 3619 838 3683 sic
858 3627 977 3684 remota
997 3627 1061 3698 est,
1082 3628 1119 3685 ut
1132 3623 1163 3686 iu
1178 3623 1301 3687 maximi
1321 3625 1494 3706 argumenti
1513 3633 1603 3708 parte

250 3711 369 3775 censeri
385 3717 418 3773 51
433 3708 565 3774 seeundo
580 3707 649 3772 loco
665 3707 767 3789 possit
781 3709 981 3772 annumerari.
1019 3710 1152 3775 Accedit
1165 3731 1238 3776 vero
1255 3720 1288 3776 et
1300 3715 1426 3778 tertium
1441 3734 1482 3778 ex
1497 3714 1604 3778 sacris.

248 3801 372 3883 Negare
389 3819 449 3865 nou
463 3805 562 3882 potes,
576 3797 676 3879 magis
690 3797 837 3862 inclinare
852 3798 954 3862 Bihlia
969 3805 1002 3862 et
1017 3817 1120 3864 omnes
1137 3801 1372 3879 ecclesiasticos,
1393 3811 1429 3867 ut
1444 3799 1488 3868 70
1506 3801 1604 3870 anuos

248 3908 439 3954 numeremus
456 3890 495 3953 ab
513 3888 563 3952 11.
580 3885 738 3961 sedeciae,
761 3906 851 3970 quam
865 3895 900 3952 51
916 3910 935 3956 5
950 3897 1041 3973 55515
1056 3890 1206 3955 Jechouia
1219 3891 1408 3976 incipiamus,
1431 3893 1492 3958 etsi
1508 3894 1603 3960 semel

247 3979 368 4064 quidem
384 3985 417 4042 et
432 3979 470 4042 ab
487 3997 567 4042 anuo
583 3976 667 4059 capti
681 3977 703 4040 J
705 3975 849 4042 echoniae
865 3976 998 4059 incipere
1012 3979 1163 4057 videatur,
1176 3981 1233 4046 sed
1248 3981 1280 4045 id
1295 4003 1315 4046 a
1329 3983 1495 4066 Propheta,
1517 3983 1602 4066 ouius

244 4076 281 4134 ut
294 4057 509 4152 prophetantis
525 4085 624 4130 sermo
641 4065 780 4147 ambigue
802 4074 835 4129 et
848 4068 1049 4149 probabiliter
1069 4077 1101 4133 et
1123 4091 1143 4133 a
1157 4069 1312 4154 capiendis
1326 4072 1530 4156 Jercsclymis
1551 4074 1601 4138 iu·

245 4158 349 4223 choari
373 4163 487 4239 potest
524 4154 560 4237 Si
582 4155 662 4220 euim
684 4175 751 4218 eum
776 4156 1026 4239 Nahopolassaro
1056 4159 1201 4224 15155151
1220 4161 1263 4224 24
1285 4161 1357 4224 anui
1378 4162 1601 4239 Nahouassari,

244 4253 278 4311 51
297 4265 364 4310 oum
379 4245 581 4310 Nabenuadio
603 4244 667 4309 109
686 4244 933 4310 Nahcnnassari:
957 4247 1111 4312 intersunt
1130 4249 1315 4331 igituranui
1334 4250 1391 4327 85,
1410 4252 1491 4316 uude
1514 4253 1601 4316 aufer

242 4335 357 4420 primos
375 4334 416 4398 18
431 4333 740 4399 Nabuchodonosoris
762 4333 892 4411 solidos,
914 4345 1035 4402 restant
1057 4332 1100 4402 67
1124 4338 1220 4402 solidi.
1256 4340 1347 4404 Adde
1366 4341 1496 4422 primum
1517 4341 1600 4426 Gyri,

242 4425 341 4493 habes
357 4423 415 4500 68,
435 4423 539 4506 115555
556 4423 747 4504 sexagesimo
764 4443 844 4486 nono
860 4433 969 4508 captae
985 4426 1134 4491 51115151
1150 4429 1375 4511 septuagesimo
1389 4431 1503 4512 prime,
1523 4432 1598 4495 ulti-

242 4533 292 4579 55
316 4514 461 4580 obsessae
482 4511 638 4577 51115151
661 4520 828 4595 occupatae
844 4513 983 4580 Judeeae
1006 4517 1103 4580 totius
1126 4524 1323 4584 5115511155
1346 4525 1467 4596 terrae,
1497 4521 1599 4586 soluta

195 4633 200 4650 ·
243 4603 336 4668 fuerit
351 4602 525 4688 captivitas.
548 4601 638 4666 Adde
655 4611 764 4685 quarto
780 4609 813 4666 et
829 4604 956 4670 annales
966 4607 1084 4688 Tyrios,
1101 4607 1181 4670 sicut
1196 4614 1255 4672 515
1272 4609 1480 4691 corriguntur;
1495 4611 1599 4674 veniet
1627 4663 1630 4668 .

245 4693 302 4758 tihi
318 4712 435 4758 summa
450 4691 493 4756 ad
505 4691 664 4768 miculos,
685 4700 721 4756 51
740 4693 869 4774 5551155
892 4714 972 4759 anno
992 4695 1126 4761 Ithebali
1147 4695 1282 4762 dicamus
1303 4706 1445 4781 coeptam
1466 4700 1598 4765 obsideri

244 4781 373 4865 hrum,
394 4781 548 4848 sedilium
563 4781 850 4865 septimumanuum
867 4791 1039 4850 statuamus
1055 4785 1255 4866 posteriorem
1273 4789 1373 4871 captis
1387 4789 1599 4875 ierosolymis·
