3412 5538
620 335 946 436 menusanum
959 347 1009 393 ιιι.
1215 323 1222 334 “
1424 325 1485 394 tlt

132 497 205 544 neus
225 479 342 545 Jacohi
364 481 434 545 init
477 481 621 563 Legimus
644 483 738 558 euim,
765 483 843 566 qnod
865 485 961 549 frater
980 483 1114 550 Jecsani
1127 485 1269 550 Madian
1278 487 1360 550 circa
1380 487 1484 552 urbem

131 569 319 634 maritimam
339 571 536 636 Ptolemaida
556 572 778 680 posteritatem
790 574 991 656 plantaverit3
1021 575 1100 637 idem
1123 575 1216 657 igitur
1241 577 1333 640 etiam
1356 577 1425 640 de
1415 597 1483 660 ipso

132 659 248 726 Jeosau
263 661 411 726 creditor.
445 661 505 724 Dat
491 667 562 744 tque
577 660 713 725 Matiani
733 663 899 746 principum
914 683 991 727 unus
1006 663 1081 739 Sur,
1102 665 1182 728 unde
1198 664 1283 748 Syri3
1308 667 1378 748 quid
1393 667 1487 748 igitur
1596 710 1600 726 ι

133 749 295 832 prohihet,
319 751 462 820 similiter
477 758 508 813 et
524 773 543 812 a
556 750 669 813 Dadau
685 770 752 814 esse
768 748 917 816 Danaos?
946 753 1127 816 Permixta
1118 755 1210 835 igitur
1224 756 1301 819 haec
1315 755 1486 820 Abrahami

134 839 306 923 posteritas
321 840 514 916 Philistaeis,
534 860 572 902 ea
587 840 655 904 loca
669 840 916 918 incolentibus,
905 861 1052 907 communi
1044 843 1213 906 'vocabulo
1229 845 1397 908 Phoenices
1414 851 1486 908 sunt
1507 871 1509 881 ·

137 929 208 995 dicti
223 929 416 1012 navibusque
431 929 617 1010 trajecerunt
630 929 661 992 iu
678 929 752 996 Oret
738 939 810 1007 tam,
825 931 969 1015 Aegypto
983 939 1187 1015 praetensam,
1201 933 1329 1016 indeque
1345 935 1376 996 in
1389 934 1484 998 Pelo-

116 1038 306 1102 ·ponnesum
329 1027 362 1082 et
383 1018 541 1102 denique
532 1039 563 1081 ιιι
577 1018 647 1083 Att
625 1025 717 1082 ticam
739 1027 772 1084 et
788 1022 965 1099 Boeotiam,
987 1021 1087 1106 ibique
1102 1018 1342 1106 Dodonaeae(a
1357 1019 1486 1155 Dedan)

139 1116 191 1173 aut
204 1108 336 1174 Danaos
353 1102 389 1188 (a
403 1104 491 1190 Dan)
508 1108 746 1172 denominarent

225 1199 383 1280 Josephus
405 1217 445 1262 ex
465 1198 651 1262 Manethone
673 1199 783 1276 refert,
803 1199 933 1262 Annain
955 1218 993 1262 ex
1013 1199 1224 1282 Aegyptorum
1246 1220 1351 1282 regum
1372 1145 1487 1266 familia

138 1288 262 1352 uenisse
275 1289 307 1352 iu
324 1287 496 1363 Graeciam,
511 1287 639 1351 naribus
654 1289 758 1370 utique
772 1289 961 1362 Phoeniciis,
990 1295 1022 1351 et
1036 1296 1157 1371 tempus
1172 1291 1302 1372 quadrat
1318 1291 1357 1354 ad
1373 1290 1487 1354 exitum

138 1377 352 1443 Israblitarum
368 1397 407 1440 ex
420 1378 565 1458 Aegypto
581 1369 666 1454 (vide
682 1397 860 1441 consensum
877 1396 942 1440 cmn
957 1373 1107 1460 Diodoro)
1128 1381 1288 1462 regeinque
1304 1379 1487 1462 Argivorum

140 1487 208 1532 esse
224 1468 350 1542 iactum,
366 1467 457 1531 credo
472 1466 662 1548 cognationis
677 1475 827 1549 respectu,
843 1471 876 1529 et
891 1467 1004 1529 dictum
1018 1467 1167 1544 Danaum,
1188 1475 1224 1532 ut
1240 1477 1272 1532 et
1287 1489 1361 1550 gens
1376 1470 1486 1533 Danai.

138 1558 244 1638 Amos
266 1575 340 1619 vero
362 1557 403 1620 in
415 1556 626 1638 Peloponneso
649 1557 801 1640 antiquior
822 1555 938 1638 Sparta
959 1556 1031 1619 urbs
1054 1563 1103 1619 est
1122 1565 1155 1620 et
1168 1558 1372 1641 Peloponnesi
1386 1559 1486 1621 medi-

137 1647 267 1710 tullium
299 1645 507 1710 Oommnuiter
521 1645 647 1708 Danaus
663 1653 713 1726 est
727 1646 860 1709 decimus
883 1645 922 1708 ab
937 1645 1050 1708 Inacho
1066 1646 1097 1708 in
1114 1647 1254 1728 catalogo
1270 1664 1375 1730 regum
1388 1649 1486 1729 Argi-

137 1755 261 1810 vorum,
284 1735 352 1799 aliis
375 1735 530 1817 septimus.
569 1733 659 1798 Anne
674 1735 776 1816 potius
793 1736 942 1810 dicamus,
963 1735 1091 1798 Armain
1106 1737 1231 1799 missum
1251 1736 1487 1800 aPhoeuicibus

137 1826 186 1889 rel
201 1825 369 1907 Aegyptiis
383 1825 416 1887 in
430 1825 681 1906 Peloponnesum,
698 1824 845 1889 coloniam
861 1838 955 1899 suam,
970 1831 1005 1886 ut
1020 1825 1238 1902 essetDan,-id
1261 1834 1311 1889 est
1327 1827 1424 1908 judex
1437 1826 1488 1889 vel

138 1915 341 1996 magistratus
362 1915 490 1978 illorum.
535 1913 687 1978 Credibile
709 1915 803 1977 etiam
825 1921 887 1988 est,
910 1911 1052 1976 Sidonios
1075 1921 1107 1976 et
1128 1915 1297 1979 Phoenices
1320 1915 1486 1997 irruptione

138 2004 351 2070 Israelitarum
365 2002 629 2066 numerosissimae
645 2004 846 2066 multitudinis
861 2003 893 2066 in
909 2009 1070 2084 angustum
1086 2004 1152 2085 agri
1168 2005 1299 2085 spatium
1315 2005 1485 2080 conclusos,
1565 2069 1568 2079 ,

138 2095 326 2158 necessitate
342 2113 411 2156 esse
427 2093 554 2156 ιιιιιοι
570 2092 609 2155 ad
624 2093 817 2156 deducendas
832 2093 864 2154 in
881 2091 1044 2156 Graeciam
1059 2092 1210 2169 colonias,
1233 2112 1309 2176 quae
1325 2101 1389 2166 tum
1404 2101 1486 2156 tem-

138 2183 221 2266 poris
237 2183 370 2246 nondum
386 2189 454 2246 erat
462 2182 618 2263 populosa.
641 2183 721 2245 Nam
737 2182 843 2244 eadem
859 2183 896 2244 de
912 2202 1006 2245 causa
1013 2181 1161 2244 Maurusii
1177 2183 1375 2247 exPhoenice
1390 2202 1487 2246 vene-

138 2281 208 2336 runt
222 2271 254 2336 in
269 2272 424 2347 Africam,
444 2271 555 2334 testati
569 2279 684 2334 sortem
698 2291 784 2334 suam
798 2271 994 2352 inscriptione
1016 2271 1088 2333 hac:
1114 2271 1198 2346 „Nos
1215 2291 1316 2334 sumus
1331 2271 1487 2348 Maurusii,

139 2381 214 2445 quos
229 2362 350 2443 fugarit
363 2359 585 2426 JosuaLatro“
604 2354 773 2442 (Procop.).
804 2359 857 2424 Sic
873 2361 966 2422 etiam
979 2358 1053 2422 illud
1068 2360 1132 2422 reri
1148 2379 1208 2423 non
1224 2361 1370 2436 absimile,
1385 2361 1486 2425 Daui-

139 2459 238 2515 tarum
254 2451 418 2516 nonnullos
438 2469 475 2512 ex
490 2450 635 2532 Aegypto
651 2469 711 2514 non
727 2457 909 2530 exspectata
922 2449 1020 2511 Musis
1042 2455 1146 2511 aetate
1169 2450 1356 2530 eruptionem
1377 2449 1487 2512 iecisse

139 2541 276 2616 navibus,
291 2547 327 2605 ut
344 2540 495 2604 aerumnis
509 2539 719 2603 liberarentur.
757 2540 831 2613 Aut,
847 2539 919 2620 quid
934 2538 960 2600 si
974 2538 1176 2601 remanserint
1192 2557 1294 2600 eorum
1309 2539 1400 2620 aliqui
1415 2545 1488 2620 post
1597 2549 1601 2566 ⁸

141 2631 254 2694 exitum
269 2631 374 2712 populi
389 2625 561 2704 israelitici,
577 2635 609 2692 et
623 2629 776 2710 posterius
792 2647 831 2690 ex
839 2628 985 2710 Aegypto
1001 2627 1132 2690 abierint
1146 2627 1273 2690 navibus
1287 2625 1488 2702 Sidoniorum,

141 2721 221 2784 aut'
212 2721 252 2782 ιιι
273 2727 310 2783 ut
330 2718 573 2800 negotiatoribus
593 2719 709 2782 venditi
731 2717 844 2781 nenne
864 2717 903 2780 ab
922 2715 1102 2798 Aegyptiis,
1124 2715 1304 2798 exportandi
1321 2717 1359 2833 oh
1375 2715 1489 2779 radun·

141 2811 263 2874 dantem
278 2807 523 2872 multitudinem?

226 2899 267 2963 A.
285 2897 341 2963 Ch.
358 2896 432 2960 aab.
464 2895 574 2960 Graec.
590 2889 641 2960 27.
670 2895 864 2960 Ptolemaeus
873 2893 1091 2976 Pluladelphus
1106 2912 1161 2957 rex
1171 2895 1309 2977 Aegypti
1323 2913 1379 2976 per
1395 2911 1491 2964 annos

141 2991 190 3052 40.
222 2988 310 3052 Ante
334 2987 392 3050 hoc
415 2994 534 3068 tempus
553 2985 691 3067 privatus
707 2985 856 3048 Demetrii
879 2984 1021 3047 Phalerei
1044 2983 1169 3047 consilio
1184 3001 1257 3046 usus
1279 2983 1337 3046 fuit
1355 2983 1387 3046 in
1403 2981 1490 3046 colli-

141 3079 240 3160 genda
253 3077 443 3140 bibliotheca
464 3073 740 3156 praestantissima
776 3073 859 3138 Auni
876 3074 954 3136 enim
976 3074 1018 3136 22
1040 3073 1089 3137 hic
1100 3073 1166 3154 jam
1181 3080 1356 3148 vertuntur,
1378 3091 1417 3134 ex
1434 3089 1491 3154 quo

141 3168 309 3232 Phalereus
325 3165 458 3229 Athenis
474 3164 590 3245 ejectus
606 3171 682 3238 erat,
698 3183 755 3246 quo
770 3169 838 3226 toto
854 3170 1000 3243 tempore,
1014 3162 1171 3243 Antigono
1187 3169 1276 3244 patre
1293 3168 1326 3225 et
1334 3160 1491 3224 Demetrio

142 3258 201 3320 lilio
215 3263 351 3338 postque
367 3255 437 3318 illos
451 3253 610 3334 Antigono
624 3260 736 3334 nepote
751 3252 927 3335 Pyrrhoque
950 3258 982 3314 et
995 3251 1178 3334 Lysimacho
1197 3271 1298 3315 rerum
1311 3251 1343 3313 in
1360 3249 1494 3314 Graecia

142 3345 341 3429 potientibus,
364 3349 397 3406 et
412 3341 588 3408 Cassandro
605 3361 672 3406 cum
685 3341 756 3406 liliis
771 3343 932 3416 exstincto,
953 3341 1120 3405 Phalereus
1141 3341 1351 3423 procul-dubio
1372 3341 1494 3404 exilium

142 3437 173 3500 ιιι
185 3437 336 3518 Aegypto
350 3433 478 3516 pertulit
493 3431 573 3514 apud
590 3431 757 3496 Cassandri
773 3431 928 3494 sororium.
958 3429 1065 3512 Itaque
1080 3429 1155 3493 nihil
1170 3430 1294 3494 absurdi
1309 3429 1403 3493 habet
1417 3429 1495 3493 Ari·

144 3531 228 3588 steae
252 3523 433 3599 affirmatio,
454 3521 635 3586 Phalereum
659 3522 699 3584 ad
712 3520 956 3601 Philadelphum
954 3537 1069 3601 regem
1091 3520 1249 3600 scripsisse
1272 3537 1362 3601 snper
1384 3520 1493 3582 madu-

147 3613 250 3679 ceudis
277 3613 375 3677 sacris
398 3611 557 3693 scripturis
578 3610 610 3674 in
627 3609 779 3674 Graecam
800 3610 947 3690 linguam.
978 3609 1004 3672 si
1027 3610 1057 3672 id
1079 3609 1192 3672 lactum
1214 3628 1282 3672 esse
1304 3609 1470 3672 dicamus
1461 3627 1494 3672 ιιι

144 3705 296 3786 principio
313 3702 400 3783 regni
421 3701 628 3782 Philadelphi,
655 3708 745 3782 patre
774 3713 846 3780 rege
872 3698 1035 3761 etiamnum
1060 3699 1271 3780 superstite.
1278 3699 1329 3761 lta
1352 3705 1496 3762 tenentur

144 3795 304 3868 irenaeus,
327 3791 484 3867 Clemens,
504 3790 669 3854 Anatolius
685 3796 718 3852 et
732 3788 928 3852 Aristobulus
944 3788 1095 3865 Judaeus,
1117 3807 1192 3870 quos
1208 3787 1324 3868 allegat
1339 3785 1493 3869 Scaliger.

145 3882 356 3948 Animadv.1n
371 3881 570 3944 Eusebiumf.
588 3880 659 3942 123.
695 3877 878 3942 Psocuravit
893 3876 1001 3958 qnippe
1023 3875 1081 3940 hoc
1095 3876 1263 3942 Phalereus
1289 3877 1344 3940 suh
1366 3883 1518 3960 utroque‘
1620 3877 1625 3888 “

144 3993 224 4056 rege,
242 3973 304 4036 etsi
320 3977 495 4053 susceptum
511 3969 665 4052 negotium
681 3968 808 4050 denique
824 3966 880 4030 suh
894 3966 1102 4048 Philadelpho.

230 4062 284 4127 Ab
300 4061 360 4124 hoc
375 4079 455 4124 auno
471 4059 628 4140 consurgit
643 4059 735 4122 etiam
751 4051 823 4119 ae'ra
843 4056 1030 4137 Dionysii·
1021 4055 1260 4131 mathematici,
1283 4075 1372 4138 quam
1386 4055 1494 4118 Ptole-
1527 4135 1533 4142 ·

145 4171 248 4217 naeus
265 4155 460 4216 astronomus
476 4149 600 4230 allegat
623 4148 685 4211 Per
699 4147 788 4228 hujus
804 4145 883 4208 enim
898 4165 988 4208 aerae
998 4164 1137 4208 numeros
1147 4144 1313 4227 Dionysius
1323 4145 1496 4227 digesserat

146 4242 379 4307 obsewationes
400 4239 599 4321 planetarum
636 4237 683 4304 At
698 4235 838 4317 Scaliger
851 4235 963 4300 infelici
979 4235 1138 4317 diligentia
1151 4242 1258 4318 putat,
1280 4234 1372 4297 hisae
1392 4251 1496 4296 aeram

182 4331 310 4398 liticam.

145 4353 182 4416 po
229 4421 326 4486 Auno
355 4417 430 4481 283ι
465 4418 659 4481 Ptolemaeus
682 4413 775 4481 Soter
795 4415 930 4479 moritur.
968 4413 1018 4477 D.
1027 4412 1211 4488 Phalereus,
1236 4411 1351 4493 apertis
1376 4408 1495 4472 ιιιιιιιίι

145 4511 223 4595 regis
238 4507 371 4583 mortui,
385 4506 577 4589 Philadelphi
593 4507 693 4570 odium
707 4507 841 4582 incurrit,
858 4503 1032 4567 detectisu.
1049 4503 1191 4578 consiliis,
1207 4519 1283 4584 quae
1306 4516 1370 4579 regu
1363 4497 1495 4560 Ptole-

145 4621 229 4666 maeo
246 4605 360 4664 contra
375 4595 501 4672 filium,
488 4615 553 4676 Jam
568 4615 646 4658 nunc
661 4615 778 4678 regem,
800 4595 1059 4678 suppeditaverat.
1094 4592 1205 4655 Potest
1224 4590 1285 4653 hoc
1299 4587 1390 4650 etiam
1405 4585 1496 4669 longe

144 4691 298 4775 posterius
328 4683 491 4750 accidisse.
534 4685 600 4750 Aut
621 4685 805 4760 Phalereus,
834 4703 913 4747 novo
934 4683 1024 4745 facto
1039 4681 1152 4744 veteris
1175 4680 1306 4743 offensae
1321 4675 1496 4742 memoriam

144 4779 307 4861 Phssadelp
307 4777 351 4841 ho
374 4773 582 4851 revocaverit,
603 4773 829 4848 madefactum,
850 4782 887 4836 ut
909 4769 1065 4836 custodiae
1087 4769 1259 4833 traderetur
1280 4762 1378 4844 ibique
1393 4780 1496 4831 morsu

143 4869 260 4955 aspidis
274 4864 433 4933 interiret.
461 4863 581 4927 Nam'
557 4883 583 4928 ss
597 4863 754 4946 probabile
770 4861 892 4928 ridetur
907 4854 1074 4942 Scaligero,
1089 4864 1138 4922 tot
1153 4862 1292 4919 auctores
1308 4869 1376 4916 esse
1390 4853 1495 4935 lapsos
