3396 5540
68 407 72 416 ι

616 261 730 332 Eclogae
750 259 895 312 chronicae.
1349 260 1413 320 413

114 439 190 514 (lob.
213 445 243 504 4.
266 459 294 504 v.
318 393 374 518 44)
395 435 503 520 ibique
533 441 648 504 sanato
677 435 743 500 fibo
771 433 982 514 centurionis,
1013 431 1074 498 boc
1099 433 1217 498 iterum
1242 431 1416 497 secundum

112 532 225 612 signnm
246 527 320 592 iecit
333 527 426 593 Jesus
449 523 613 607 1140444)
634 545 716 590 novo
736 523 777 589 ab
796 524 896 603 initio,
918 529 1091 608 postquam
1108 521 1242 594 venisset
1256 541 1278 585 a
1291 520 1417 586 Judaoa

109 617 334 684 inCalilaeam«
351 615 396 699 (rr
408 613 474 696 54).
489 614 604 698 Itaque
618 613 665 678 nil
679 613 805 692 mirum,
827 613 856 676 41
869 611 1046 682 versiculus
1060 610 1117 675 ille
1130 610 1245 676 unicus
1259 609 1417 674 Matthaei
1518 665 1521 668 .

111 711 140 770 et
159 705 257 786 114441
278 709 413 790 propter
433 703 671 770 similitudinem
693 702 862 785 utriusque
883 701 929 766 rai
949 701 1020 767 1444
1037 721 1097 768 suo
1119 697 1238 779 exulat,
1260 695 1416 783 trajectus

110 793 264 859 inlocum
285 791 497 878 peregrinum.
521 799 562 866 (ln
578 805 708 868 marsim:
734 800 866 875 siquidem
891 803 1144 874 interpretationem
1163 819 1217 856 non
1239 795 1415 862 admitteret.)
1532 823 1535 828 ·

189 879 298 948 Facile
324 881 357 946 id
384 880 435 945 rel
457 901 497 945 ex
518 879 579 946 hoc
600 886 706 964 patet,
734 878 822 962 quod
843 878 940 964 plane
960 878 1130 944 verisimile
1152 895 1216 941 non
1239 881 1298 956 est,
1323 876 1414 942 Chri-

110 976 201 1051 atum,
235 971 294 1054 qui
319 968 549 1052 Hierosolymis
576 975 610 1033 et
635 967 669 1031 in
695 967 822 1034 Judaeo
847 985 972 1034 summo
998 966 1105 1032 studio
1129 967 1196 1049 jam
1228 964 1419 1030 incubuerat

108 1059 204 1124 officio
233 1079 303 1136 suo,
329 1057 523 1141 praedicans
553 1063 585 1122 et
614 1056 706 1139 signa
732 1057 862 1136 iaciens,
892 1061 977 1122 teste
998 1055 1152 1132 iohanne,
1180 1073 1266 1118 nunc
1289 1052 1419 1118 demum

49 1174 52 1184 ·
106 1155 212 1213 exacto
242 1147 311 1213 fere
339 1165 424 1212 anno
453 1151 528 1231 post
555 1145 806 1229 baptismom'in
828 1145 962 1224 144444,
992 1151 1165 1230 postquam
1186 1141 1220 1211 in
1243 1142 1419 1207 Calilaeem

106 1237 241 1314 reuertit,
263 1235 406 1319 incipere
427 1235 616 1320 praedicare
638 1241 671 1297 et
693 1232 866 1317 discipulos
887 1233 1077 1298 adsciscere.
1122 1234 1166 1298 At
1187 1230 1215 1295 si
1236 1251 1310 1295 oum
1333 1230 1420 1295 dieto

105 1325 254 1390 seniculo
284 1324 328 1389 ad
357 1324 443 1389 hunc
472 1323 603 1391 modum
632 1322 870 1406 dispensemus,
899 1326 978 1387 tunc
1007 1321 1065 1386 illa
1087 1319 1221 1399 omnia,
1250 1321 1273 1383 'a
1302 1317 1419 1401 quibus

106 1414 245 1478 Christus
277 1413 491 1478 ministerium
520 1432 616 1478 suum
636 1413 834 1496 ’4444144444
864 1415 934 1476 4444
962 1411 1099 1492 dicitur,
1136 1408 1269 1494 pulchre
1298 1407 1420 1472 cadunt
1447 1408 1453 1418 ‘

106 1507 174 1566 ante
194 1503 316 1592 pascha
337 1502 415 1568 enni
438 1507 489 1579 74,
513 1505 588 1566 aute
610 1501 750 1584 primum
773 1499 891 1565 Christi
911 1499 1253 1583 iterHierosolymam,
1275 1489 1438 1581 proxime‘

105 1598 173 1674 post
194 1589 403 1675 baptismum,
432 1589 520 1673 quod
541 1591 655 1654 Petrus
678 1589 763 1670 (Act.
785 1589 812 1654 1.
834 1609 863 1655 r.
888 1587 945 1670 22)
968 1587 1095 1654 disertis
1116 1585 1220 1651 verbis
1242 1583 1418 1668 significat:

105 1679 265 1764 Incipiens,
296 1679 412 1762 inquit,
442 1699 463 1744 a
490 1676 649 1762 baptismo
671 1671 835 1742 lobannis.
881 1679 951 1757 Quo
973 1679 1092 1761 optimo
1114 1675 1321 1741 fundamento
1342 1693 1417 1739 oon·

104 1768 223 1848 stituto,
250 1771 320 1854 jhm
347 1787 445 1854 porro
470 1765 608 1850 relinqui
630 1772 736 1850 potest
758 1765 910 1833 historiae
930 1765 971 1831 do
992 1765 1135 1830 vulsioue
1157 1765 1320 1849 spicarum
1340 1781 1420 1826 suus

106 1855 198 1936 locus,
225 1875 325 1940 quem
347 1855 471 1922 obtinet
491 1855 666 1940 apudtres
688 1854 916 1937 Evangelistus,
937 1853 1158 1921 tantummodo
1180 1859 1218 1918 ut
1239 1873 1303 1918 uuo
1324 1848 1421 1915 verbo

105 1951 270 2010 moneatur
284 1944 405 2025 lector,
434 1943 669 2027 praemittenda
691 1963 761 2008 osse
781 1944 975 2025 immediato,
1002 1963 1087 2027 quae
1108 1942 1269 2008 lohannes
1291 1939 1420 2022 scripsit

105 2053 125 2096 4
144 2053 212 2117 cap.
236 2041 270 2100 2.
293 2055 324 2099 v.
349 2039 388 2099 15
412 2053 516 2115 usque
539 2052 566 2097 c.
592 2037 622 2097 3.
645 2054 674 2097 v.
699 2037 751 2098 22.
774 2031 815 2097 de
837 2033 941 2116 primo
956 2053 1088 2098 ascensu
1104 2031 1222 2098 Christi
1238 2050 1258 2094 a
1273 2028 1421 2095 Galilaea

105 2121 142 2186 ad
168 2123 293 2208 pascha
322 2121 400 2186 anni
430 2126 483 2187 74.
507 2129 540 2186 44
562 2122 647 2186 exitu
670 2141 688 2186 e
710 2121 936 2206 Hierosolymis
958 2122 992 2187 in
1013 2121 1173 2186 Judaeum
1194 2126 1268 2205 post
1289 2117 1420 2204 pascha,
1508 2127 1512 2136 ’

28 2257 32 2262 -
104 2211 166 2277 scil.
199 2217 237 2277 ut
270 2211 333 2277 hoc
364 2207 558 2276 sabbathum
591 2219 825 2292 decerporpurov
857 2211 954 2275 fuerit
986 2216 1193 2282 transactum,
1219 2209 1252 2272 in
1282 2206 1420 2282 144444,

106 2297 250 2366 nimirum
282 2299 317 2364 in
346 2299 460 2364 itinere
489 2299 716 2382 Hierosolymis
746 2311 857 2364 versus
887 2299 1075 2379 Galilaeam,
1108 2319 1207 2364 4444
1225 2295 1335 2362 eodem
1367 2300 1420 2359 74.

105 2390 242 2476 proxime
275 2393 350 2473 post
380 2387 447 2452 dies
476 2408 670 2471 azymorum.
716 2386 806 2466 Tunc
835 2401 921 2452 4444
952 2389 1080 2462 1411444
1103 2384 1320 2458 7444444414
1341 2381 1422 2460 illud

103 2477 225 2558 pasche,
248 2483 329 2544 ante
351 2477 437 2560 quod
459 2483 536 2541 sunt
556 2476 745 2542 miraculose
765 2475 873 2542 cibata
894 2479 1035 2560 quinque
1054 2475 1164 2556 millia,
1186 2494 1252 2557 quo
1266 2472 1421 2558 paschate

104 2564 242 2631 Christus
275 2564 504 2649 Hierosolymis
538 2585 604 2630 non
637 2565 715 2644 fnit,
751 2571 784 2629 et
813 2564 950 2648 deniquo
978 2585 1063 2631 auno
1095 2570 1147 2631 76.
1178 2563 1271 2628 cadet
1300 2561 1421 2645 pascha

102 2675 310 2736 oroopompov.
343 2654 396 2719 Ita
416 2653 614 2720 manebimus
629 2653 715 2736 apud
731 2670 900 2718 numerum
915 2675 1082 2732 annorum,
1105 2673 1199 2736 quem
1213 2651 1420 2736 Epiphanius,

102 2747 236 2808 veterum
275 2741 550 2824 diligentissimus,
583 2741 760 2807 ministerio
791 2741 910 2808 Christi
940 2743 1103 2810 attribuit:
1139 2741 1301 2824 stabitque
1326 2743 1421 2825 juxta

103 2828 299 2897 harmoniam
330 2831 607 2915 Evangehstarum
637 2831 814 2896 auotoritas
842 2831 1045 2898 venerandae
1074 2830 1297 2913 antiquitatis,
1330 2827 1419 2892 affir-

102 2921 221 3001 mantis,
246 2920 414 2992 Christum
435 2921 646 2986 resurrexisse
669 2926 721 2986 24.
744 2919 855 2986 Martii
877 2921 954 2986 anni
969 2920 1098 2987 ‘Juliani
1120 2923 1173 2984 76.

182 3007 266 3091 Ego,
309 3009 354 3073 mi
393 3007 523 3087 Calvisi,
557 3008 650 3075 valde
680 3008 796 3088 miror,
831 3010 857 3073 si
888 3010 945 3093 qui
973 3009 1074 3074 bituri
1103 3013 1196 3086 sunt,
1229 3006 1285 3088 qui
1314 3005 1422 3070 omnia

103 3095 270 3180 utriusque
298 3098 477 3162 sententiae
503 3103 664 3162 momenta
691 3104 768 3162 sunt
794 3098 1016 3180 ponderaturi,
1047 3117 1111 3180 quo
1133 3093 1203 3161 illos
1225 3095 1332 3162 animo
1353 3113 1422 3158 esso

102 3193 257 3268 oporteat,
291 3191 329 3250 ut
350 3187 534 3251 novationes
555 3186 648 3272 hujus
670 3186 770 3253 seculi
792 3191 825 3250 et
846 3187 934 3269 qnod
957 3187 1099 3251 excurrit
1119 3187 1159 3250 de
1181 3185 1273 3249 annis
1294 3182 1351 3261 3¹h
1371 3180 1422 3248 vel

101 3273 156 3350 4¹,h
182 3273 354 3339 ministerii
377 3273 505 3355 Christi,
526 3274 705 3340 rationibus
727 3274 980 3356 exquisitissimis
1003 3281 1037 3340 et
1058 3274 1238 3340 venerando
1248 3273 1423 3348 consensui

99 3363 338 3443 quatuordecim
369 3359 550 3428 seculorum
580 3362 634 3444 (de
665 3369 718 3428 24.
750 3363 871 3444 Martii,
901 3383 966 3430 non
996 3363 1038 3428 44
1067 3363 1187 3446 Api-ilis
1217 3360 1421 3448 4444444444)

99 3451 257 3532 praeferre
290 3451 397 3532 velint,
428 3471 531 3533 usque
561 3451 685 3517 adeone
714 3451 833 3516 infirmi
862 3471 981 3530 sumus,
1003 3459 1042 3517 ut
1064 3453 1097 3516 in
1119 3451 1180 3517 hoo
1201 3451 1366 3516 rationum
1388 3457 1422 3515 et

99 3541 332 3606 auctoritatum
366 3541 540 3604 certamine
575 3559 633 3623 per
667 3539 776 3606 oculos
807 3561 932 3625 perque
963 3539 1121 3605 terrorism
1150 3561 1171 3604 a
1199 3539 1423 3622 praesentibus

99 3625 256 3713 objectum
281 3648 342 3693 uos
364 3628 654 3726 rinc'ppatiamur?
683 3629 765 3712 proh
787 3635 911 3712 stupor,
934 3629 1016 3714 proh
1038 3629 1230 3694 Germanica
1249 3625 1420 3694 fortitudol

102 3771 305 3942 lelofrpist.
329 3769 413 3836 xlv.
442 3769 638 3836 14444444
676 3769 864 3855 Keplerus
885 3767 1000 3838 Setho
1023 3769 1191 3839 Calvisio
1221 3770 1268 3856 (5.
1292 3771 1422 3840 Octobr.

180 3981 347 4048 Adhortor
367 3989 412 4063 te,
437 3981 560 4063 Calvisi,
584 3981 832 4066 diligentissime,
855 3989 894 4049 ut
915 3983 993 4048 mihi
1014 3984 1137 4056 socium
1157 3989 1192 4050 te
1214 3984 1371 4070 praebeas
1386 3985 1422 4049 in

97 4069 278 4138 reducenda
308 4069 534 4137 hodiernorum
566 4071 833 4155 chronologorum
862 4072 1045 4138 temeritate
1075 4075 1220 4142 ominoso
1246 4075 1289 4139 44
1310 4081 1420 4139 vetus·

96 4158 292 4224 tissimorum
316 4161 468 4227 ecclesiae
491 4167 624 4246 potrum
638 4162 865 4226 auctoritatem
880 4162 967 4226 circa
982 4161 1075 4243 diem,
1097 4183 1238 4227 mensem
1253 4169 1285 4227 et
1300 4181 1423 4228 annum

96 4249 262 4327 passionis.
309 4248 386 4314 Plus
415 4251 499 4314 enim
525 4249 560 4314 in
586 4249 648 4316 boc
673 4250 857 4332 ignorantia
879 4251 1052 4332 dedecoris,
1080 4270 1180 4335 quam
1201 4253 1235 4316 in
1256 4251 1313 4314 1114
1333 4249 1420 4316 nati·

96 4335 212 4416 vitatis,
236 4337 318 4402 adeo
341 4357 408 4402 rem
431 4339 562 4418 redisse,
586 4343 624 4402 ut
645 4337 721 4402 inde
742 4359 764 4402 4
785 4340 923 4422 Rogerio
946 4341 1085 4420 Rusone,
1107 4342 1164 4423 qui
1185 4341 1308 4424 primus
1323 4357 1419 4421 supe·

96 4423 171 4488 riori
208 4425 319 4491 seculo
353 4431 489 4510 putatur
524 4447 545 4492 a
579 4433 632 4492 23.
666 4427 715 4492 rel
749 4432 801 4494 25.
836 4429 947 4494 Martii
971 4429 1023 4494 *ad
1048 4436 1077 4495 3.
1102 4429 1221 4514 Aprilis
1243 4427 1420 4506 transiisse,

95 4515 245 4578 universa
275 4513 378 4580 hodie
400 4512 533 4581 eeclesia
563 4515 659 4596 diem,
689 4537 827 4582 mensem
848 4524 881 4582 et
903 4539 1023 4582 annum
1046 4519 1182 4602 ignoret,
1205 4537 1270 4600 quo
1292 4516 1423 4580 maximi

96 4603 247 4668 momenti
278 4623 330 4667 res
362 4609 410 4667 est
453 4605 578 4683 4114414,
611 4606 751 4670 mundus
780 4607 848 4671 Deo
877 4607 1113 4687 reconciliatus,
1147 4606 1292 4672 Christus
1323 4611 1422 4689 caput

96 4697 254 4769 nostrum,
286 4692 444 4774 superatis
475 4694 586 4758 mortis
609 4693 752 4773 41444114,
784 4696 816 4759 14
846 4696 968 4760 coelum
991 4703 1162 4774 assumtus,
1195 4713 1278 4777 quoe
1300 4713 1364 4758 uon
1387 4694 1421 4759 in

97 4777 231 4844 obscuro
249 4779 367 4863 oppido
383 4781 564 4846 bethlehem
580 4789 681 4863 gesto,
698 4783 799 4847 sedin
816 4783 886 4866 ipsa
901 4783 987 4849 urbis
999 4783 1177 4868 metropoli,
1197 4782 1422 4868 Hierosolymis
