3428 5542
674 257 941 328 sue-ommes
1422 243 1485 312 tet

120 401 385 480 Fragmentorum
400 401 689 486 Chronologicortnr
704 401 777 466 lolio
793 403 830 506 ξι.
847 403 892 466 sic
907 403 1062 512 lpsepbnf
1077 403 1114 466 tle
1129 404 1263 477 Davide:
1315 407 1428 484 aas&
1450 413 1487 474 'ts

60 523 65 536 ·
119 485 1487 650 1...1111.111111131111111.111ι“”1.”.ἶ1111.11311ιῗὲ1

120 641 261 706 mccc
285 637 451 728 aspersisse
470 669 504 710 ro
518 615 646 711 ’nostros
685 654 771 726 Atqui
785 645 972 728 ἐπλησθησαν
985 615 1059 711 iaco
1078 618 1223 712 denaia.
1263 657 1307 712 Sic
1326 671 1486 730 mnnqpee

120 740 223 806 dicitur,
246 745 330 813 quise
347 749 464 814 quatuor
477 749 585 800 tentum
598 743 676 798 aunis
691 742 784 798 solidis
799 748 949 800 constaret.
982 733 1068 796 Haeo
1083 733 1134 796 ibi.
1573 811 1580 822 .

203 817 254 882 At
270 821 305 883 in
325 821 544 888 additamentis
560 815 695 885 101747.
712 822 770 884 sie:
799 829 904 888 Tamen
924 830 1117 903 Xenophontis
1137 831 1192 887 bec
1213 834 1247 888 de
1266 849 1298 887 re
1317 835 1487 892 verbe-sunt

118 911 197 966 baec:
213 901 540 986 τελευτωποςὴδητου
549 911 669 987 tepens,
685 905 725 978 εἰς
739 899 755 966 ὅ
771 899 916 983 ἕξαμηνος
930 927 976 966 και
990 899 1063 966 inem
1077 927 1125 966 και
1138 905 1240 969 sirecte
1254 904 1350 994 impres
1364 910 1484 994 πολσμῳ

119 981 263 1046 herma.
301 993 423 1048 Praeter
436 1010 488 1048 sex
500 1010 608 1048 menses
629 993 671 1047 eit
685 998 745 1047 oute
760 998 790 1048 et
802 991 903 1062 viginti
919 1007 1006 1046 anuos
1017 997 1164 1064 praeterea
1176 993 1241 1048 huio
1252 994 1327 1050 bello
1342 994 1484 1050 absolutos

117 1070 207 1126 roim.
232 1067 294 1128 set
303 1073 395 1127 utitur
401 1073 534 1128 idiotismo
543 1073 681 1144 loquendi,
694 1071 793 1143 viginti
805 1079 835 1126 et
849 1078 912 1126 octo
928 1087 1022 1137 annos,
1035 1087 1086 1142 pro
1101 1072 1244 1130 vicesimus
1258 1079 1371 1130 octena
1385 1089 1483 1140 eunus,

117 1165 185 1221 qnae
199 1151 315 1208 locutio
330 1154 404 1224 apud
416 1153 573 1224 Josepbum,
586 1151 773 1218 Plutarchum,
794 1151 960 1223 Gregorium
978 1151 1163 1209 ltnoucnsem
1181 1161 1210 1210 et
1223 1154 1293 1210 elios
1306 1161 1415 1210 veteres
1428 1154 1483 1210 ne·

115 1247 201 1302 mens
215 1233 358 1298 occurrit,
380 1235 451 1304 quod
464 1233 529 1289 mibi
542 1233 719 1304 imposuitet
732 1231 902 1289 cautioribus
922 1233 1062 1304 imponere
1074 1239 1175 1304 potest
1210 1235 1308 1306 lteque
1329 1235 1375 1307 qui
1388 1235 1482 1290 ballu-

115 1313 199 1368 u'mrl
211 1319 328 1382 putent
342 1310 480 1381 (rubrume
493 1316 512 1369 J
512 1311 657 1384 osepbum)
670 1313 898 1384 Xenophontem,
921 1313 974 1384 ipsi
987 1313 1078 1384 potius
1091 1315 1303 1372 lenocinentur.
1335 1316 1397 1372 Nou
1411 1314 1483 1371 enim

116 1399 158 1450 eet
169 1393 375 1460 hallucinatio,
389 1397 437 1450 sed
449 1384 623 1469 ἄκνρολογια
636 1411 683 1450 και
693 1386 901 1463 lercensem).

201 1471 252 1536 Et
267 1473 347 1537 abbi
363 1483 490 1538 excusat
508 1473 610 1538 Taciti
631 1472 816 1536 locutionem
833 1471 977 1546 similem,
999 1471 1049 1554 qui
1065 1472 1172 1536 ecdem
1187 1471 1224 1538 de
1241 1493 1334 1539 causa
1346 1473 1484 1538 atoue:

116 1563 193 1624 tom
206 1561 360 1645 seyme
377 1563 561 1645 potestatem
577 1565 792 1628 tentatorem
814 1560 860 1623 ait
869 1581 931 1642 per
954 1554 1126 1637 37eeur003
1157 1581 1226 1626 eum
1240 1583 1278 1628 ne
1294 1581 1349 1628 sex
1364 1562 1485 1646 quidem
1577 1575 1580 1580 ’

117 1658 147 1714 et
162 1651 305 1732 triginta
322 1653 548 1716 solidi-inerint.
592 1651 686 1718 lee
703 1649 844 1731 exempla
859 1650 1100 1732 suppeditabunt
1122 1659 1303 1733 argumenta
1317 1651 1484 1734 sequentia

117 1741 150 1804 ln
164 1759 328 1822 praesens
350 1742 426 1804 illud
441 1742 538 1806 solum
553 1741 727 1815 considera,
752 1757 813 1803 nou
828 1757 922 1822 posse
948 1757 986 1803 ex
1007 1740 1066 1803 boe
1086 1740 1215 1822 Josepbi
1236 1743 1304 1806 loco
1327 1741 1484 1823 scrupulos

118 1830 220 1910 colligi
237 1838 432 1913 temporum,
454 1831 503 1894 vel
517 1831 586 1894 ideo
611 1829 741 1906 saltem,
759 1829 839 1911 quod
861 1848 923 1893 non
937 1829 985 1892 ita
1000 1835 1167 1915 accuratus
1192 1831 1234 1895 sit
1256 1832 1337 1894 cirea
1358 1844 1485 1912 regnum

116 1919 273 1997 Herodis,
296 1928 334 1984 ut
348 1920 406 1984 fuit
421 1921 502 1984 circe
516 1919 676 2000 imperium
690 1918 840 2000 Augusti:
870 1917 902 1982 in
917 1919 977 1982 boe
993 1919 1072 1982 enim
1091 1937 1213 1982 menses
1229 1926 1263 1983 et
1277 1920 1343 1985 dies
1358 1937 1485 2002 compe·

118 2009 231 2072 landos
250 2010 315 2074 sibi
330 2010 468 2090 putavit,
489 2010 522 2072 in
535 2008 660 2074 Herode
677 2009 760 2072 solos
777 2025 888 2084 annom
916 2007 1034 2072 seilicet
1047 2007 1128 2074 inter
1142 2009 1298 2091 utriusque
1312 2009 1392 2074 initii
1407 2029 1483 2074 eon-

118 2097 198 2160 sules
215 2099 285 2162 duo
302 2105 422 2162 tantum
437 2099 525 2180 peric
540 2099 697 2162 consulum
711 2098 882 2172 intersunt;
908 2097 952 2162 sie
966 2104 1002 2160 nt
1016 2114 1113 2161 onnus
1133 2105 1243 2180 captae
1257 2099 1342 2164 urbis
1357 2105 1483 2182 quartus

119 2187 159 2250 sit
180 2188 221 2250 ab
242 2207 329 2251 anno
352 2189 439 2269 regni
461 2188 568 2252 traditi
589 2206 645 2268 per
666 2193 814 2252 senatum.
859 2185 952 2250 Adde
975 2187 1054 2268 qnod
1075 2187 1133 2250 boo
1148 2195 1258 2268 paeto,
1278 2188 1306 2252 si
1326 2187 1483 2269 imperium

117 2275 274 2352 Herodis,
296 2277 389 2340 ebum
405 2295 526 2340 sensum
539 2276 649 2340 literae
672 2283 813 2351 secutus,
834 2275 867 2338 in
890 2276 942 2340 43.
956 2275 1110 2338 lulianum
1130 2277 1290 2353 termines,
1311 2275 1483 2343 mosem

120 2365 273 2430 libonem
289 2367 373 2430 solos
395 2365 529 2430 8cnnos
550 2365 703 2428 tenuisset
723 2364 875 2447 planeque
898 2364 1008 2430 falsum
1030 2365 1159 2440 dixisset
1173 2365 1327 2448 Josephus
1350 2366 1387 2430 de
1402 2384 1482 2430 anno

120 2455 273 2520 Archelai
290 2455 415 2519 decimo.
446 2454 499 2520 Sic
515 2456 614 2520 altera
628 2473 720 2518 manu
735 2452 873 2535 Josepbo
890 2453 1070 2517 medicinam
1086 2453 1243 2536 applicans
1259 2471 1320 2518 non
1335 2469 1481 2520 necessa-

120 2545 204 2622 riam,
221 2545 332 2611 altera
344 2545 477 2608 atrocius
492 2545 606 2608 laedes.
650 2543 755 2624 Magis
770 2543 864 2624 igitur
881 2541 922 2605 ad
936 2543 1027 2606 fldem
1040 2541 1169 2624 Josepbi
1183 2563 1355 2627 moremque
1364 2543 1482 2610 eone·

120 2653 189 2698 num
205 2642 271 2710 est,
285 2641 321 2696 ut
335 2633 455 2700 dicatur
463 2634 602 2700 Herodes
617 2641 755 2698 mortum
772 2651 852 2698 anuo
869 2631 1063 2708 tasutmo,
1078 2633 1157 2715 quod
1167 2633 1287 2714 quidem
1296 2651 1335 2698 ex
1350 2651 1481 2717 sequena

122 2723 203 2786 tibus
223 2725 325 2787 etiam
338 2723 525 2804 argumentis
539 2723 669 2804 patebit.

210 2815 319 2896 Atque
334 2813 412 2876 beeo
426 2812 500 2876 mihi
515 2818 657 2893 superest
665 2809 910 2874 controversiole
920 2807 1142 2892 cumSuslygcr
1159 2813 1351 2876 convenimus
1360 2811 1483 2877 interim
1505 2848 1513 2862 ι

122 2903 230 2970 iubeo
246 2910 384 2984 uterque,
398 2902 552 2967 Herodem
567 2921 629 2965 non
645 2901 743 2966 serius
759 2919 839 2963 anno
856 2899 908 2962 43.
923 2898 1047 2962 Julicno
1064 2899 1242 2964 decessisse

211 2993 324 3075 Itaque
340 2989 393 3068 illi,
408 2991 458 3074 qui
480 3009 577 3054 annos
591 2990 726 3054 Herodis
748 2988 834 3071 regni
857 2988 909 3052 34.
923 2988 973 3051 vel
995 2983 1037 3052 37
1061 3009 1080 3050 a
1100 3008 1203 3070 pugna
1223 2990 1355 3054 Aetieea
1375 3009 1482 3056 neme·
1520 2991 1523 3002 '

123 3082 240 3148 rondes
254 3087 383 3164 putant,
405 3101 466 3145 non
486 3079 644 3144 verisimili
659 3079 836 3160 conjectura
858 3076 1006 3141 nituntur.
1040 3075 1141 3150 ,Quale
1153 3097 1291 3161 nemque
1311 3080 1485 3156 absordum.

124 3191 202 3248 eum,
224 3171 277 3254 qui
291 3170 425 3234 Herodis
441 3170 567 3234 diadum
583 3169 729 3246 coniecit,
752 3167 831 3232 unde
846 3167 1002 3249 losephus
1018 3167 1119 3231 omnia
1133 3169 1358 3252 transscripsit,
1379 3169 1485 3234 iubeo

125 3262 336 3324 diversissimo
357 3261 445 3324 initio
468 3260 554 3341 regni
575 3259 708 3322 Herodis
730 3260 848 3340 hacque
871 3275 1018 3320 annorum
1039 3276 1156 3320 summa
1183 3257 1234 3320 vel
1257 3258 1485 3334 hallucinatum,

125 3351 174 3414 rel
201 3350 326 3414 mentiri
350 3351 490 3414 voluisse.
536 3347 572 3412 si
585 3348 755 3430 Josepbum
777 3346 941 3426 diligenter
963 3345 1093 3427 legeris,
1113 3347 1250 3410 invenies
1273 3365 1393 3432 semper
1412 3366 1485 3412 vere

127 3447 303 3522 spectatum
318 3439 358 3502 ab
373 3458 410 3502 eo
425 3439 543 3504 initium
558 3438 642 3514 illud,
659 3437 779 3519 quando
794 3436 1005 3518 Jerosolynas
1019 3434 1160 3499 Herodes
1176 3437 1266 3518 cepit,
1288 3457 1348 3502 non
1364 3437 1485 3521 quando

127 3552 146 3594 a
161 3529 299 3594 Caesare
316 3529 512 3592 confirmatus
527 3526 585 3590 luit
600 3533 674 3608 post
687 3525 850 3590 victoriam
859 3525 1030 3596 Actaeam
1054 3525 1121 3587 Nec
1137 3525 1216 3588 enim
1231 3532 1300 3589 erat
1314 3527 1358 3591 illi
1369 3526 1486 3593 caesa

127 3615 340 3702 quaestionem
355 3626 501 3694 moturus,
514 3624 615 3680 utrum
629 3617 780 3683 haetenus
795 3614 951 3695 legitimus
960 3633 1016 3678 rex
1031 3613 1132 3688 fuerit,
1141 3615 1267 3696 juverat
1281 3615 1487 3682 nAntonium

126 3709 157 3770 in
177 3707 315 3771 Herodis
338 3707 488 3788 dignitate
511 3705 743 3780 constituende3
781 3703 838 3766 sed
858 3721 953 3784 regno
975 3702 1125 3766 hactenus
1146 3723 1308 3786 possesso,
1330 3705 1431 3788 ipsum
1450 3711 1487 3770 ut
1539 3725 1552 3786 j

129 3798 230 3862 bostis
246 3797 295 3859 sui
310 3795 439 3859 Antonii
456 3796 570 3858 socium
585 3813 691 3858 mrsus
707 3800 777 3858 erat
790 3793 975 3872 privatums.
1115 3833 1123 3844 -

213 3883 298 3948 Ecce
314 3885 366 3949 lib.
373 3883 444 3948 XV.
460 3904 525 3966 cap.
542 3879 562 3946 1
579 3901 712 3964 pugnem
722 3882 896 3956 Actiacam,
911 3900 989 3963 quse
1004 3880 1112 3945 incidit
1125 3880 1157 3946 in
1175 3881 1396 3962 utrumnum,
1411 3902 1486 3948 con·

129 3977 188 4040 lert
196 3975 356 4057 Iosephus
366 3974 397 4036 in
408 3974 569 4055 septimum
579 3971 722 4048 Herodis,
739 3973 844 4052 itaque
855 3969 884 4035 9.
894 3971 1057 4048 lulianum,
1073 3970 1351 4057 qquerosolymae
1367 3980 1488 4056 captes.

127 4065 257 4148 primm
272 4070 414 4128 numerat
427 4062 568 4127 Herodis.
605 4057 649 4124 Et
664 4080 730 4142 cap.
749 4061 798 4124 12.
814 4060 900 4146 regni
919 4060 968 4124 13.
984 4061 1095 4124 famem
1108 4061 1246 4126 Judseoe
1263 4069 1487 4138 commemorat,

128 4174 218 4237 quam
231 4153 369 4219 Herodis
390 4151 583 4236 providentia
599 4150 792 4214 sublevatam
815 4149 860 4212 eit
876 4168 955 4212 enno
973 4158 1134 4233 sequente,
1154 4159 1233 4234 puta
1247 4154 1334 4236 regni
1350 4153 1485 4217 decimo-

128 4253 246 4327 quarto.
293 4242 412 4306 Eodem
431 4261 511 4304 vero
526 4248 664 4322 tempore
686 4239 801 4328 senilia
822 4238 907 4302 misit
926 4239 1016 4312 Aelio
1040 4237 1131 4304 Gallo
1153 4241 1185 4306 in
1199 4241 1324 4306 Arabes
1344 4241 1487 4306 moventi.

127 4335 214 4399 lianc
238 4341 346 4398 eutem
366 4331 447 4394 Aelii
470 4329 554 4394 Gelli
576 4329 802 4410 expeditionem
820 4327 987 4392 Arabicam
1001 4328 1081 4392 Dion
1105 4330 1201 4393 refert
1220 4331 1253 4395 in
1266 4321 1420 4395 Julianum
1435 4331 1487 4394 22

129 4423 199 4488 Issi
215 4431 269 4489 est
287 4422 340 4486 14.
354 4421 443 4501 regni
457 4419 598 4494 Herodis,
615 4425 740 4501 oportet
755 4425 791 4480 ut
805 4415 994 4494 ttulimus,
1009 4437 1067 4500 quo
1084 4427 1194 4507 captae
1208 4419 1488 4502 Jerosolyncesit

194 4581 224 4644 *i
245 4579 313 4633 cnm
327 4595 359 4632 ex
371 4578 462 4630 mmmi
473 4580 520 4630 virt
530 4577 634 4643 losepbi
643 4577 769 4644 Scaligeri
781 4591 854 4642 opere
866 4575 1001 4640 plurimum
1013 4577 1171 4642 profecerim,
1189 4580 1246 4630 nolo
1257 4577 1321 4630 baso
1334 4573 1408 4625 aliter
1421 4581 1488 4630 toci·

126 4657 235 4721 piantur,
249 4667 330 4720 quam
343 4667 361 4703 a
371 4662 413 4702 me
424 4656 605 4716 proponuntur,
619 4647 717 4700 rossicet
730 4647 764 4700 ai
773 4647 966 4700 intimantem
977 4661 1060 4699 rernm
1072 4648 1196 4710 neelfiam,
1208 4663 1270 4716 quer
1282 4647 1400 4698 remam
1410 4647 1486 4702 bollo

126 4731 278 4794 mrim
306 4721 656 4788 Qnmqusbeenenttons
675 4719 1102 4773 edmsnobtreetantlltbltlnsn
1120 4721 1314 4777 masna,
1334 4717 1488 4774 bunost

126 4800 199 4854 buu
211 4799 308 4882 111111
318 4796 413 4862 insigni
424 4793 518 4858 1111111
525 4793 701 4862 {spoliaverit
725 4791 798 4844 Ilien
809 4790 840 4844 tio
852 4791 943 4868 oeterb
955 4791 1050 4844 11111111
1060 4793 1122 4854 vele,
1133 4807 1178 4858 pro
1191 4793 1309 4856 11111111
1321 4787 1411 4844 1111111
1422 4785 1451 4854 'l
