<?xml version="1.0" encoding="UTF-8"?>
<!DOCTYPE html PUBLIC "-//W3C//DTD XHTML 1.0 Transitional//EN"
    "http://www.w3.org/TR/xhtml1/DTD/xhtml1-transitional.dtd">
<html xmlns="http://www.w3.org/1999/xhtml" xml:lang="en" lang="en">
 <head>
  <title>
</title>
<meta http-equiv="Content-Type" content="text/html;charset=utf-8" />
  <meta name='ocr-system' content='tesseract 3.04.00' />
  <meta name='ocr-capabilities' content='ocr_page ocr_carea ocr_par ocr_line ocrx_word'/>
</head>
<body>
  <div class='ocr_page' id='page_1' title='image "./joanniskepleria00unkngoog_0109.png"; bbox 0 0 3412 5538; ppageno 0'>
   <div class='ocr_carea' id='block_1_1' title="bbox 226 267 1143 352">
    <p class='ocr_par' dir='ltr' id='par_1_1' title="bbox 226 267 1143 352">
     <span class='ocr_line' id='line_1_1' title="bbox 226 267 1143 352; baseline 0 -16"><span class='ocrx_word' id='word_1_1' title='bbox 226 267 269 336; x_wconf 81' lang='lat'>92</span> <span class='ocrx_word' id='word_1_2' title='bbox 647 285 865 350; x_wconf 82' lang='lat' dir='ltr'>Literaechlari</span> <span class='ocrx_word' id='word_1_3' title='bbox 876 285 1143 352; x_wconf 80' lang='lat' dir='ltr'>aliorumquemutuae</span> 
     </span>
    </p>
   </div>
   <div class='ocr_carea' id='block_1_2' title="bbox 225 425 1574 604">
    <p class='ocr_par' dir='ltr' id='par_1_2' title="bbox 225 425 1574 604">
     <span class='ocr_line' id='line_1_2' title="bbox 226 425 1572 513; baseline -0.005 -16"><span class='ocrx_word' id='word_1_4' title='bbox 226 453 262 497; x_wconf 89' lang='lat' dir='ltr'>ac</span> <span class='ocrx_word' id='word_1_5' title='bbox 285 432 311 495; x_wconf 92' lang='lat' dir='ltr'>si</span> <span class='ocrx_word' id='word_1_6' title='bbox 333 432 400 513; x_wconf 92' lang='lat' dir='ltr'>quis</span> <span class='ocrx_word' id='word_1_7' title='bbox 422 431 553 504; x_wconf 89' lang='lat' dir='ltr'>diceret,</span> <span class='ocrx_word' id='word_1_8' title='bbox 582 425 784 510; x_wconf 83' lang='lat' dir='ltr'>tempestates</span> <span class='ocrx_word' id='word_1_9' title='bbox 806 437 879 510; x_wconf 90' lang='lat' dir='ltr'>post</span> <span class='ocrx_word' id='word_1_10' title='bbox 902 429 1072 509; x_wconf 91' lang='lat' dir='ltr'>ingressum</span> <span class='ocrx_word' id='word_1_11' title='bbox 1095 425 1177 490; x_wconf 84' lang='lat' dir='ltr'>Solis</span> <span class='ocrx_word' id='word_1_12' title='bbox 1199 426 1230 489; x_wconf 95' lang='lat' dir='ltr'>in</span> <span class='ocrx_word' id='word_1_13' title='bbox 1255 425 1425 490; x_wconf 87' lang='lat' dir='ltr'>cardinalia</span> <span class='ocrx_word' id='word_1_14' title='bbox 1450 427 1572 490; x_wconf 81' lang='lat' dir='ltr'>octiduo</span> 
     </span>
     <span class='ocr_line' id='line_1_3' title="bbox 225 517 1574 604; baseline -0.004 -19"><span class='ocrx_word' id='word_1_15' title='bbox 225 522 318 604; x_wconf 93' lang='lat' dir='ltr'>sequi.</span> <span class='ocrx_word' id='word_1_16' title='bbox 365 521 498 586; x_wconf 80' lang='lat' dir='ltr'><strong>Constat</strong></span> <span class='ocrx_word' id='word_1_17' title='bbox 513 526 628 592; x_wconf 89' lang='lat' dir='ltr'>autem,</span> <span class='ocrx_word' id='word_1_18' title='bbox 643 518 802 598; x_wconf 71' lang='lat' dir='ltr'>Eudoxum</span> <span class='ocrx_word' id='word_1_19' title='bbox 819 519 976 600; x_wconf 83' lang='lat' dir='ltr'>scripsisse</span> <span class='ocrx_word' id='word_1_20' title='bbox 991 536 1190 600; x_wconf 88' lang='lat' dir='ltr'>parapegma,</span> <span class='ocrx_word' id='word_1_21' title='bbox 1205 517 1263 578; x_wconf 91' lang='lat' dir='ltr'>hoe</span> <span class='ocrx_word' id='word_1_22' title='bbox 1279 523 1329 578; x_wconf 90' lang='lat' dir='ltr'>est</span> <span class='ocrx_word' id='word_1_23' title='bbox 1343 517 1574 596; x_wconf 86' lang='lat' dir='ltr'>prognosticum</span> 
     </span>
    </p>
   </div>
   <div class='ocr_carea' id='block_1_3' title="bbox 147 604 1573 1760">
    <p class='ocr_par' dir='ltr' id='par_1_3' title="bbox 147 604 1573 1318">
     <span class='ocr_line' id='line_1_4' title="bbox 224 604 1573 692; baseline -0.005 -17"><span class='ocrx_word' id='word_1_24' title='bbox 224 613 352 676; x_wconf 85' lang='lat' dir='ltr'>fixarum</span> <span class='ocrx_word' id='word_1_25' title='bbox 366 618 552 692; x_wconf 87' lang='lat' dir='ltr'>perpetuum</span> <span class='ocrx_word' id='word_1_26' title='bbox 596 608 702 669; x_wconf 86' lang='lat' dir='ltr'>Tertia</span> <span class='ocrx_word' id='word_1_27' title='bbox 716 607 931 688; x_wconf 75' lang='lat' dir='ltr'>interpretatio</span> <span class='ocrx_word' id='word_1_28' title='bbox 947 607 1065 688; x_wconf 80' lang='lat' dir='ltr'>indiget</span> <span class='ocrx_word' id='word_1_29' title='bbox 1081 607 1152 668; x_wconf 88' lang='lat' dir='ltr'>anni</span> <span class='ocrx_word' id='word_1_30' title='bbox 1166 605 1266 669; x_wconf 84' lang='lat' dir='ltr'>Attici</span> <span class='ocrx_word' id='word_1_31' title='bbox 1282 605 1502 687; x_wconf 89' lang='lat' dir='ltr'>explicatione,</span> <span class='ocrx_word' id='word_1_32' title='bbox 1525 604 1573 685; x_wconf 88' lang='lat' dir='ltr'>qui</span> 
     </span>
     <span class='ocr_line' id='line_1_5' title="bbox 224 691 1573 779; baseline -0.005 -16"><span class='ocrx_word' id='word_1_33' title='bbox 224 701 298 764; x_wconf 88' lang='lat' dir='ltr'>talis</span> <span class='ocrx_word' id='word_1_34' title='bbox 319 707 386 762; x_wconf 90' lang='lat' dir='ltr'>erat</span> <span class='ocrx_word' id='word_1_35' title='bbox 403 693 453 779; x_wconf 88' lang='lat' dir='ltr'>(ut</span> <span class='ocrx_word' id='word_1_36' title='bbox 467 697 567 760; x_wconf 90' lang='lat' dir='ltr'>brevis</span> <span class='ocrx_word' id='word_1_37' title='bbox 584 691 665 778; x_wconf 89' lang='lat' dir='ltr'>sim),</span> <span class='ocrx_word' id='word_1_38' title='bbox 679 704 715 759; x_wconf 96' lang='grc' dir='ltr'>ιιι</span> <span class='ocrx_word' id='word_1_39' title='bbox 725 697 851 760; x_wconf 90' lang='lat' dir='ltr'>alternis</span> <span class='ocrx_word' id='word_1_40' title='bbox 867 697 954 759; x_wconf 89' lang='lat' dir='ltr'>annis</span> <span class='ocrx_word' id='word_1_41' title='bbox 964 696 1102 758; x_wconf 84' lang='lat' dir='ltr'>undecim</span> <span class='ocrx_word' id='word_1_42' title='bbox 1118 695 1224 758; x_wconf 90' lang='lat' dir='ltr'>diebus</span> <span class='ocrx_word' id='word_1_43' title='bbox 1239 694 1388 756; x_wconf 87' lang='lat' dir='ltr'>aJuliano</span> <span class='ocrx_word' id='word_1_44' title='bbox 1404 695 1573 769; x_wconf 85' lang='lat' dir='ltr'>recederet,</span> 
     </span>
     <span class='ocr_line' id='line_1_6' title="bbox 224 784 1573 870; baseline -0.005 -17"><span class='ocrx_word' id='word_1_45' title='bbox 224 789 357 870; x_wconf 88' lang='lat' dir='ltr'>reliquis,</span> <span class='ocrx_word' id='word_1_46' title='bbox 372 790 428 851; x_wconf 94' lang='lat' dir='ltr'>hoc</span> <span class='ocrx_word' id='word_1_47' title='bbox 445 793 494 848; x_wconf 90' lang='lat' dir='ltr'>est</span> <span class='ocrx_word' id='word_1_48' title='bbox 509 785 600 847; x_wconf 86' lang='lat' dir='ltr'>tertio</span> <span class='ocrx_word' id='word_1_49' title='bbox 616 803 733 866; x_wconf 90' lang='lat' dir='ltr'>quoque</span> <span class='ocrx_word' id='word_1_50' title='bbox 749 806 828 848; x_wconf 89' lang='lat' dir='ltr'>anuo</span> <span class='ocrx_word' id='word_1_51' title='bbox 845 786 1145 860; x_wconf 76' lang='lat' dir='ltr'>coinciderctetiam</span> <span class='ocrx_word' id='word_1_52' title='bbox 1160 784 1392 846; x_wconf 77' lang='lat' dir='ltr'>intercalatione</span> <span class='ocrx_word' id='word_1_53' title='bbox 1409 784 1470 846; x_wconf 91' lang='lat' dir='ltr'>diei</span> <span class='ocrx_word' id='word_1_54' title='bbox 1486 785 1573 846; x_wconf 87' lang='lat' dir='ltr'>unius</span> 
     </span>
     <span class='ocr_line' id='line_1_7' title="bbox 224 873 1573 961; baseline -0.004 -20"><span class='ocrx_word' id='word_1_55' title='bbox 224 879 328 961; x_wconf 93' lang='lat' dir='ltr'>quinto</span> <span class='ocrx_word' id='word_1_56' title='bbox 352 895 467 958; x_wconf 90' lang='lat' dir='ltr'>quoque</span> <span class='ocrx_word' id='word_1_57' title='bbox 491 893 569 936; x_wconf 87' lang='lat' dir='ltr'>anno</span> <span class='ocrx_word' id='word_1_58' title='bbox 592 894 652 938; x_wconf 93' lang='lat' dir='ltr'>non</span> <span class='ocrx_word' id='word_1_59' title='bbox 674 875 796 937; x_wconf 88' lang='lat' dir='ltr'>omissa.</span> <span class='ocrx_word' id='word_1_60' title='bbox 841 873 910 946; x_wconf 83' lang='lat' dir='ltr'>Qua</span> <span class='ocrx_word' id='word_1_61' title='bbox 932 875 970 937; x_wconf 93' lang='lat' dir='ltr'>de</span> <span class='ocrx_word' id='word_1_62' title='bbox 985 895 1018 937; x_wconf 91' lang='lat' dir='ltr'>re</span> <span class='ocrx_word' id='word_1_63' title='bbox 1041 875 1080 937; x_wconf 89' lang='lat' dir='ltr'>ad</span> <span class='ocrx_word' id='word_1_64' title='bbox 1095 873 1285 954; x_wconf 70' lang='lat' dir='ltr'>scaligerum</span> <span class='ocrx_word' id='word_1_65' title='bbox 1301 873 1418 954; x_wconf 87' lang='lat' dir='ltr'>scripsi.</span> <span class='ocrx_word' id='word_1_66' title='bbox 1463 875 1501 936; x_wconf 93' lang='lat' dir='ltr'>Iu</span> <span class='ocrx_word' id='word_1_67' title='bbox 1516 873 1573 936; x_wconf 88' lang='lat' dir='ltr'>bac</span> 
     </span>
     <span class='ocr_line' id='line_1_8' title="bbox 169 957 1571 1048; baseline -0.005 -17"><span class='ocrx_word' id='word_1_68' title='bbox 169 996 174 1012; x_wconf 90' lang='lat'><em>·</em></span> <span class='ocrx_word' id='word_1_69' title='bbox 226 970 322 1031; x_wconf 80' lang='lat' dir='ltr'>forma</span> <span class='ocrx_word' id='word_1_70' title='bbox 336 974 409 1048; x_wconf 88' lang='lat' dir='ltr'>post</span> <span class='ocrx_word' id='word_1_71' title='bbox 424 971 552 1048; x_wconf 91' lang='lat' dir='ltr'>quatuor</span> <span class='ocrx_word' id='word_1_72' title='bbox 568 983 664 1026; x_wconf 91' lang='lat' dir='ltr'>annos</span> <span class='ocrx_word' id='word_1_73' title='bbox 681 964 795 1027; x_wconf 90' lang='lat' dir='ltr'>solidos</span> <span class='ocrx_word' id='word_1_74' title='bbox 819 959 893 1045; x_wconf 85' lang='lat' dir='ltr'>(imo</span> <span class='ocrx_word' id='word_1_75' title='bbox 910 971 1028 1044; x_wconf 90' lang='lat' dir='ltr'>etpost</span> <span class='ocrx_word' id='word_1_76' title='bbox 1044 965 1118 1027; x_wconf 90' lang='lat' dir='ltr'>duos</span> <span class='ocrx_word' id='word_1_77' title='bbox 1134 957 1213 1043; x_wconf 84' lang='lat' dir='ltr'>sere)</span> <span class='ocrx_word' id='word_1_78' title='bbox 1230 961 1285 1026; x_wconf 91' lang='lat' dir='ltr'>Sol</span> <span class='ocrx_word' id='word_1_79' title='bbox 1300 963 1481 1044; x_wconf 85' lang='lat' dir='ltr'>possidebat</span> <span class='ocrx_word' id='word_1_80' title='bbox 1497 981 1571 1024; x_wconf 90' lang='lat' dir='ltr'>enn-</span> 
     </span>
     <span class='ocr_line' id='line_1_9' title="bbox 227 1052 1571 1137; baseline -0.004 -17"><span class='ocrx_word' id='word_1_81' title='bbox 227 1058 295 1120; x_wconf 90' lang='lat' dir='ltr'>dcm</span> <span class='ocrx_word' id='word_1_82' title='bbox 317 1054 473 1137; x_wconf 88' lang='lat' dir='ltr'>gradum&#39;</span> <span class='ocrx_word' id='word_1_83' title='bbox 464 1073 495 1116; x_wconf 91' lang='grc' dir='ltr'>ιι</span> <span class='ocrx_word' id='word_1_84' title='bbox 511 1053 652 1128; x_wconf 86' lang='lat' dir='ltr'>zodiaco,</span> <span class='ocrx_word' id='word_1_85' title='bbox 674 1052 763 1134; x_wconf 89' lang='lat' dir='ltr'>idque</span> <span class='ocrx_word' id='word_1_86' title='bbox 786 1054 823 1116; x_wconf 93' lang='lat' dir='ltr'>ab</span> <span class='ocrx_word' id='word_1_87' title='bbox 840 1053 1057 1135; x_wconf 84' lang='lat' dir='ltr'>antiquissimis</span> <span class='ocrx_word' id='word_1_88' title='bbox 1073 1053 1268 1134; x_wconf 85' lang='lat' dir='ltr'>temporibus.</span> <span class='ocrx_word' id='word_1_89' title='bbox 1303 1053 1382 1115; x_wconf 84' lang='lat' dir='ltr'>Erat</span> <span class='ocrx_word' id='word_1_90' title='bbox 1396 1053 1492 1133; x_wconf 88' lang='lat' dir='ltr'>igitur</span> <span class='ocrx_word' id='word_1_91' title='bbox 1507 1052 1571 1114; x_wconf 88' lang='lat' dir='ltr'>dies</span> 
     </span>
     <span class='ocr_line' id='line_1_10' title="bbox 147 1141 1571 1246; baseline -0.004 -37"><span class='ocrx_word' id='word_1_92' title='bbox 147 1177 153 1198; x_wconf 63' lang='lat' dir='ltr'>v</span> <span class='ocrx_word' id='word_1_93' title='bbox 224 1145 358 1228; x_wconf 88' lang='lat' dir='ltr'>aliquis&#39;</span> <span class='ocrx_word' id='word_1_94' title='bbox 349 1165 381 1207; x_wconf 90' lang='grc' dir='ltr'>ιιι</span> <span class='ocrx_word' id='word_1_95' title='bbox 397 1142 587 1206; x_wconf 88' lang='lat' dir='ltr'>ordinatione</span> <span class='ocrx_word' id='word_1_96' title='bbox 605 1141 794 1217; x_wconf 80' lang='lat' dir='ltr'>Calendarii,</span> <span class='ocrx_word' id='word_1_97' title='bbox 817 1143 866 1224; x_wconf 92' lang='lat' dir='ltr'>qui</span> <span class='ocrx_word' id='word_1_98' title='bbox 881 1163 990 1206; x_wconf 91' lang='lat' dir='ltr'>nomeu</span> <span class='ocrx_word' id='word_1_99' title='bbox 1005 1143 1140 1206; x_wconf 91' lang='lat' dir='ltr'>habebat</span> <span class='ocrx_word' id='word_1_100' title='bbox 1155 1141 1353 1246; x_wconf 88' lang='lat' dir='ltr'>aequinoctii,</span> <span class='ocrx_word' id='word_1_101' title='bbox 1376 1141 1504 1205; x_wconf 90' lang='lat' dir='ltr'>solstitii</span> <span class='ocrx_word' id='word_1_102' title='bbox 1521 1141 1571 1204; x_wconf 76' lang='lat' dir='ltr'>&amp;c</span> 
     </span>
     <span class='ocr_line' id='line_1_11' title="bbox 223 1217 1432 1336; baseline -0.003 -38"><span class='ocrx_word' id='word_1_103' title='bbox 223 1235 341 1318; x_wconf 91' lang='lat' dir='ltr'>qualem</span> <span class='ocrx_word' id='word_1_104' title='bbox 355 1240 437 1336; x_wconf 38' lang='lat' dir='ltr'>puto·</span> <span class='ocrx_word' id='word_1_105' title='bbox 446 1232 541 1294; x_wconf 80' lang='lat' dir='ltr'>irrisae</span> <span class='ocrx_word' id='word_1_106' title='bbox 558 1231 637 1294; x_wconf 87' lang='lat' dir='ltr'>diem</span> <span class='ocrx_word' id='word_1_107' title='bbox 651 1251 793 1312; x_wconf 90' lang='lat' dir='ltr'>magnum</span> <span class='ocrx_word' id='word_1_108' title='bbox 804 1232 1021 1314; x_wconf 85' lang='lat' dir='ltr'>mysteriorum</span> <span class='ocrx_word' id='word_1_109' title='bbox 1034 1217 1313 1296; x_wconf 85' lang='lat' dir='ltr'>Boednomionis&#39;</span> <span class='ocrx_word' id='word_1_110' title='bbox 1279 1229 1432 1294; x_wconf 79' lang='lat' dir='ltr'>vicesima</span> 
     </span>
    </p>

    <p class='ocr_par' dir='ltr' id='par_1_4' title="bbox 221 1313 1573 1760">
     <span class='ocr_line' id='line_1_12' title="bbox 311 1313 1573 1404; baseline -0.003 -18"><span class='ocrx_word' id='word_1_111' title='bbox 311 1323 375 1386; x_wconf 88' lang='lat' dir='ltr'>Sed</span> <span class='ocrx_word' id='word_1_112' title='bbox 389 1322 459 1404; x_wconf 89' lang='lat' dir='ltr'>quia</span> <span class='ocrx_word' id='word_1_113' title='bbox 473 1321 612 1384; x_wconf 89' lang='lat' dir='ltr'>modulus</span> <span class='ocrx_word' id='word_1_114' title='bbox 628 1341 699 1384; x_wconf 88' lang='lat' dir='ltr'>annr</span> <span class='ocrx_word' id='word_1_115' title='bbox 691 1313 822 1404; x_wconf 68' lang='lat' dir='ltr'><strong>&#39;365¹l</strong></span> <span class='ocrx_word' id='word_1_116' title='bbox 842 1321 957 1384; x_wconf 89' lang='lat' dir='ltr'>diemm</span> <span class='ocrx_word' id='word_1_117' title='bbox 973 1321 1158 1402; x_wconf 83' lang='lat' dir='ltr'>discrepavit</span> <span class='ocrx_word' id='word_1_118' title='bbox 1174 1343 1193 1382; x_wconf 87' lang='lat' dir='ltr'>a</span> <span class='ocrx_word' id='word_1_119' title='bbox 1207 1340 1296 1394; x_wconf 90' lang='lat' dir='ltr'>vero,</span> <span class='ocrx_word' id='word_1_120' title='bbox 1319 1321 1516 1396; x_wconf 76' lang='lat' dir='ltr'>factumest,</span> <span class='ocrx_word' id='word_1_121' title='bbox 1538 1327 1573 1382; x_wconf 90' lang='lat' dir='ltr'>ut</span> 
     </span>
     <span class='ocr_line' id='line_1_13' title="bbox 223 1409 1571 1494; baseline -0.004 -18"><span class='ocrx_word' id='word_1_122' title='bbox 223 1433 272 1494; x_wconf 90' lang='lat' dir='ltr'>qm</span> <span class='ocrx_word' id='word_1_123' title='bbox 264 1413 353 1475; x_wconf 89' lang='lat' dir='ltr'>&#39;dies</span> <span class='ocrx_word' id='word_1_124' title='bbox 370 1412 408 1474; x_wconf 88' lang='lat' dir='ltr'>ab</span> <span class='ocrx_word' id='word_1_125' title='bbox 425 1410 642 1492; x_wconf 85' lang='lat' dir='ltr'>antiquissimis</span> <span class='ocrx_word' id='word_1_126' title='bbox 658 1411 844 1491; x_wconf 84' lang='lat' dir='ltr'>temporibus</span> <span class='ocrx_word' id='word_1_127' title='bbox 867 1411 922 1474; x_wconf 92' lang='lat' dir='ltr'>sub</span> <span class='ocrx_word' id='word_1_128' title='bbox 938 1411 1070 1474; x_wconf 88' lang='lat' dir='ltr'>Hercule</span> <span class='ocrx_word' id='word_1_129' title='bbox 1086 1411 1165 1473; x_wconf 81' lang='lat' dir='ltr'>forte</span> <span class='ocrx_word' id='word_1_130' title='bbox 1187 1429 1297 1472; x_wconf 92' lang='lat' dir='ltr'>nomen</span> <span class='ocrx_word' id='word_1_131' title='bbox 1314 1409 1438 1472; x_wconf 88' lang='lat' dir='ltr'>solstitii</span> <span class='ocrx_word' id='word_1_132' title='bbox 1455 1409 1571 1472; x_wconf 90' lang='lat' dir='ltr'>retine-</span> 
     </span>
     <span class='ocr_line' id='line_1_14' title="bbox 222 1499 1572 1581; baseline -0.003 -17"><span class='ocrx_word' id='word_1_133' title='bbox 222 1511 285 1578; x_wconf 90' lang='lat' dir='ltr'>ret,</span> <span class='ocrx_word' id='word_1_134' title='bbox 307 1503 334 1564; x_wconf 96' lang='lat' dir='ltr'>is</span> <span class='ocrx_word' id='word_1_135' title='bbox 349 1501 469 1564; x_wconf 84' lang='lat' dir='ltr'>Eudoxi</span> <span class='ocrx_word' id='word_1_136' title='bbox 484 1507 620 1581; x_wconf 90' lang='lat' dir='ltr'>tempore</span> <span class='ocrx_word' id='word_1_137' title='bbox 637 1506 706 1562; x_wconf 93' lang='lat' dir='ltr'>octo</span> <span class='ocrx_word' id='word_1_138' title='bbox 724 1499 828 1563; x_wconf 89' lang='lat' dir='ltr'>diebus</span> <span class='ocrx_word' id='word_1_139' title='bbox 844 1507 916 1581; x_wconf 90' lang='lat' dir='ltr'>post</span> <span class='ocrx_word' id='word_1_140' title='bbox 932 1500 1096 1562; x_wconf 90' lang='lat' dir='ltr'>solstitium</span> <span class='ocrx_word' id='word_1_141' title='bbox 1118 1499 1253 1565; x_wconf 88' lang='lat' dir='ltr'>coeleste</span> <span class='ocrx_word' id='word_1_142' title='bbox 1275 1517 1379 1561; x_wconf 91' lang='lat' dir='ltr'>verum</span> <span class='ocrx_word' id='word_1_143' title='bbox 1399 1499 1572 1573; x_wconf 87' lang='lat' dir='ltr'>incederet;</span> 
     </span>
     <span class='ocr_line' id='line_1_15' title="bbox 221 1585 1572 1692; baseline -0.004 -38"><span class='ocrx_word' id='word_1_144' title='bbox 221 1593 324 1676; x_wconf 89' lang='lat' dir='ltr'>itaque</span> <span class='ocrx_word' id='word_1_145' title='bbox 341 1590 506 1654; x_wconf 88' lang='lat' dir='ltr'>solstitium</span> <span class='ocrx_word' id='word_1_146' title='bbox 522 1588 720 1653; x_wconf 81' lang='lat' dir='ltr'>Calendarii&#39;</span> <span class='ocrx_word' id='word_1_147' title='bbox 712 1610 743 1652; x_wconf 91' lang='lat' dir='ltr'>m</span> <span class='ocrx_word' id='word_1_148' title='bbox 759 1590 876 1652; x_wconf 88' lang='lat' dir='ltr'>oetavis</span> <span class='ocrx_word' id='word_1_149' title='bbox 891 1589 1070 1692; x_wconf 85' lang='lat' dir='ltr'>partibus&#39;</span> <span class='ocrx_word' id='word_1_150' title='bbox 1046 1609 1199 1670; x_wconf 80' lang='lat' dir='ltr'>signorum</span> <span class='ocrx_word' id='word_1_151' title='bbox 1209 1589 1342 1651; x_wconf 90' lang='lat' dir='ltr'>caderet</span> <span class='ocrx_word' id='word_1_152' title='bbox 1366 1585 1572 1670; x_wconf 84' lang='lat' dir='ltr'>Quaecunque</span> 
     </span>
     <span class='ocr_line' id='line_1_16' title="bbox 221 1675 1573 1760; baseline -0.004 -16"><span class='ocrx_word' id='word_1_153' title='bbox 221 1683 328 1744; x_wconf 91' lang='lat' dir='ltr'>harum</span> <span class='ocrx_word' id='word_1_154' title='bbox 343 1679 629 1760; x_wconf 88' lang='lat' dir='ltr'>interpretationum</span> <span class='ocrx_word' id='word_1_155' title='bbox 644 1698 718 1740; x_wconf 86' lang='lat' dir='ltr'>vera</span> <span class='ocrx_word' id='word_1_156' title='bbox 734 1678 788 1753; x_wconf 92' lang='lat' dir='ltr'>sit,</span> <span class='ocrx_word' id='word_1_157' title='bbox 814 1698 917 1740; x_wconf 89' lang='lat' dir='ltr'>omnes</span> <span class='ocrx_word' id='word_1_158' title='bbox 933 1675 1071 1759; x_wconf 90' lang='lat' dir='ltr'>protinus</span> <span class='ocrx_word' id='word_1_159' title='bbox 1087 1687 1161 1741; x_wconf 92' lang='lat' dir='ltr'>eunt</span> <span class='ocrx_word' id='word_1_160' title='bbox 1177 1701 1195 1740; x_wconf 92' lang='lat' dir='ltr'>a</span> <span class='ocrx_word' id='word_1_161' title='bbox 1211 1679 1310 1753; x_wconf 89' lang='lat' dir='ltr'>coelo,</span> <span class='ocrx_word' id='word_1_162' title='bbox 1332 1685 1366 1739; x_wconf 95' lang='lat' dir='ltr'>tu</span> <span class='ocrx_word' id='word_1_163' title='bbox 1381 1697 1455 1740; x_wconf 88' lang='lat' dir='ltr'>vero</span> <span class='ocrx_word' id='word_1_164' title='bbox 1480 1678 1521 1740; x_wconf 89' lang='lat' dir='ltr'>ab</span> <span class='ocrx_word' id='word_1_165' title='bbox 1537 1697 1573 1738; x_wconf 90' lang='lat' dir='ltr'>eo</span> 
     </span>
    </p>
   </div>
   <div class='ocr_carea' id='block_1_4' title="bbox 222 1764 1672 1850">
    <p class='ocr_par' dir='ltr' id='par_1_5' title="bbox 222 1764 1672 1850">
     <span class='ocr_line' id='line_1_17' title="bbox 222 1764 1672 1850; baseline -0.002 -18"><span class='ocrx_word' id='word_1_166' title='bbox 222 1769 399 1834; x_wconf 88' lang='lat' dir='ltr'>retrocedis:</span> <span class='ocrx_word' id='word_1_167' title='bbox 424 1769 526 1849; x_wconf 88' lang='lat' dir='ltr'>itaque</span> <span class='ocrx_word' id='word_1_168' title='bbox 543 1765 597 1830; x_wconf 88' lang='lat' dir='ltr'>Sol</span> <span class='ocrx_word' id='word_1_169' title='bbox 612 1787 672 1829; x_wconf 92' lang='lat' dir='ltr'>uon</span> <span class='ocrx_word' id='word_1_170' title='bbox 687 1767 719 1829; x_wconf 91' lang='lat' dir='ltr'>in</span> <span class='ocrx_word' id='word_1_171' title='bbox 733 1767 845 1842; x_wconf 89' lang='lat' dir='ltr'>Leone,</span> <span class='ocrx_word' id='word_1_172' title='bbox 861 1769 940 1850; x_wconf 90' lang='lat' dir='ltr'>qood</span> <span class='ocrx_word' id='word_1_173' title='bbox 956 1767 1016 1829; x_wconf 90' lang='lat' dir='ltr'>etsi</span> <span class='ocrx_word' id='word_1_174' title='bbox 1031 1764 1103 1830; x_wconf 85' lang='lat' dir='ltr'>mihi</span> <span class='ocrx_word' id='word_1_175' title='bbox 1119 1768 1238 1849; x_wconf 91' lang='lat' dir='ltr'>quidem</span> <span class='ocrx_word' id='word_1_176' title='bbox 1245 1767 1362 1832; x_wconf 89' lang='lat' dir='ltr'>Lucani</span> <span class='ocrx_word' id='word_1_177' title='bbox 1378 1767 1480 1829; x_wconf 89' lang='lat' dir='ltr'>verbis</span> <span class='ocrx_word' id='word_1_178' title='bbox 1497 1785 1571 1830; x_wconf 93' lang='lat' dir='ltr'>con·</span> <span class='ocrx_word' id='word_1_179' title='bbox 1671 1767 1672 1770; x_wconf 69' lang='grc'>’</span> 
     </span>
    </p>
   </div>
   <div class='ocr_carea' id='block_1_5' title="bbox 149 1849 1672 4890">
    <p class='ocr_par' dir='ltr' id='par_1_6' title="bbox 149 1849 1572 2030">
     <span class='ocr_line' id='line_1_18' title="bbox 149 1849 1572 1938; baseline -0.004 -16"><span class='ocrx_word' id='word_1_180' title='bbox 149 1853 154 1864; x_wconf 81' lang='lat'><strong>&#39;</strong></span> <span class='ocrx_word' id='word_1_181' title='bbox 222 1860 316 1922; x_wconf 85' lang='lat' dir='ltr'>forme</span> <span class='ocrx_word' id='word_1_182' title='bbox 331 1857 452 1920; x_wconf 89' lang='lat' dir='ltr'>videtur</span> <span class='ocrx_word' id='word_1_183' title='bbox 468 1852 551 1938; x_wconf 84' lang='lat' dir='ltr'>(cum</span> <span class='ocrx_word' id='word_1_184' title='bbox 567 1856 665 1918; x_wconf 91' lang='lat' dir='ltr'>dicam</span> <span class='ocrx_word' id='word_1_185' title='bbox 680 1857 786 1936; x_wconf 88' lang='lat' dir='ltr'>negari</span> <span class='ocrx_word' id='word_1_186' title='bbox 802 1879 821 1918; x_wconf 87' lang='lat' dir='ltr'>a</span> <span class='ocrx_word' id='word_1_187' title='bbox 835 1856 968 1932; x_wconf 90' lang='lat' dir='ltr'>Lucano,</span> <span class='ocrx_word' id='word_1_188' title='bbox 983 1857 1063 1937; x_wconf 91' lang='lat' dir='ltr'>quod</span> <span class='ocrx_word' id='word_1_189' title='bbox 1079 1855 1157 1919; x_wconf 91' lang='lat' dir='ltr'>Sol&#39;</span> <span class='ocrx_word' id='word_1_190' title='bbox 1148 1878 1178 1920; x_wconf 90' lang='grc' dir='ltr'>ιι</span> <span class='ocrx_word' id='word_1_191' title='bbox 1193 1857 1296 1920; x_wconf 91' lang='lat' dir='ltr'>Leone</span> <span class='ocrx_word' id='word_1_192' title='bbox 1313 1849 1379 1935; x_wconf 88' lang='lat' dir='ltr'>sit),</span> <span class='ocrx_word' id='word_1_193' title='bbox 1395 1856 1453 1918; x_wconf 88' lang='lat' dir='ltr'>tibi</span> <span class='ocrx_word' id='word_1_194' title='bbox 1469 1863 1572 1918; x_wconf 90' lang='lat' dir='ltr'>tamen</span> 
     </span>
     <span class='ocr_line' id='line_1_19' title="bbox 222 1945 1572 2030; baseline -0.003 -20"><span class='ocrx_word' id='word_1_195' title='bbox 222 1948 377 2030; x_wconf 84' lang='lat' dir='ltr'>negotium</span> <span class='ocrx_word' id='word_1_196' title='bbox 389 1945 651 2020; x_wconf 85' lang='lat' dir='ltr'>lacesseredebet,</span> <span class='ocrx_word' id='word_1_197' title='bbox 667 1946 717 2026; x_wconf 92' lang='lat' dir='ltr'>qui</span> <span class='ocrx_word' id='word_1_198' title='bbox 727 1946 897 2008; x_wconf 89' lang='lat' dir='ltr'>exLucano</span> <span class='ocrx_word' id='word_1_199' title='bbox 908 1946 1014 2009; x_wconf 89' lang='lat' dir='ltr'>niteris</span> <span class='ocrx_word' id='word_1_200' title='bbox 1026 1945 1172 2020; x_wconf 89' lang='lat' dir='ltr'>evincere,</span> <span class='ocrx_word' id='word_1_201' title='bbox 1188 1945 1291 2009; x_wconf 90' lang='lat' dir='ltr'>Solem</span> <span class='ocrx_word' id='word_1_202' title='bbox 1308 1945 1452 2008; x_wconf 89' lang='lat' dir='ltr'>inLcone</span> <span class='ocrx_word' id='word_1_203' title='bbox 1469 1945 1572 2008; x_wconf 87' lang='lat' dir='ltr'>fuisse.</span> 
     </span>
    </p>

    <p class='ocr_par' dir='ltr' id='par_1_7' title="bbox 222 2034 1573 2474">
     <span class='ocr_line' id='line_1_20' title="bbox 310 2034 1573 2117; baseline -0.003 -17"><span class='ocrx_word' id='word_1_204' title='bbox 310 2038 418 2117; x_wconf 87' lang='lat' dir='ltr'>Pergo.</span> <span class='ocrx_word' id='word_1_205' title='bbox 451 2035 550 2110; x_wconf 85' lang='lat' dir='ltr'>„Nam</span> <span class='ocrx_word' id='word_1_206' title='bbox 565 2035 647 2097; x_wconf 89' lang='lat' dir='ltr'>mitis</span> <span class='ocrx_word' id='word_1_207' title='bbox 663 2034 693 2097; x_wconf 93' lang='lat' dir='ltr'>in</span> <span class='ocrx_word' id='word_1_208' title='bbox 709 2035 773 2098; x_wconf 88' lang='lat' dir='ltr'>alto</span> <span class='ocrx_word' id='word_1_209' title='bbox 788 2035 909 2115; x_wconf 89' lang='lat' dir='ltr'>Jupiter</span> <span class='ocrx_word' id='word_1_210' title='bbox 931 2055 1040 2098; x_wconf 86' lang='lat' dir='ltr'>occasu</span> <span class='ocrx_word' id='word_1_211' title='bbox 1055 2034 1231 2117; x_wconf 85' lang='lat' dir='ltr'>premitur“.</span> <span class='ocrx_word' id='word_1_212' title='bbox 1268 2035 1349 2098; x_wconf 91' lang='lat' dir='ltr'>Olim</span> <span class='ocrx_word' id='word_1_213' title='bbox 1368 2035 1514 2116; x_wconf 90' lang='lat' dir='ltr'>respondi</span> <span class='ocrx_word' id='word_1_214' title='bbox 1533 2035 1573 2096; x_wconf 87' lang='lat' dir='ltr'>ad</span> 
     </span>
     <span class='ocr_line' id='line_1_21' title="bbox 222 2123 1572 2204; baseline -0.003 -14"><span class='ocrx_word' id='word_1_215' title='bbox 222 2126 352 2202; x_wconf 86' lang='lat' dir='ltr'>literam,</span> <span class='ocrx_word' id='word_1_216' title='bbox 367 2126 425 2188; x_wconf 91' lang='lat' dir='ltr'>hoc</span> <span class='ocrx_word' id='word_1_217' title='bbox 440 2125 521 2187; x_wconf 90' lang='lat' dir='ltr'>idem</span> <span class='ocrx_word' id='word_1_218' title='bbox 536 2144 613 2202; x_wconf 89' lang='lat' dir='ltr'>esse,</span> <span class='ocrx_word' id='word_1_219' title='bbox 637 2145 673 2186; x_wconf 88' lang='lat' dir='ltr'>ac</span> <span class='ocrx_word' id='word_1_220' title='bbox 690 2124 716 2186; x_wconf 91' lang='lat' dir='ltr'>si</span> <span class='ocrx_word' id='word_1_221' title='bbox 732 2123 904 2204; x_wconf 88' lang='lat' dir='ltr'>astrologus</span> <span class='ocrx_word' id='word_1_222' title='bbox 921 2124 1016 2198; x_wconf 87' lang='lat' dir='ltr'>dieat,</span> <span class='ocrx_word' id='word_1_223' title='bbox 1038 2125 1147 2188; x_wconf 90' lang='lat' dir='ltr'>Jovcm</span> <span class='ocrx_word' id='word_1_224' title='bbox 1163 2125 1218 2188; x_wconf 90' lang='lat' dir='ltr'>sub</span> <span class='ocrx_word' id='word_1_225' title='bbox 1233 2132 1334 2186; x_wconf 88' lang='lat' dir='ltr'>terras</span> <span class='ocrx_word' id='word_1_226' title='bbox 1348 2124 1498 2204; x_wconf 81' lang='lat' dir='ltr'>profunde</span> <span class='ocrx_word' id='word_1_227' title='bbox 1515 2124 1572 2186; x_wconf 90' lang='lat' dir='ltr'>ad-</span> 
     </span>
     <span class='ocr_line' id='line_1_22' title="bbox 222 2212 1573 2295; baseline -0.004 -16"><span class='ocrx_word' id='word_1_228' title='bbox 222 2217 343 2279; x_wconf 91' lang='lat' dir='ltr'>modum</span> <span class='ocrx_word' id='word_1_229' title='bbox 365 2215 534 2276; x_wconf 89' lang='lat' dir='ltr'>demersnm</span> <span class='ocrx_word' id='word_1_230' title='bbox 558 2213 684 2295; x_wconf 91' lang='lat' dir='ltr'>opprimi</span> <span class='ocrx_word' id='word_1_231' title='bbox 706 2212 756 2274; x_wconf 90' lang='lat' dir='ltr'>vel</span> <span class='ocrx_word' id='word_1_232' title='bbox 775 2214 870 2276; x_wconf 87' lang='lat' dir='ltr'>radiis</span> <span class='ocrx_word' id='word_1_233' title='bbox 892 2212 1095 2276; x_wconf 88' lang='lat' dir='ltr'>maleficorum</span> <span class='ocrx_word' id='word_1_234' title='bbox 1116 2215 1165 2277; x_wconf 92' lang='lat' dir='ltr'>vel</span> <span class='ocrx_word' id='word_1_235' title='bbox 1188 2214 1373 2288; x_wconf 89' lang='lat' dir='ltr'>elevatione;</span> <span class='ocrx_word' id='word_1_236' title='bbox 1396 2219 1433 2274; x_wconf 91' lang='lat' dir='ltr'>ut</span> <span class='ocrx_word' id='word_1_237' title='bbox 1452 2213 1573 2295; x_wconf 91' lang='lat' dir='ltr'>quidem</span> 
     </span>
     <span class='ocr_line' id='line_1_23' title="bbox 222 2301 1572 2385; baseline -0.003 -17"><span class='ocrx_word' id='word_1_238' title='bbox 222 2304 324 2369; x_wconf 89' lang='lat' dir='ltr'>addit:</span> <span class='ocrx_word' id='word_1_239' title='bbox 351 2303 413 2379; x_wconf 85' lang='lat' dir='ltr'>,Et</span> <span class='ocrx_word' id='word_1_240' title='bbox 428 2303 544 2365; x_wconf 89' lang='lat' dir='ltr'>coelum</span> <span class='ocrx_word' id='word_1_241' title='bbox 558 2303 645 2366; x_wconf 90' lang='lat' dir='ltr'>Mars</span> <span class='ocrx_word' id='word_1_242' title='bbox 662 2303 743 2365; x_wconf 91' lang='lat' dir='ltr'>solus</span> <span class='ocrx_word' id='word_1_243' title='bbox 759 2301 884 2378; x_wconf 86' lang='lat' dir='ltr'>habet“,</span> <span class='ocrx_word' id='word_1_244' title='bbox 899 2302 930 2364; x_wconf 91' lang='lat' dir='ltr'>id</span> <span class='ocrx_word' id='word_1_245' title='bbox 947 2311 996 2365; x_wconf 91' lang='lat' dir='ltr'>est</span> <span class='ocrx_word' id='word_1_246' title='bbox 1009 2303 1105 2379; x_wconf 88' lang='lat' dir='ltr'>Mars,</span> <span class='ocrx_word' id='word_1_247' title='bbox 1121 2304 1259 2367; x_wconf 90' lang='lat' dir='ltr'>elevatos</span> <span class='ocrx_word' id='word_1_248' title='bbox 1276 2322 1366 2385; x_wconf 87' lang='lat' dir='ltr'>super</span> <span class='ocrx_word' id='word_1_249' title='bbox 1382 2321 1486 2366; x_wconf 89' lang='lat' dir='ltr'>omues</span> <span class='ocrx_word' id='word_1_250' title='bbox 1501 2303 1572 2383; x_wconf 88' lang='lat' dir='ltr'>pla-</span> 
     </span>
     <span class='ocr_line' id='line_1_24' title="bbox 223 2391 611 2474; baseline -0.013 -16"><span class='ocrx_word' id='word_1_251' title='bbox 223 2401 322 2470; x_wconf 89' lang='lat' dir='ltr'>netes,</span> <span class='ocrx_word' id='word_1_252' title='bbox 336 2393 358 2456; x_wconf 93' lang='lat' dir='ltr'><strong>J</strong></span> <span class='ocrx_word' id='word_1_253' title='bbox 359 2412 446 2456; x_wconf 92' lang='lat' dir='ltr'>ovem</span> <span class='ocrx_word' id='word_1_254' title='bbox 462 2391 611 2474; x_wconf 88' lang='lat' dir='ltr'>opprimit.</span> 
     </span>
    </p>

    <p class='ocr_par' dir='ltr' id='par_1_8' title="bbox 216 2479 1573 4529">
     <span class='ocr_line' id='line_1_25' title="bbox 309 2479 1573 2562; baseline -0.002 -17"><span class='ocrx_word' id='word_1_255' title='bbox 309 2482 427 2546; x_wconf 90' lang='lat' dir='ltr'>Vocem</span> <span class='ocrx_word' id='word_1_256' title='bbox 442 2482 521 2544; x_wconf 93' lang='lat' dir='ltr'>euim</span> <span class='ocrx_word' id='word_1_257' title='bbox 539 2479 700 2556; x_wconf 84' lang='lat' dir='ltr'>„Occasn“</span> <span class='ocrx_word' id='word_1_258' title='bbox 724 2499 779 2561; x_wconf 91' lang='lat' dir='ltr'>pro</span> <span class='ocrx_word' id='word_1_259' title='bbox 804 2480 858 2542; x_wconf 91' lang='lat' dir='ltr'>sub</span> <span class='ocrx_word' id='word_1_260' title='bbox 875 2481 986 2554; x_wconf 87' lang='lat' dir='ltr'>Terra,</span> <span class='ocrx_word' id='word_1_261' title='bbox 1009 2488 1042 2543; x_wconf 91' lang='lat' dir='ltr'>et</span> <span class='ocrx_word' id='word_1_262' title='bbox 1057 2481 1121 2543; x_wconf 88' lang='lat' dir='ltr'>alto</span> <span class='ocrx_word' id='word_1_263' title='bbox 1137 2501 1192 2562; x_wconf 88' lang='lat' dir='ltr'>pro</span> <span class='ocrx_word' id='word_1_264' title='bbox 1215 2481 1363 2562; x_wconf 86' lang='lat' dir='ltr'>profundo</span> <span class='ocrx_word' id='word_1_265' title='bbox 1380 2488 1413 2543; x_wconf 89' lang='lat' dir='ltr'>et</span> <span class='ocrx_word' id='word_1_266' title='bbox 1427 2481 1524 2544; x_wconf 89' lang='lat' dir='ltr'>latine</span> <span class='ocrx_word' id='word_1_267' title='bbox 1541 2489 1573 2543; x_wconf 91' lang='lat' dir='ltr'>et</span> 
     </span>
     <span class='ocr_line' id='line_1_26' title="bbox 222 2569 1570 2654; baseline -0.001 -18"><span class='ocrx_word' id='word_1_268' title='bbox 222 2572 406 2654; x_wconf 77' lang='lat' dir='ltr'>astrologice</span> <span class='ocrx_word' id='word_1_269' title='bbox 431 2579 464 2634; x_wconf 90' lang='lat' dir='ltr'>et</span> <span class='ocrx_word' id='word_1_270' title='bbox 485 2570 685 2634; x_wconf 87' lang='lat' dir='ltr'>usitatissime</span> <span class='ocrx_word' id='word_1_271' title='bbox 709 2589 838 2650; x_wconf 89' lang='lat' dir='ltr'>usurpo,</span> <span class='ocrx_word' id='word_1_272' title='bbox 861 2577 893 2631; x_wconf 90' lang='lat' dir='ltr'>et</span> <span class='ocrx_word' id='word_1_273' title='bbox 916 2569 1048 2650; x_wconf 86' lang='lat' dir='ltr'>,premi“</span> <span class='ocrx_word' id='word_1_274' title='bbox 1071 2571 1113 2632; x_wconf 88' lang='lat' dir='ltr'>ad</span> <span class='ocrx_word' id='word_1_275' title='bbox 1131 2570 1251 2634; x_wconf 81' lang='lat' dir='ltr'>literam</span> <span class='ocrx_word' id='word_1_276' title='bbox 1274 2578 1324 2632; x_wconf 90' lang='lat' dir='ltr'>est</span> <span class='ocrx_word' id='word_1_277' title='bbox 1345 2571 1570 2651; x_wconf 87' lang='lat' dir='ltr'>astrologorum</span> 
     </span>
     <span class='ocr_line' id='line_1_27' title="bbox 225 2658 1569 2744; baseline -0.003 -18"><span class='ocrx_word' id='word_1_278' title='bbox 225 2659 403 2744; x_wconf 83' lang='lat' dir='ltr'>„opprimi“.</span> <span class='ocrx_word' id='word_1_279' title='bbox 447 2661 534 2723; x_wconf 81' lang='lat' dir='ltr'>Haeo</span> <span class='ocrx_word' id='word_1_280' title='bbox 549 2660 621 2722; x_wconf 91' lang='lat' dir='ltr'>mihi</span> <span class='ocrx_word' id='word_1_281' title='bbox 636 2660 726 2740; x_wconf 92' lang='lat' dir='ltr'>longe</span> <span class='ocrx_word' id='word_1_282' title='bbox 741 2658 932 2722; x_wconf 89' lang='lat' dir='ltr'>verisimilior</span> <span class='ocrx_word' id='word_1_283' title='bbox 948 2665 997 2721; x_wconf 90' lang='lat' dir='ltr'>est</span> <span class='ocrx_word' id='word_1_284' title='bbox 1012 2659 1192 2741; x_wconf 85' lang='lat' dir='ltr'>explicatio,</span> <span class='ocrx_word' id='word_1_285' title='bbox 1214 2680 1304 2741; x_wconf 87' lang='lat' dir='ltr'>qnam</span> <span class='ocrx_word' id='word_1_286' title='bbox 1318 2667 1385 2735; x_wconf 92' lang='lat' dir='ltr'>tua,</span> <span class='ocrx_word' id='word_1_287' title='bbox 1408 2660 1458 2742; x_wconf 94' lang='lat' dir='ltr'>qui</span> <span class='ocrx_word' id='word_1_288' title='bbox 1473 2661 1569 2741; x_wconf 88' lang='lat' dir='ltr'>premi</span> 
     </span>
     <span class='ocr_line' id='line_1_28' title="bbox 221 2747 1570 2832; baseline -0.001 -18"><span class='ocrx_word' id='word_1_289' title='bbox 221 2752 319 2832; x_wconf 91' lang='lat' dir='ltr'>ipsum</span> <span class='ocrx_word' id='word_1_290' title='bbox 341 2750 417 2813; x_wconf 91' lang='lat' dir='ltr'>dicis</span> <span class='ocrx_word' id='word_1_291' title='bbox 440 2770 459 2811; x_wconf 89' lang='lat' dir='ltr'>a</span> <span class='ocrx_word' id='word_1_292' title='bbox 479 2748 567 2830; x_wconf 90' lang='lat' dir='ltr'>primi</span> <span class='ocrx_word' id='word_1_293' title='bbox 589 2747 708 2811; x_wconf 91' lang='lat' dir='ltr'>mobilis</span> <span class='ocrx_word' id='word_1_294' title='bbox 730 2755 835 2829; x_wconf 92' lang='lat' dir='ltr'>raptu,</span> <span class='ocrx_word' id='word_1_295' title='bbox 858 2748 948 2828; x_wconf 88' lang='lat' dir='ltr'>quisi</span> <span class='ocrx_word' id='word_1_296' title='bbox 965 2756 1029 2824; x_wconf 91' lang='lat' dir='ltr'>est,</span> <span class='ocrx_word' id='word_1_297' title='bbox 1052 2750 1189 2812; x_wconf 90' lang='lat' dir='ltr'>omnibus</span> <span class='ocrx_word' id='word_1_298' title='bbox 1210 2759 1259 2813; x_wconf 90' lang='lat' dir='ltr'>est</span> <span class='ocrx_word' id='word_1_299' title='bbox 1275 2749 1453 2824; x_wconf 89' lang='lat' dir='ltr'>communis,</span> <span class='ocrx_word' id='word_1_300' title='bbox 1477 2751 1570 2812; x_wconf 85' lang='lat' dir='ltr'>etiam</span> 
     </span>
     <span class='ocr_line' id='line_1_29' title="bbox 223 2836 1571 2919; baseline -0.001 -16"><span class='ocrx_word' id='word_1_301' title='bbox 223 2839 335 2914; x_wconf 82' lang='lat' dir='ltr'>Marti3</span> <span class='ocrx_word' id='word_1_302' title='bbox 360 2847 393 2901; x_wconf 93' lang='lat' dir='ltr'>et</span> <span class='ocrx_word' id='word_1_303' title='bbox 415 2837 608 2901; x_wconf 90' lang='lat' dir='ltr'>altitudinem</span> <span class='ocrx_word' id='word_1_304' title='bbox 621 2838 708 2900; x_wconf 84' lang='lat' dir='ltr'>Jovis</span> <span class='ocrx_word' id='word_1_305' title='bbox 730 2839 762 2899; x_wconf 93' lang='lat' dir='ltr'>in</span> <span class='ocrx_word' id='word_1_306' title='bbox 778 2851 810 2903; x_wconf 68' lang='lat' dir='ltr'>eo</span> <span class='ocrx_word' id='word_1_307' title='bbox 833 2836 979 2919; x_wconf 86' lang='lat' dir='ltr'>intelligis</span> <span class='ocrx_word' id='word_1_308' title='bbox 1002 2858 1041 2900; x_wconf 89' lang='lat' dir='ltr'>ex</span> <span class='ocrx_word' id='word_1_309' title='bbox 1063 2859 1138 2901; x_wconf 88' lang='lat' dir='ltr'>voce</span> <span class='ocrx_word' id='word_1_310' title='bbox 1163 2840 1213 2914; x_wconf 89' lang='lat' dir='ltr'>„iu</span> <span class='ocrx_word' id='word_1_311' title='bbox 1236 2838 1330 2903; x_wconf 86' lang='lat' dir='ltr'>alto“.</span> <span class='ocrx_word' id='word_1_312' title='bbox 1374 2839 1421 2902; x_wconf 91' lang='lat' dir='ltr'>At</span> <span class='ocrx_word' id='word_1_313' title='bbox 1439 2838 1489 2915; x_wconf 79' lang='lat' dir='ltr'>,in</span> <span class='ocrx_word' id='word_1_314' title='bbox 1506 2840 1571 2902; x_wconf 88' lang='lat' dir='ltr'>alto</span> 
     </span>
     <span class='ocr_line' id='line_1_30' title="bbox 223 2925 1571 3011; baseline -0.001 -19"><span class='ocrx_word' id='word_1_315' title='bbox 223 2927 352 2992; x_wconf 79' lang='lat' dir='ltr'>occaeu“</span> <span class='ocrx_word' id='word_1_316' title='bbox 370 2927 516 3010; x_wconf 89' lang='lat' dir='ltr'>premitur</span> <span class='ocrx_word' id='word_1_317' title='bbox 526 2926 657 2990; x_wconf 90' lang='lat' dir='ltr'>Lucano.</span> <span class='ocrx_word' id='word_1_318' title='bbox 682 2925 799 2989; x_wconf 81' lang='lat' dir='ltr'>Eadem</span> <span class='ocrx_word' id='word_1_319' title='bbox 815 2927 852 2989; x_wconf 91' lang='lat' dir='ltr'>de</span> <span class='ocrx_word' id='word_1_320' title='bbox 870 2926 895 2999; x_wconf 72' lang='lat' dir='ltr'><strong>Q</strong></span> <span class='ocrx_word' id='word_1_321' title='bbox 912 2933 944 2988; x_wconf 90' lang='lat' dir='ltr'>et</span> <span class='ocrx_word' id='word_1_322' title='bbox 959 2927 982 3003; x_wconf 62' lang='lat' dir='ltr'>b</span> <span class='ocrx_word' id='word_1_323' title='bbox 997 2929 1175 3010; x_wconf 89' lang='lat' dir='ltr'>respondeo,</span> <span class='ocrx_word' id='word_1_324' title='bbox 1192 2948 1268 3010; x_wconf 91' lang='lat' dir='ltr'>quae</span> <span class='ocrx_word' id='word_1_325' title='bbox 1283 2929 1368 2991; x_wconf 91' lang='lat' dir='ltr'>olim:</span> <span class='ocrx_word' id='word_1_326' title='bbox 1389 2929 1447 2992; x_wconf 93' lang='lat' dir='ltr'>hoc</span> <span class='ocrx_word' id='word_1_327' title='bbox 1464 2936 1571 3011; x_wconf 88' lang='lat' dir='ltr'>aperte</span> 
     </span>
     <span class='ocr_line' id='line_1_31' title="bbox 223 3015 1571 3098; baseline -0.001 -17"><span class='ocrx_word' id='word_1_328' title='bbox 223 3018 305 3093; x_wconf 82' lang='lat' dir='ltr'>dicit,</span> <span class='ocrx_word' id='word_1_329' title='bbox 321 3017 474 3078; x_wconf 89' lang='lat' dir='ltr'>Venerem</span> <span class='ocrx_word' id='word_1_330' title='bbox 490 3035 557 3078; x_wconf 90' lang='lat' dir='ltr'>esse</span> <span class='ocrx_word' id='word_1_331' title='bbox 575 3017 630 3078; x_wconf 89' lang='lat' dir='ltr'>sub</span> <span class='ocrx_word' id='word_1_332' title='bbox 645 3016 748 3090; x_wconf 89' lang='lat' dir='ltr'>radiis,</span> <span class='ocrx_word' id='word_1_333' title='bbox 763 3015 875 3079; x_wconf 90' lang='lat' dir='ltr'>hebere</span> <span class='ocrx_word' id='word_1_334' title='bbox 891 3017 1009 3079; x_wconf 89' lang='lat' dir='ltr'>scilicet</span> <span class='ocrx_word' id='word_1_335' title='bbox 1025 3018 1090 3098; x_wconf 88' lang='lat' dir='ltr'>ejus</span> <span class='ocrx_word' id='word_1_336' title='bbox 1106 3018 1215 3081; x_wconf 89' lang='lat' dir='ltr'>lumen.</span> <span class='ocrx_word' id='word_1_337' title='bbox 1245 3019 1288 3080; x_wconf 85' lang='lat' dir='ltr'>Et</span> <span class='ocrx_word' id='word_1_338' title='bbox 1302 3018 1485 3081; x_wconf 84' lang='lat' dir='ltr'>Mercurium</span> <span class='ocrx_word' id='word_1_339' title='bbox 1501 3038 1571 3081; x_wconf 90' lang='lat' dir='ltr'>esse</span> 
     </span>
     <span class='ocr_line' id='line_1_32' title="bbox 227 3104 1571 3188; baseline 0 -18"><span class='ocrx_word' id='word_1_340' title='bbox 227 3106 456 3180; x_wconf 84' lang='lat' dir='ltr'>stationarium,</span> <span class='ocrx_word' id='word_1_341' title='bbox 479 3105 605 3168; x_wconf 86' lang='lat' dir='ltr'>haerere</span> <span class='ocrx_word' id='word_1_342' title='bbox 622 3105 747 3168; x_wconf 84' lang='lat' dir='ltr'>scilicet</span> <span class='ocrx_word' id='word_1_343' title='bbox 795 3104 1000 3182; x_wconf 79' lang='lat' dir='ltr'>,Celerrimus</span> <span class='ocrx_word' id='word_1_344' title='bbox 1014 3107 1066 3169; x_wconf 87' lang='lat' dir='ltr'>ille</span> <span class='ocrx_word' id='word_1_345' title='bbox 1081 3107 1297 3188; x_wconf 88' lang='lat' dir='ltr'>planetarum&#39;</span> <span class='ocrx_word' id='word_1_346' title='bbox 1283 3128 1349 3188; x_wconf 84' lang='lat' dir='ltr'>Jam</span> <span class='ocrx_word' id='word_1_347' title='bbox 1370 3108 1498 3170; x_wconf 84' lang='lat' dir='ltr'>haeret“</span> <span class='ocrx_word' id='word_1_348' title='bbox 1518 3109 1571 3170; x_wconf 76' lang='lat' dir='ltr'>duc.</span> 
     </span>
     <span class='ocr_line' id='line_1_33' title="bbox 223 3194 1572 3284; baseline 0.001 -25"><span class='ocrx_word' id='word_1_349' title='bbox 223 3195 291 3259; x_wconf 89' lang='lat' dir='ltr'>Tibi</span> <span class='ocrx_word' id='word_1_350' title='bbox 312 3195 389 3257; x_wconf 89' lang='lat' dir='ltr'>haec</span> <span class='ocrx_word' id='word_1_351' title='bbox 412 3194 495 3257; x_wconf 87' lang='lat' dir='ltr'>nulla</span> <span class='ocrx_word' id='word_1_352' title='bbox 514 3194 774 3258; x_wconf 87' lang='lat' dir='ltr'>verisimilitudine</span> <span class='ocrx_word' id='word_1_353' title='bbox 795 3203 1002 3284; x_wconf 82' lang='lat' dir='ltr'>permutare</span> <span class='ocrx_word' id='word_1_354' title='bbox 995 3216 1122 3260; x_wconf 89' lang='lat' dir='ltr'>necesse</span> <span class='ocrx_word' id='word_1_355' title='bbox 1151 3205 1208 3259; x_wconf 83' lang='lat' dir='ltr'>est</span> <span class='ocrx_word' id='word_1_356' title='bbox 1252 3199 1289 3260; x_wconf 90' lang='lat' dir='ltr'>Iu</span> <span class='ocrx_word' id='word_1_357' title='bbox 1311 3197 1443 3278; x_wconf 89' lang='lat' dir='ltr'>gratiam</span> <span class='ocrx_word' id='word_1_358' title='bbox 1467 3205 1572 3260; x_wconf 84' lang='lat' dir='ltr'>tamen</span> 
     </span>
     <span class='ocr_line' id='line_1_34' title="bbox 216 3282 1572 3369; baseline -0.001 -19"><span class='ocrx_word' id='word_1_359' title='bbox 216 3283 285 3366; x_wconf 80' lang='lat' dir='ltr'>lllg.</span> <span class='ocrx_word' id='word_1_360' title='bbox 302 3285 385 3346; x_wconf 76' lang='lat' dir='ltr'>luae</span> <span class='ocrx_word' id='word_1_361' title='bbox 408 3282 556 3347; x_wconf 90' lang='lat' dir='ltr'>caleulum</span> <span class='ocrx_word' id='word_1_362' title='bbox 579 3293 611 3346; x_wconf 88' lang='lat' dir='ltr'>et</span> <span class='ocrx_word' id='word_1_363' title='bbox 631 3285 697 3366; x_wconf 90' lang='lat' dir='ltr'>ipse</span> <span class='ocrx_word' id='word_1_364' title='bbox 721 3285 869 3348; x_wconf 90' lang='lat' dir='ltr'>consului:</span> <span class='ocrx_word' id='word_1_365' title='bbox 894 3291 927 3346; x_wconf 92' lang='lat' dir='ltr'>et</span> <span class='ocrx_word' id='word_1_366' title='bbox 949 3305 1029 3350; x_wconf 90' lang='lat' dir='ltr'>cum</span> <span class='ocrx_word' id='word_1_367' title='bbox 1037 3293 1071 3350; x_wconf 92' lang='lat' dir='ltr'>tu</span> <span class='ocrx_word' id='word_1_368' title='bbox 1093 3287 1225 3349; x_wconf 80' lang='lat' dir='ltr'>fortasse</span> <span class='ocrx_word' id='word_1_369' title='bbox 1248 3307 1309 3350; x_wconf 93' lang='lat' dir='ltr'>non</span> <span class='ocrx_word' id='word_1_370' title='bbox 1330 3288 1388 3350; x_wconf 92' lang='lat' dir='ltr'>hoc</span> <span class='ocrx_word' id='word_1_371' title='bbox 1409 3288 1572 3369; x_wconf 79' lang='lat' dir='ltr'>praecipue</span> 
     </span>
     <span class='ocr_line' id='line_1_35' title="bbox 222 3373 1572 3457; baseline 0.001 -20"><span class='ocrx_word' id='word_1_372' title='bbox 222 3373 404 3457; x_wconf 76' lang='lat' dir='ltr'>quaesieris,</span> <span class='ocrx_word' id='word_1_373' title='bbox 427 3373 794 3455; x_wconf 89' lang='lat' dir='ltr'>utegohunecaloulum</span> <span class='ocrx_word' id='word_1_374' title='bbox 817 3374 1004 3456; x_wconf 83' lang='lat' dir='ltr'>expedirem,</span> <span class='ocrx_word' id='word_1_375' title='bbox 1025 3376 1239 3456; x_wconf 89' lang='lat' dir='ltr'>multomagis</span> <span class='ocrx_word' id='word_1_376' title='bbox 1261 3383 1422 3440; x_wconf 89' lang='lat' dir='ltr'>contentus</span> <span class='ocrx_word' id='word_1_377' title='bbox 1443 3378 1572 3451; x_wconf 85' lang='lat' dir='ltr'>futuros,</span> 
     </span>
     <span class='ocr_line' id='line_1_36' title="bbox 222 3462 1572 3545; baseline 0.001 -19"><span class='ocrx_word' id='word_1_378' title='bbox 222 3465 249 3526; x_wconf 90' lang='lat' dir='ltr'>si</span> <span class='ocrx_word' id='word_1_379' title='bbox 271 3463 496 3544; x_wconf 88' lang='lat' dir='ltr'>respondissem</span> <span class='ocrx_word' id='word_1_380' title='bbox 517 3462 779 3545; x_wconf 88' lang='lat' dir='ltr'>qualitercunque,</span> <span class='ocrx_word' id='word_1_381' title='bbox 802 3465 891 3527; x_wconf 90' lang='lat' dir='ltr'>modo</span> <span class='ocrx_word' id='word_1_382' title='bbox 914 3464 989 3527; x_wconf 87' lang='lat' dir='ltr'>cito:</span> <span class='ocrx_word' id='word_1_383' title='bbox 1013 3465 1127 3528; x_wconf 84' lang='lat' dir='ltr'>factum</span> <span class='ocrx_word' id='word_1_384' title='bbox 1147 3473 1251 3528; x_wconf 89' lang='lat' dir='ltr'>tamen</span> <span class='ocrx_word' id='word_1_385' title='bbox 1267 3474 1374 3529; x_wconf 91' lang='lat' dir='ltr'>contra</span> <span class='ocrx_word' id='word_1_386' title='bbox 1390 3472 1452 3540; x_wconf 92' lang='lat' dir='ltr'>est,</span> <span class='ocrx_word' id='word_1_387' title='bbox 1471 3473 1508 3528; x_wconf 89' lang='lat' dir='ltr'>ut</span> <span class='ocrx_word' id='word_1_388' title='bbox 1523 3466 1572 3528; x_wconf 92' lang='lat' dir='ltr'>hic</span> 
     </span>
     <span class='ocr_line' id='line_1_37' title="bbox 223 3552 1572 3637; baseline 0.001 -21"><span class='ocrx_word' id='word_1_389' title='bbox 223 3553 332 3616; x_wconf 87' lang='lat' dir='ltr'>calculi</span> <span class='ocrx_word' id='word_1_390' title='bbox 347 3552 446 3628; x_wconf 89' lang='lat' dir='ltr'>labor,</span> <span class='ocrx_word' id='word_1_391' title='bbox 469 3553 606 3634; x_wconf 87' lang='lat' dir='ltr'>quamvis</span> <span class='ocrx_word' id='word_1_392' title='bbox 621 3553 722 3616; x_wconf 90' lang='lat' dir='ltr'>brevis</span> <span class='ocrx_word' id='word_1_393' title='bbox 739 3560 771 3615; x_wconf 91' lang='lat' dir='ltr'>et</span> <span class='ocrx_word' id='word_1_394' title='bbox 785 3554 837 3616; x_wconf 90' lang='lat' dir='ltr'>vix</span> <span class='ocrx_word' id='word_1_395' title='bbox 852 3553 939 3616; x_wconf 90' lang='lat' dir='ltr'>unius</span> <span class='ocrx_word' id='word_1_396' title='bbox 953 3554 1029 3628; x_wconf 88' lang='lat' dir='ltr'>diei,</span> <span class='ocrx_word' id='word_1_397' title='bbox 1051 3573 1099 3617; x_wconf 94' lang='lat' dir='ltr'>me</span> <span class='ocrx_word' id='word_1_398' title='bbox 1119 3555 1178 3617; x_wconf 91' lang='lat' dir='ltr'>huc</span> <span class='ocrx_word' id='word_1_399' title='bbox 1198 3573 1292 3637; x_wconf 89' lang='lat' dir='ltr'>nsque</span> <span class='ocrx_word' id='word_1_400' title='bbox 1315 3555 1492 3629; x_wconf 85' lang='lat' dir='ltr'>detinuerit,</span> <span class='ocrx_word' id='word_1_401' title='bbox 1514 3573 1572 3637; x_wconf 91' lang='lat' dir='ltr'>quo</span> 
     </span>
     <span class='ocr_line' id='line_1_38' title="bbox 223 3640 1573 3726; baseline 0.001 -21"><span class='ocrx_word' id='word_1_402' title='bbox 223 3643 321 3706; x_wconf 91' lang='lat' dir='ltr'>minus</span> <span class='ocrx_word' id='word_1_403' title='bbox 345 3642 568 3724; x_wconf 89' lang='lat' dir='ltr'>responderem.</span> <span class='ocrx_word' id='word_1_404' title='bbox 613 3643 701 3704; x_wconf 86' lang='lat' dir='ltr'>Hanc</span> <span class='ocrx_word' id='word_1_405' title='bbox 727 3643 806 3705; x_wconf 90' lang='lat' dir='ltr'>enim</span> <span class='ocrx_word' id='word_1_406' title='bbox 828 3643 990 3725; x_wconf 89' lang='lat' dir='ltr'>epistolam</span> <span class='ocrx_word' id='word_1_407' title='bbox 1013 3643 1141 3708; x_wconf 93' lang='lat' dir='ltr'>Octobri</span> <span class='ocrx_word' id='word_1_408' title='bbox 1165 3663 1269 3706; x_wconf 89' lang='lat' dir='ltr'>mense</span> <span class='ocrx_word' id='word_1_409' title='bbox 1293 3640 1415 3726; x_wconf 85' lang='lat' dir='ltr'>(statim</span> <span class='ocrx_word' id='word_1_410' title='bbox 1438 3653 1573 3726; x_wconf 87' lang='lat' dir='ltr'>atquea</span> 
     </span>
     <span class='ocr_line' id='line_1_39' title="bbox 220 3726 1573 3816; baseline 0 -20"><span class='ocrx_word' id='word_1_411' title='bbox 220 3733 259 3796; x_wconf 90' lang='lat' dir='ltr'>D.</span> <span class='ocrx_word' id='word_1_412' title='bbox 273 3731 455 3814; x_wconf 89' lang='lat' dir='ltr'>Vihepeckh</span> <span class='ocrx_word' id='word_1_413' title='bbox 471 3731 575 3814; x_wconf 88' lang='lat' dir='ltr'>accepi</span> <span class='ocrx_word' id='word_1_414' title='bbox 598 3726 698 3813; x_wconf 88' lang='lat' dir='ltr'>tuam)</span> <span class='ocrx_word' id='word_1_415' title='bbox 722 3733 854 3796; x_wconf 90' lang='lat' dir='ltr'>scribere</span> <span class='ocrx_word' id='word_1_416' title='bbox 875 3733 974 3813; x_wconf 91' lang='lat' dir='ltr'>coepi,</span> <span class='ocrx_word' id='word_1_417' title='bbox 1000 3734 1181 3816; x_wconf 88' lang='lat' dir='ltr'>exaravique</span> <span class='ocrx_word' id='word_1_418' title='bbox 1200 3734 1328 3814; x_wconf 89' lang='lat' dir='ltr'>primum</span> <span class='ocrx_word' id='word_1_419' title='bbox 1347 3735 1573 3816; x_wconf 87' lang='lat' dir='ltr'>paragraphum</span> 
     </span>
     <span class='ocr_line' id='line_1_40' title="bbox 222 3819 1573 3905; baseline 0.001 -21"><span class='ocrx_word' id='word_1_420' title='bbox 222 3840 376 3905; x_wconf 90' lang='lat' dir='ltr'>quousque</span> <span class='ocrx_word' id='word_1_421' title='bbox 393 3822 475 3885; x_wconf 90' lang='lat' dir='ltr'>color</span> <span class='ocrx_word' id='word_1_422' title='bbox 495 3821 576 3884; x_wconf 91' lang='lat' dir='ltr'>idem</span> <span class='ocrx_word' id='word_1_423' title='bbox 594 3821 703 3884; x_wconf 88' lang='lat' dir='ltr'>literae</span> <span class='ocrx_word' id='word_1_424' title='bbox 729 3822 827 3886; x_wconf 86' lang='lat' dir='ltr'>durat.</span> <span class='ocrx_word' id='word_1_425' title='bbox 873 3819 1031 3886; x_wconf 88' lang='lat' dir='ltr'>Successit</span> <span class='ocrx_word' id='word_1_426' title='bbox 1051 3823 1173 3904; x_wconf 89' lang='lat' dir='ltr'>eclipsis</span> <span class='ocrx_word' id='word_1_427' title='bbox 1190 3822 1271 3886; x_wconf 90' lang='lat' dir='ltr'>Solis</span> <span class='ocrx_word' id='word_1_428' title='bbox 1292 3825 1484 3899; x_wconf 88' lang='lat' dir='ltr'>observatio,</span> <span class='ocrx_word' id='word_1_429' title='bbox 1507 3843 1573 3886; x_wconf 88' lang='lat' dir='ltr'>cum</span> 
     </span>
     <span class='ocr_line' id='line_1_41' title="bbox 223 3899 1573 3994; baseline 0.001 -20"><span class='ocrx_word' id='word_1_430' title='bbox 223 3911 309 3974; x_wconf 89' lang='lat' dir='ltr'>locus</span> <span class='ocrx_word' id='word_1_431' title='bbox 326 3918 358 3974; x_wconf 89' lang='lat' dir='ltr'>et</span> <span class='ocrx_word' id='word_1_432' title='bbox 372 3911 607 3974; x_wconf 89' lang='lat' dir='ltr'>instrumentum</span> <span class='ocrx_word' id='word_1_433' title='bbox 622 3930 721 3974; x_wconf 90' lang='lat' dir='ltr'>meum</span> <span class='ocrx_word' id='word_1_434' title='bbox 744 3932 763 3974; x_wconf 89' lang='lat' dir='ltr'>a</span> <span class='ocrx_word' id='word_1_435' title='bbox 778 3930 846 3974; x_wconf 90' lang='lat' dir='ltr'>mea</span> <span class='ocrx_word' id='word_1_436' title='bbox 860 3899 1052 3976; x_wconf 76' lang='lat' dir='ltr'>habitatione</span> <span class='ocrx_word' id='word_1_437' title='bbox 1074 3933 1129 3994; x_wconf 90' lang='lat' dir='ltr'>per</span> <span class='ocrx_word' id='word_1_438' title='bbox 1144 3913 1295 3993; x_wconf 88' lang='lat' dir='ltr'>integram</span> <span class='ocrx_word' id='word_1_439' title='bbox 1316 3912 1423 3976; x_wconf 88' lang='lat' dir='ltr'>horam</span> <span class='ocrx_word' id='word_1_440' title='bbox 1439 3914 1573 3988; x_wconf 84' lang='lat' dir='ltr'>abesset,</span> 
     </span>
     <span class='ocr_line' id='line_1_42' title="bbox 223 3999 1573 4084; baseline 0.001 -21"><span class='ocrx_word' id='word_1_441' title='bbox 223 4001 417 4082; x_wconf 86' lang='lat' dir='ltr'>artificesque</span> <span class='ocrx_word' id='word_1_442' title='bbox 440 4019 489 4062; x_wconf 93' lang='lat' dir='ltr'>me</span> <span class='ocrx_word' id='word_1_443' title='bbox 510 4000 684 4064; x_wconf 87' lang='lat' dir='ltr'>vanissimis</span> <span class='ocrx_word' id='word_1_444' title='bbox 708 3999 867 4082; x_wconf 90' lang='lat' dir='ltr'>promissis</span> <span class='ocrx_word' id='word_1_445' title='bbox 896 4001 966 4064; x_wconf 89' lang='lat' dir='ltr'>ad</span> <span class='ocrx_word' id='word_1_446' title='bbox 958 4021 1055 4083; x_wconf 84' lang='lat' dir='ltr'>rpsum</span> <span class='ocrx_word' id='word_1_447' title='bbox 1070 4022 1165 4084; x_wconf 90' lang='lat' dir='ltr'>usque</span> <span class='ocrx_word' id='word_1_448' title='bbox 1194 4009 1378 4065; x_wconf 89' lang='lat' dir='ltr'>momentum</span> <span class='ocrx_word' id='word_1_449' title='bbox 1407 4001 1573 4068; x_wconf 67' lang='lat' dir='ltr'>Manent</span> 
     </span>
     <span class='ocr_line' id='line_1_43' title="bbox 219 4089 1573 4173; baseline 0.001 -20"><span class='ocrx_word' id='word_1_450' title='bbox 219 4089 323 4153; x_wconf 79' lang='lat' dir='ltr'>linita</span> <span class='ocrx_word' id='word_1_451' title='bbox 343 4090 557 4154; x_wconf 88' lang='lat' dir='ltr'>observatione</span> <span class='ocrx_word' id='word_1_452' title='bbox 580 4091 729 4153; x_wconf 89' lang='lat' dir='ltr'>successit</span> <span class='ocrx_word' id='word_1_453' title='bbox 749 4090 826 4153; x_wconf 89' lang='lat' dir='ltr'>alius</span> <span class='ocrx_word' id='word_1_454' title='bbox 846 4090 945 4166; x_wconf 87' lang='lat' dir='ltr'>labor,</span> <span class='ocrx_word' id='word_1_455' title='bbox 967 4091 1176 4156; x_wconf 88' lang='lat' dir='ltr'>conscribendi</span> <span class='ocrx_word' id='word_1_456' title='bbox 1196 4111 1389 4173; x_wconf 84' lang='lat' dir='ltr'>programma</span> <span class='ocrx_word' id='word_1_457' title='bbox 1408 4092 1446 4154; x_wconf 90' lang='lat' dir='ltr'>de</span> <span class='ocrx_word' id='word_1_458' title='bbox 1467 4091 1573 4172; x_wconf 92' lang='lat' dir='ltr'>eclipsi</span> 
     </span>
     <span class='ocr_line' id='line_1_44' title="bbox 221 4179 1573 4262; baseline 0 -20"><span class='ocrx_word' id='word_1_459' title='bbox 221 4186 254 4242; x_wconf 89' lang='lat' dir='ltr'>et</span> <span class='ocrx_word' id='word_1_460' title='bbox 269 4179 498 4254; x_wconf 88' lang='lat' dir='ltr'>observatione,</span> <span class='ocrx_word' id='word_1_461' title='bbox 522 4179 605 4260; x_wconf 90' lang='lat' dir='ltr'>cujus</span> <span class='ocrx_word' id='word_1_462' title='bbox 627 4180 814 4260; x_wconf 88' lang='lat' dir='ltr'>exemplaria</span> <span class='ocrx_word' id='word_1_463' title='bbox 833 4180 946 4243; x_wconf 90' lang='lat' dir='ltr'>tradidi</span> <span class='ocrx_word' id='word_1_464' title='bbox 969 4182 1073 4262; x_wconf 92' lang='lat' dir='ltr'>agenti</span> <span class='ocrx_word' id='word_1_465' title='bbox 1094 4181 1245 4244; x_wconf 87' lang='lat' dir='ltr'>Bavarieo</span> <span class='ocrx_word' id='word_1_466' title='bbox 1264 4183 1330 4244; x_wconf 87' lang='lat' dir='ltr'>sine</span> <span class='ocrx_word' id='word_1_467' title='bbox 1349 4182 1449 4245; x_wconf 87' lang='lat' dir='ltr'>literis</span> <span class='ocrx_word' id='word_1_468' title='bbox 1471 4182 1512 4245; x_wconf 90' lang='lat' dir='ltr'>ad</span> <span class='ocrx_word' id='word_1_469' title='bbox 1531 4181 1573 4243; x_wconf 83' lang='lat' dir='ltr'>Te</span> 
     </span>
     <span class='ocr_line' id='line_1_45' title="bbox 220 4267 1573 4352; baseline 0.001 -22"><span class='ocrx_word' id='word_1_470' title='bbox 220 4267 476 4342; x_wconf 79' lang='lat' dir='ltr'>transmittenda3</span> <span class='ocrx_word' id='word_1_471' title='bbox 506 4288 583 4351; x_wconf 90' lang='lat' dir='ltr'>quae</span> <span class='ocrx_word' id='word_1_472' title='bbox 603 4289 663 4331; x_wconf 94' lang='lat' dir='ltr'>non</span> <span class='ocrx_word' id='word_1_473' title='bbox 683 4270 860 4351; x_wconf 88' lang='lat' dir='ltr'>pervenisse</span> <span class='ocrx_word' id='word_1_474' title='bbox 886 4278 1022 4345; x_wconf 90' lang='lat' dir='ltr'>autumo,</span> <span class='ocrx_word' id='word_1_475' title='bbox 1043 4271 1246 4352; x_wconf 82' lang='lat' dir='ltr'>quianullum</span> <span class='ocrx_word' id='word_1_476' title='bbox 1267 4291 1369 4334; x_wconf 90' lang='lat' dir='ltr'>eorum</span> <span class='ocrx_word' id='word_1_477' title='bbox 1388 4271 1573 4334; x_wconf 88' lang='lat' dir='ltr'>mentionem</span> 
     </span>
     <span class='ocr_line' id='line_1_46' title="bbox 224 4357 1572 4446; baseline 0.002 -26"><span class='ocrx_word' id='word_1_478' title='bbox 224 4357 325 4422; x_wconf 84' lang='lat' dir='ltr'>facis&#39;</span> <span class='ocrx_word' id='word_1_479' title='bbox 317 4378 348 4420; x_wconf 90' lang='grc' dir='ltr'>ιιι</span> <span class='ocrx_word' id='word_1_480' title='bbox 364 4357 599 4438; x_wconf 88' lang='lat' dir='ltr'>posterioribus,</span> <span class='ocrx_word' id='word_1_481' title='bbox 622 4359 726 4440; x_wconf 90' lang='lat' dir='ltr'>itaque</span> <span class='ocrx_word' id='word_1_482' title='bbox 741 4359 790 4422; x_wconf 92' lang='lat' dir='ltr'>hic</span> <span class='ocrx_word' id='word_1_483' title='bbox 805 4379 896 4422; x_wconf 89' lang='lat' dir='ltr'>unum</span> <span class='ocrx_word' id='word_1_484' title='bbox 912 4360 1019 4440; x_wconf 90' lang='lat' dir='ltr'>adjeci,</span> <span class='ocrx_word' id='word_1_485' title='bbox 1038 4361 1202 4441; x_wconf 89' lang='lat' dir='ltr'>negotium,</span> <span class='ocrx_word' id='word_1_486' title='bbox 1225 4362 1305 4446; x_wconf 92' lang='lat' dir='ltr'>quod</span> <span class='ocrx_word' id='word_1_487' title='bbox 1320 4380 1387 4442; x_wconf 87' lang='lat' dir='ltr'>ago,</span> <span class='ocrx_word' id='word_1_488' title='bbox 1403 4361 1473 4424; x_wconf 81' lang='lat' dir='ltr'>&#39;libi</span> <span class='ocrx_word' id='word_1_489' title='bbox 1490 4380 1572 4423; x_wconf 90' lang='lat' dir='ltr'>com-</span> 
     </span>
     <span class='ocr_line' id='line_1_47' title="bbox 224 4445 1036 4551; baseline 0 -43"><span class='ocrx_word' id='word_1_490' title='bbox 224 4445 370 4510; x_wconf 88' lang='lat' dir='ltr'>mendans</span> <span class='ocrx_word' id='word_1_491' title='bbox 387 4455 501 4527; x_wconf 89' lang='lat' dir='ltr'>quanta</span> <span class='ocrx_word' id='word_1_492' title='bbox 515 4464 640 4551; x_wconf 81' lang='lat' dir='ltr'>possum</span> <span class='ocrx_word' id='word_1_493' title='bbox 656 4447 822 4529; x_wconf 90' lang='lat' dir='ltr'>diligentia.</span> <span class='ocrx_word' id='word_1_494' title='bbox 839 4451 893 4518; x_wconf 79' lang='lat' dir='ltr'>(cfr.</span> <span class='ocrx_word' id='word_1_495' title='bbox 906 4455 950 4506; x_wconf 87' lang='grc' dir='ltr'>ΠΙ.</span> <span class='ocrx_word' id='word_1_496' title='bbox 963 4449 1036 4521; x_wconf 69' lang='lat' dir='ltr'>wo)</span> 
     </span>
    </p>

    <p class='ocr_par' dir='ltr' id='par_1_9' title="bbox 222 4535 1672 4890">
     <span class='ocr_line' id='line_1_48' title="bbox 311 4535 1571 4620; baseline 0.002 -21"><span class='ocrx_word' id='word_1_497' title='bbox 311 4536 412 4599; x_wconf 89' lang='lat' dir='ltr'>Multa</span> <span class='ocrx_word' id='word_1_498' title='bbox 429 4535 613 4616; x_wconf 90' lang='lat' dir='ltr'>occupatio</span> <span class='ocrx_word' id='word_1_499' title='bbox 604 4556 635 4598; x_wconf 92' lang='grc' dir='ltr'>ιιι</span> <span class='ocrx_word' id='word_1_500' title='bbox 651 4537 855 4619; x_wconf 82' lang='lat' dir='ltr'>typographia</span> <span class='ocrx_word' id='word_1_501' title='bbox 875 4537 956 4600; x_wconf 90' lang='lat' dir='ltr'>inter</span> <span class='ocrx_word' id='word_1_502' title='bbox 970 4538 1074 4614; x_wconf 88' lang='lat' dir='ltr'>rudes,</span> <span class='ocrx_word' id='word_1_503' title='bbox 1097 4559 1192 4620; x_wconf 90' lang='lat' dir='ltr'>neque</span> <span class='ocrx_word' id='word_1_504' title='bbox 1210 4539 1288 4601; x_wconf 89' lang='lat' dir='ltr'>enim</span> <span class='ocrx_word' id='word_1_505' title='bbox 1302 4539 1353 4602; x_wconf 87' lang='lat' dir='ltr'>hic</span> <span class='ocrx_word' id='word_1_506' title='bbox 1367 4539 1490 4602; x_wconf 81' lang='lat' dir='ltr'>fervent</span> <span class='ocrx_word' id='word_1_507' title='bbox 1505 4539 1571 4602; x_wconf 82' lang='lat' dir='ltr'>offr-</span> 
     </span>
     <span class='ocr_line' id='line_1_49' title="bbox 227 4623 1571 4710; baseline 0.002 -24"><span class='ocrx_word' id='word_1_508' title='bbox 227 4623 323 4687; x_wconf 89' lang='lat' dir='ltr'>cinae.</span> <span class='ocrx_word' id='word_1_509' title='bbox 369 4623 468 4690; x_wconf 79' lang='lat' dir='ltr'>Crede</span> <span class='ocrx_word' id='word_1_510' title='bbox 491 4623 564 4686; x_wconf 93' lang='lat' dir='ltr'>mihi</span> <span class='ocrx_word' id='word_1_511' title='bbox 586 4627 814 4705; x_wconf 90' lang='lat' dir='ltr'>quatuordecim</span> <span class='ocrx_word' id='word_1_512' title='bbox 842 4626 907 4689; x_wconf 91' lang='lat' dir='ltr'>dies</span> <span class='ocrx_word' id='word_1_513' title='bbox 930 4627 1043 4692; x_wconf 87' lang='lat' dir='ltr'>dilatus</span> <span class='ocrx_word' id='word_1_514' title='bbox 1066 4647 1139 4690; x_wconf 90' lang='lat' dir='ltr'>sum.</span> <span class='ocrx_word' id='word_1_515' title='bbox 1189 4628 1315 4692; x_wconf 89' lang='lat' dir='ltr'>Interim</span> <span class='ocrx_word' id='word_1_516' title='bbox 1341 4629 1477 4710; x_wconf 88' lang='lat' dir='ltr'>quotidie</span> <span class='ocrx_word' id='word_1_517' title='bbox 1502 4627 1571 4690; x_wconf 91' lang='lat' dir='ltr'>mihi</span> 
     </span>
     <span class='ocr_line' id='line_1_50' title="bbox 222 4714 1569 4797; baseline 0.003 -22"><span class='ocrx_word' id='word_1_518' title='bbox 222 4715 355 4776; x_wconf 86' lang='lat' dir='ltr'>eundum</span> <span class='ocrx_word' id='word_1_519' title='bbox 369 4715 427 4777; x_wconf 81' lang='lat' dir='ltr'>ruit</span> <span class='ocrx_word' id='word_1_520' title='bbox 443 4715 483 4778; x_wconf 89' lang='lat' dir='ltr'>ad</span> <span class='ocrx_word' id='word_1_521' title='bbox 491 4714 674 4791; x_wconf 88' lang='lat' dir='ltr'>Palatinum,</span> <span class='ocrx_word' id='word_1_522' title='bbox 690 4716 739 4797; x_wconf 89' lang='lat' dir='ltr'>qui</span> <span class='ocrx_word' id='word_1_523' title='bbox 754 4735 802 4778; x_wconf 90' lang='lat' dir='ltr'>me</span> <span class='ocrx_word' id='word_1_524' title='bbox 817 4716 980 4780; x_wconf 87' lang='lat' dir='ltr'>honorilice</span> <span class='ocrx_word' id='word_1_525' title='bbox 996 4715 1104 4780; x_wconf 87' lang='lat' dir='ltr'>habuit</span> <span class='ocrx_word' id='word_1_526' title='bbox 1119 4725 1152 4780; x_wconf 91' lang='lat' dir='ltr'>et</span> <span class='ocrx_word' id='word_1_527' title='bbox 1171 4717 1305 4780; x_wconf 84' lang='lat' dir='ltr'>donarit</span> <span class='ocrx_word' id='word_1_528' title='bbox 1328 4717 1375 4781; x_wconf 83' lang='lat' dir='ltr'>Eo</span> <span class='ocrx_word' id='word_1_529' title='bbox 1397 4718 1569 4782; x_wconf 87' lang='lat' dir='ltr'>discedente</span> 
     </span>
     <span class='ocr_line' id='line_1_51' title="bbox 223 4803 1672 4890; baseline 0.006 -27"><span class='ocrx_word' id='word_1_530' title='bbox 223 4820 304 4864; x_wconf 90' lang='lat' dir='ltr'>nova</span> <span class='ocrx_word' id='word_1_531' title='bbox 320 4803 470 4868; x_wconf 87' lang='lat' dir='ltr'>successit</span> <span class='ocrx_word' id='word_1_532' title='bbox 490 4803 649 4885; x_wconf 81' lang='lat' dir='ltr'>occupatio</span> <span class='ocrx_word' id='word_1_533' title='bbox 672 4805 902 4870; x_wconf 84' lang='lat' dir='ltr'>commendandi</span> <span class='ocrx_word' id='word_1_534' title='bbox 922 4806 1107 4890; x_wconf 88' lang='lat' dir='ltr'>exemplaria</span> <span class='ocrx_word' id='word_1_535' title='bbox 1121 4807 1250 4888; x_wconf 88' lang='lat' dir='ltr'>Legatis</span> <span class='ocrx_word' id='word_1_536' title='bbox 1273 4815 1307 4870; x_wconf 88' lang='lat' dir='ltr'>et</span> <span class='ocrx_word' id='word_1_537' title='bbox 1320 4807 1575 4872; x_wconf 76' lang='lat' dir='ltr'>procuratoribus</span> <span class='ocrx_word' id='word_1_538' title='bbox 1671 4807 1672 4812; x_wconf 73' lang='grc'>’</span> 
     </span>
    </p>
   </div>
   <div class='ocr_carea' id='block_1_6' title="bbox 0 0 1710 5538">
    <p class='ocr_par' dir='ltr' id='par_1_10' title="bbox 0 0 1710 5538">
     <span class='ocr_line' id='line_1_52' title="bbox 0 0 1710 5538; baseline 0 0"><span class='ocrx_word' id='word_1_539' title='bbox 0 0 1710 5538; x_wconf 95' lang='lat' dir='ltr'> </span> 
     </span>
    </p>
   </div>
  </div>
 </body>
</html>
