3390 5542
544 243 722 295 Sternumenta
739 242 806 294 Delii
825 244 958 292 Ausbiacl.
1348 245 1410 306 609

95 415 195 484 babet
217 419 452 504 proportionem
478 419 684 503 compositam
711 439 750 483 ex
776 419 980 501 proportione
1007 415 1065 482 AG
1092 416 1135 483 ad
1157 417 1213 484 ΘΒ
1235 422 1269 482 et
1290 415 1349 483 GK
1370 418 1413 482 ad

95 505 166 570 ΚΙ).
212 505 295 572 Nam
324 513 361 572 ut
382 509 615 573 decrementum
643 507 831 571 senrilatcris
857 504 903 570 'ad
932 504 1170 592 decrementum
1200 506 1413 590 semidiagonii

98 594 169 674 GK,
193 597 238 660 sic
259 595 317 662 Aa
339 596 381 661 ad
404 597 475 676 GR,
506 617 590 680 quae
625 601 673 659 cst
701 615 778 678 pars
800 596 1013 679 proportionis
1036 615 1116 676 una;
1147 595 1252 663 altera
1273 601 1322 659 cst
1343 596 1413 680 ipsa

97 686 264 768 proportio
295 683 353 750 GK
382 684 424 749 ad
455 683 522 750 KD.
575 684 676 768 Atqui
705 683 925 766 proportiones
947 683 1008 748 hae
1037 683 1121 748 dua'e
1144 687 1274 768 junctae
1297 685 1412 748 consti-

96 779 198 836 tuunt
220 773 339 856 aliquid
360 774 462 839 minus
485 771 654 856 subdupla.
700 773 759 837 Est
782 773 865 840 euim
886 770 943 837 AG
966 771 1009 836 ad
1032 772 1087 837 GB
1114 771 1369 857 subsemidupla,¹
1383 779 1414 836 et

98 861 160 926 GK
183 861 226 925 ad
247 859 304 924 Kc
328 865 430 927 minor
457 882 555 945 quam
582 861 829 944 subsemidupla.
879 860 978 926 Semis
1005 865 1112 925 autem
1138 867 1171 926 et
1191 861 1295 926 minus
1317 881 1413 943 quarn

97 951 193 1014 semis
223 952 398 1032 composita
429 950 552 1015 faciunt
581 951 684 1014 minus
712 970 811 1032 quam
832 954 944 1014 totum.
990 949 1023 1014 Si
1046 970 1120 1031 ergo
1143 971 1221 1014 unus
1242 947 1413 1014 laterculus

97 1036 245 1102 lateralis
272 1039 315 1103 ad
341 1059 438 1104 unum
468 1039 642 1104 altitudinis
671 1038 768 1103 habet
793 1039 1029 1121 proportionem
1057 1040 1210 1103 minorem
1244 1037 1411 1121 subdupla,

99 1149 184 1190 unus
212 1147 288 1210 ergo
317 1127 496 1192 altitudinis
527 1148 590 1192 non
619 1133 668 1192 est
686 1127 791 1211 plane
818 1127 947 1208 duplum
970 1127 1061 1192 unius
1083 1127 1241 1206 lateralia,
1271 1131 1304 1190 et
1331 1147 1414 1191 uuus

98 1213 275 1280 altitudinis
297 1238 361 1282 nou
383 1217 479 1301 plane
501 1223 619 1299 aequat
642 1216 719 1281 duos
742 1216 900 1291 laterales,
924 1215 980 1280 sed
999 1216 1102 1280 minor
1125 1221 1187 1296 est,
1211 1223 1243 1280 et
1258 1235 1317 1298 per
1339 1237 1413 1280 con·

97 1324 237 1385 sequeus
267 1304 331 1369 duo
356 1305 533 1370 altitudinis
563 1311 639 1370 suut
668 1305 805 1370 minores
841 1312 979 1386 quatuor
1016 1304 1220 1383 lateralibus,
1260 1309 1292 1366 et
1318 1304 1415 1386 igitur

96 1391 237 1476 adjectio
258 1393 344 1458 iacta
375 1393 536 1468 altitudini
560 1394 664 1458 minor
687 1399 736 1457 est
758 1393 965 1458 diminutione
986 1391 1073 1456 facta
1095 1393 1134 1458 de
1156 1391 1309 1458 lateribus
1332 1391 1414 1456 cubi.

98 1479 263 1546 Columna·
279 1482 377 1564 igitur
398 1482 561 1566 sphaerae,
586 1483 680 1546 altior
706 1480 797 1560 cubo,
823 1483 994 1546 est-minor
1016 1501 1150 1564 corpore
1163 1478 1305 1562 subiet

190 1566 238 1634 Sit
260 1570 399 1634 secundo
423 1571 565 1652 columna
588 1571 670 1636 cubo
691 1569 838 1634 humilior
860 1576 893 1633 et
915 1569 1052 1635 ducatur
1080 1569 1229 1653 ipsiGA,
1257 1569 1416 1634 altitudini

101 1655 185 1738 cubi,
209 1658 367 1740 parallela
387 1659 421 1722 in
436 1659 555 1724 circulo
577 1662 679 1725 minor
690 1659 745 1724 LN
766 1672 825 1744 pro
849 1659 1017 1723 altitudine
1032 1657 1206 1739 columnae,
1230 1665 1262 1723 et
1275 1659 1336 1742 ipsi
1350 1657 1413 1738 GB,

100 1745 252 1830 diagonio
274 1747 362 1829 plani
385 1746 492 1824 cubici,
517 1749 653 1814 ducatur
675 1770 712 1813 ex
729 1744 925 1830 Lparallela
946 1747 1006 1812 LM
1028 1747 1243 1831 prodiagonio
1266 1747 1417 1831 quadrati

102 1835 294 1900 columnaris
311 1834 419 1900 cubico
436 1837 573 1921 majoris,
587 1857 701 1902 secans
719 1837 776 1902 Gn
791 1837 823 1900 in
836 1837 872 1902 0.
908 1827 1049 1902 Rursum
1060 1835 1156 1918 igitur
1168 1841 1205 1900 ut
1216 1835 1305 1918 prius
1317 1842 1364 1900 est
1379 1843 1417 1902 ut

99 1923 164 1988 Mo
178 1924 220 1987 ad
233 1923 298 2003 ΟΛ,
314 1925 358 1987 sic
372 1924 438 2010 GO,
456 1925 689 1992 decrementum
701 1925 879 1990 altitudinis
891 1945 930 1988 ex
942 1945 1006 1989 una
1014 1930 1115 2008 parte,
1128 1925 1170 1988 ad
1180 1924 1232 1989 OL
1241 1924 1415 2006 incremen-

100 2019 175 2100 tum¹
184 2013 410 2097 semidiagonii.
443 2013 505 2078 Sed
518 2016 573 2080 BG
586 2021 635 2078 est
645 2016 747 2080 minor
758 2034 854 2096 quam
865 2013 927 2078 Mo
941 2019 974 2076 et
985 2013 1042 2078 Gn
1057 2019 1105 2078 est
1116 2017 1219 2098 major
1234 2035 1331 2097 quam
1343 2012 1416 2077 OA:

99 2121 177 2182 erge
194 2103 358 2184 proportio
376 2101 432 2166 BG
444 2103 487 2168 ad
500 2103 565 2183 GA,
583 2125 666 2188 quae
678 2103 771 2167 estin
784 2099 864 2167 cubo
876 2101 1062 2186 semidupla,
1075 2102 1180 2166 minor
1191 2107 1240 2166 est
1251 2122 1348 2184 quam
1360 2101 1427 2167 GO‘
1461 2103 1466 2120 “

99 2187 144 2254 ad
168 2189 231 2254 Ob.
266 2189 370 2276 MaJ'or
393 2197 442 2255 est
464 2191 560 2275 igitur
581 2193 745 2277 proportio
768 2189 824 2256 GO
848 2191 890 2255 ad
913 2190 975 2270 OL,
1005 2210 1103 2274 quam
1124 2190 1308 2274 semidupla.
1354 2187 1417 2255 Sed

100 2278 268 2361 proportio
301 2279 386 2344 inter
418 2281 645 2346 incrementum
679 2281 895 2362 semidingouii
928 2279 982 2344 OL
1009 2286 1042 2344 et
1069 2280 1298 2342 incrementum
1326 2280 1416 2344 senn-

99 2365 215 2430 laten's
248 2368 402 2451 quadrati
434 2375 483 2434 cst
516 2370 702 2453 semidupla.
759 2368 844 2452 Ergo
878 2368 1056 2451 compositis
1086 2366 1264 2450 semidupla
1289 2371 1322 2431 et
1344 2367 1417 2450 plus

100 2474 200 2538 quam
215 2456 393 2540 semidupla
406 2458 440 2522 in
455 2455 558 2537 unam,
582 2459 642 2523 erit
657 2459 823 2542 proportio
838 2455 905 2536 GO,
922 2457 1112 2522 decrementi
1132 2454 1281 2520 dimidiae
1304 2455 1415 2522 altitu·

100 2543 196 2624 diuis,
221 2544 263 2608 ad
284 2545 715 2612 incrementum'semilateris
737 2547 840 2629 major
869 2545 979 2629 dupla.
1024 2544 1086 2610 Sed
1106 2565 1165 2628 per
1188 2546 1319 2609 ductum
1341 2545 1418 2609 duo·

101 2653 176 2697 rum
205 2633 439 2716 quadratorum
468 2633 649 2700 cubicorum
676 2637 707 2699 in
738 2633 793 2697 GO
824 2641 974 2698 creantur
1004 2632 1152 2698 laterculi
1182 2633 1245 2698 dno
1274 2631 1420 2698 diminuti

101 2721 143 2786 de
166 2718 332 2786 altitudine
348 2723 489 2808 corporis
513 2723 624 2788 cubici.
663 2723 782 2787 Contra
804 2743 861 2804 per
883 2722 1015 2787 ductum
1031 2727 1172 2805 quatuor
1187 2721 1419 2804 quadratorum

101 2809 287 2876 cubicorum
314 2811 347 2874 iu
376 2811 603 2878 incrementum
632 2811 823 2876 semilateris
853 2817 1003 2876 creantur
1025 2810 1171 2876 laterculi
1192 2816 1339 2893 quatuor,
1364 2809 1420 2893 qui

102 2903 179 2963 sunt
208 2903 344 2983 majores
375 2921 413 2965 ea
442 2901 618 2984 adjectione
650 2906 682 2965 et
712 2900 1001 2982 circumpositione,
1036 2919 1117 2982 quae
1148 2898 1235 2962 facta
1265 2906 1313 2964 est
1336 2899 1420 2962 circa

102 3008 222 3070 eorpus
253 2987 335 3052 cubi.
388 2989 471 3053 Nam
500 2990 560 3054 etsi
590 2990 744 3073 appositis
770 2988 818 3052 his
853 2995 992 3071 quatuor
1022 2987 1183 3052 laterculis
1218 2986 1325 3051 adhuc
1353 2986 1421 3051 hiat

103 3076 267 3156 columna,
300 3075 512 3142 deficientibus
543 3085 679 3162 quatuor
709 3076 881 3146 columellis
903 3075 990 3159 apud
1013 3081 1152 3159 quatuor
1174 3082 1281 3140 erecta
1302 3074 1420 3140 colum·

103 3185 166 3230 nae
188 3165 302 3246 latera,
325 3173 433 3234 tamen
455 3168 589 3232 vicissim
612 3167 770 3231 excedunt
798 3167 830 3230 hi
859 3166 1005 3230 laterculi
1033 3164 1234 3229 altitudinem
1256 3164 1421 3229 columnae

103 3259 178 3320 octo
216 3253 287 3319 aliis
321 3255 493 3320 columellis
531 3258 704 3339 aequealtis
742 3275 814 3318 cum
846 3255 909 3319 illis
943 3253 1176 3330 deficientibus,
1212 3251 1421 3318 crassioribus

102 3349 223 3420 tamem
247 3365 342 3427 quam
370 3343 456 3408 illae.
500 3344 624 3409 Harum
654 3346 737 3408 euim
767 3344 924 3408 crassities
953 3350 1002 3406 est
1025 3341 1090 3419 Ge,
1114 3341 1240 3406 illarum
1262 3343 1421 3406 crassities

103 3438 154 3497 est
176 3431 219 3495 ad
249 3431 310 3512 OL,
342 3437 377 3496 ut
410 3431 467 3496 AG
497 3433 539 3497 ad
569 3433 641 3513 GB,
672 3435 776 3498 minor
803 3452 846 3496 sc.
870 3451 969 3515 quam
990 3429 1178 3509 OL,“multo
1200 3430 1296 3511 igitur
1317 3430 1422 3495 minor

102 3541 204 3603 quam
227 3517 293 3586 GO.
338 3520 451 3587 Tribus
474 3521 570 3603 igitur
592 3521 768 3586 nominibus
790 3527 1010 3586 octo=crassae
1024 3517 1211 3582 columellae
1234 3518 1422 3584 excedentes

102 3615 182 3674 sunt
211 3611 348 3693 majores
375 3615 514 3693 quatuor
545 3607 677 3674 exilibus
707 3607 937 3675 deficientibus.
990 3606 1134 3683 Quatuor
1155 3606 1252 3687 igitur
1273 3605 1423 3671 laterculi

103 3696 183 3762 dicti
213 3703 287 3762 eunt
315 3701 470 3782 majores,
501 3698 697 3781 appositione
728 3697 814 3762 facta
843 3696 885 3761 ad
908 3715 1021 3779 corpus
1053 3694 1136 3759 cubi.
1183 3693 1304 3770 Quodsi
1324 3695 1424 3778 igitur

102 3787 336 3853 incrementum
358 3787 545 3852 semilateris
567 3794 650 3852 esset
671 3786 812 3871 praecise
834 3783 998 3850 dimidium
1019 3784 1119 3867 ipsius
1135 3781 1208 3848 GO:
1232 3783 1319 3866 quod
1335 3804 1422 3848 crea

103 3882 160 3941 tur
192 3875 303 3954 aGO,
335 3875 430 3940 ducto
452 3876 486 3940 in
509 3876 571 3940 duo
593 3875 771 3959 quadrata,
802 3874 934 3957 aequale
957 3879 1039 3936 esset
1061 3873 1098 3952 ei,
1123 3870 1211 3954 quod
1232 3878 1358 3936 creatur
1380 3870 1422 3936 ab

102 3965 302 4030 incremento
324 3964 520 4042 semilateris,
545 3963 641 4028 ducto
664 3965 696 4028 in
719 3962 879 4046 quadrata
908 3966 1057 4045 quatuor.
1109 3960 1152 4025 At
1172 3961 1278 4024 minus
1302 3966 1350 4025 est
1370 3959 1420 4026 in'·

105 4060 302 4118 crementum
323 4052 513 4117 semilateris
541 4051 671 4118 dimidio
698 4052 796 4136 ipsius
818 4050 886 4132 (30,
909 4059 946 4116 ut
974 4048 1239 4127 demonstratum,
1263 4069 1361 4131 quare
1389 4052 1424 4112 et

104 4149 244 4296 quit*
265 4141 421 4293 lam-¹1³
451 4141 600 4294 quthtl
628 4141 875 4295 cetera
896 4137 1224 4293 ltltltlftll
1237 4136 1420 4289 nuiss

104 4253 138 4296 m
231 4251 506 4295 rurmrnores
599 4250 757 4294 ccroa
908 4250 999 4294 ara
1412 4273 1420 4303 ‚

104 4321 194 4386 lacta
217 4251 273 4385 (lcgl
279 4317 457 4384 altitudine.
504 4252 660 4385 Colulnna
681 4279 776 4401 igitur
798 4317 960 4401 sphaerae,
983 4249 1235 4382 humiliorqcubo
1257 4313 1420 4397 sphaerae,

104 4411 211 4476 minor
234 4413 284 4473 est
306 4427 438 4492 corpore
460 4407 533 4475 cubi
553 4410 586 4473 in
608 4407 718 4472 eadem
739 4406 884 4489 sphaera.
919 4409 962 4471 At
984 4407 1073 4490 prius
1095 4404 1191 4470 etiam
1210 4401 1306 4466 altior
1329 4399 1420 4482 cubo,

105 4497 212 4564 minor
235 4503 306 4561 erat
327 4495 398 4560 illo:
422 4497 513 4562 nulla
526 4498 622 4579 igitur
638 4495 782 4561 colurnua
803 4495 969 4578 sphaerae,
992 4493 1222 4578 quadratorum
1243 4489 1368 4554 basium
1390 4495 1423 4555 et

106 4585 369 4668 rectangulorum
390 4584 539 4666 laterum,
562 4585 743 4670 assequitur
759 4603 873 4668 corpus
896 4583 968 4648 cubi
983 4584 1015 4649 in
1037 4582 1145 4648 eadem
1159 4579 1311 4663 sphaera,
1335 4575 1422 4662 quod

107 4681 179 4742 eret
202 4673 496 4740 demonstrandum.

186 4786 271 4842 repca
283 4785 348 4840 open
360 4784 396 4826 rr.
836 4757 839 4764 '
1021 4795 1030 4818 ι
1178 4773 1213 4828 39
