3406 5542
238 273 304 342 292
737 283 1082 356 'memorassem

241 391 321 502 aurio
337 439 456 521 imperii
471 437 593 512 'liberii
608 436 727 500 seilicet
742 437 978 520 quintodecimo:
994 445 1067 502 tunc
1076 439 1155 503 enim
1169 437 1317 521 temporis
1329 438 1449 502 Judsea
1461 395 1592 520 praeter¹

238 527 395 604 Tiberium
408 527 573 593 Caesarem
582 526 754 593 Romanum
768 545 872 608 regern
885 547 944 590 uou
960 527 1101 591 babebat
1125 527 1203 590 Erat
1218 535 1319 591 autem
1328 529 1417 594 facile
1426 527 1465 592 D.
1474 527 1581 603 Lucae,

241 709 322 771 conti
337 709 382 770 rei
397 707 556 781 memoria,
578 705 657 788 quod
681 703 823 769 Christus
845 705 951 769 statim
974 727 993 773 a
1008 705 1159 788 baptismo
1181 707 1240 770 toti
1255 707 1340 788 genti
1353 707 1539 795 Judaeorcm
1553 713 1583 767 et

238 797 412 860 nationibus
428 794 709 876 circumjacentibus
725 796 883 875 stupendis
904 795 1057 858 miraculis
1077 795 1274 871 innotuissst3
1298 815 1364 859 cum
1385 795 1583 869 econtrario,

240 887 266 948 si
288 886 484 950 nativitatem
500 883 615 949 Christi
639 883 829 960 consideres,
850 902 911 946 non
926 885 968 947 sit
982 885 1160 960 verisimile,
1181 871 1305 968 praeter
1323 895 1454 948 matrem
1470 871 1583 948 Christi

239 993 407 1057 quenquam
425 981 499 1056 post
515 993 611 1036 annos
626 973 669 1036 30
685 980 719 1035 et
731 971 834 1058 plures
850 974 1024 1049 exstitisse,
1046 975 1096 1056 qui
1110 975 1285 1057 memoriam
1299 975 1414 1039 numeri
1429 991 1584 1048 annorum

238 1083 296 1146 quo
312 1071 404 1126 uatus
421 1061 578 1138 Christus,
601 1081 636 1125 eo
658 1081 752 1144 nsque
776 1064 1010 1126 conservaverit.
1047 1063 1194 1146 Adeoque
1209 1064 1325 1146 etipsa
1341 1062 1458 1128 Christi
1475 1062 1583 1125 domini
1678 1057 1681 1068 '

237 1153 335 1216 nostri
349 1153 461 1228 Mater,
477 1151 610 1234 quafuit
624 1151 775 1214 modestis
790 1159 823 1214 et
837 1151 1007 1216 humilitate
1022 1170 1138 1216 morum
1153 1171 1367 1234 sensuumque,
1388 1171 1451 1216 non
1466 1151 1584 1214 ridetur

237 1261 340 1305 curem
354 1241 497 1330 habui‘sqe
513 1241 627 1304 numeri
643 1259 789 1304 annorum
803 1236 935 1304 Herodis
957 1242 1048 1322 regis.
1093 1241 1146 1306 Sic
1161 1243 1240 1306 enim
1263 1247 1296 1304 et
1310 1242 1400 1305 hodie
1415 1241 1484 1307 fieri
1499 1240 1583 1303 uide·

235 1349 312 1407 mne,
327 1337 362 1392 ut
377 1350 468 1404 sexus
483 1326 655 1394 infirmioris
668 1337 829 1398 matronae
845 1331 998 1406 laudatae,
1015 1331 1211 1412 simplicitate
1222 1351 1278 1394 sua
1286 1338 1463 1406 contentae,
1478 1329 1584 1392 literas

235 1420 327 1502 vulgo
342 1439 403 1483 non
419 1421 576 1502 attingant
591 1427 645 1482 aut
665 1437 758 1501 parce
772 1427 928 1501 usurpent,
949 1437 1005 1484 nec
1021 1420 1093 1484 stifo
1109 1439 1256 1502 manuque
1272 1421 1423 1502 polleant,
1439 1437 1583 1502 praeser-

110 1503 116 1516 '
235 1511 292 1574 tim
314 1511 340 1572 si
361 1517 544 1591 paupertate
568 1527 732 1596 oppressae
757 1527 817 1572 non
842 1508 997 1572 abundent
1020 1509 1115 1573 adid
1139 1511 1219 1573 ctio:
1249 1511 1384 1592 adeoque
1406 1508 1485 1572 nihii
1500 1507 1583 1590 pensi

140 1639 151 1658 .
237 1599 384 1674 habeant,
400 1607 492 1682 quoto
509 1618 588 1662 anno
605 1617 695 1662 aerae
710 1597 826 1661 usualis
841 1599 1005 1682 quemlibet
1021 1598 1182 1662 liberorum
1195 1599 1380 1680 pepererint
1411 1597 1497 1664 Cura
1511 1596 1584 1660 haec

99 1687 106 1724 ³
234 1695 359 1769 patrum
374 1690 471 1770 magis
487 1688 611 1769 propria
627 1695 690 1764 est,
712 1687 761 1769 qui
784 1705 821 1750 ne
837 1688 896 1768 ipsi
918 1688 1035 1770 quidem
1051 1707 1155 1752 omnes
1170 1689 1347 1770 minimeque
1363 1687 1443 1752 fabri
1466 1694 1500 1750 et
1519 1686 1583 1768 opi-

235 1779 309 1840 dces
326 1777 366 1844 ad
380 1777 552 1858 huiusmodi
566 1778 731 1842 attendunt
736 1796 746 1851 ;
763 1775 817 1838 sed
827 1778 890 1839 fere
904 1777 1020 1840 literati
1035 1783 1156 1841 tantum
1165 1786 1218 1840 aut
1231 1778 1343 1840 notarii
1359 1785 1415 1840 aut
1429 1793 1583 1839 commen-

236 1867 391 1929 tarienses
407 1873 461 1930 aut
477 1868 538 1930 alia
553 1866 736 1948 reipublicae
752 1866 876 1946 negotia
890 1873 1041 1929 curantes.

323 1955 385 2018 Est
401 1962 433 2018 et
448 1955 510 2021 elia
525 1955 709 2036 conjectura,
725 1973 802 2038 quae
816 1952 978 2018 verisimile
994 1955 1077 2031 facit,
1099 1955 1230 2019 defuisse
1245 1955 1468 2038 Evangelistae
1483 1953 1583 2018 Lucae

237 2051 378 2108 exactam
395 2045 598 2126 cognitionem
614 2045 684 2108 anni
699 2044 786 2125 regni
801 2045 941 2120 Herodis,
958 2063 1015 2128 quc
1032 2052 1123 2108 natus
1133 2046 1224 2108 fuerit
1235 2043 1391 2119 Christus,
1406 2043 1492 2126 quod
1506 2043 1583 2106 idem

234 2133 437 2215 Euangelista
444 2135 475 2198 in
483 2135 687 2216 descriptione
696 2133 974 2215 baptismiJoannis
984 2128 1115 2216 (quaein
1124 2152 1235 2198 anunm
1244 2134 1468 2215 quindecimum
1475 2129 1584 2196 hiberii

234 2219 357 2306 incidit)
373 2223 432 2286 hac
448 2223 594 2287 orationis
610 2225 707 2286 forma
721 2223 834 2286 utitur:
856 2223 902 2286 st
916 2224 983 2304 ipsc
996 2231 1065 2286 erat
1074 2223 1170 2306 ,ferres
1183 2224 1276 2305 quart
1289 2243 1447 2288 cocorum
1455 2223 1585 2305 sepina

233 2313 388 2395 incipieus
402 2333 443 2376 sc.
457 2313 648 2396 praedicare.
694 2311 826 2378 Constat
840 2331 922 2388 vero,
937 2313 963 2374 si
979 2313 1046 2394 quis
1061 2313 1146 2387 dicit·
1166 2331 1199 2375 se
1216 2331 1284 2376 esse
1300 2331 1450 2376 annorum
1466 2310 1585 2376 circiter
1692 2327 1694 2346 ι

234 2402 284 2464 uel
300 2402 386 2484 quasi
401 2403 544 2484 triginta,
567 2402 694 2465 eundem
709 2401 830 2466 iuterim
852 2401 921 2464 dum
943 2401 1001 2464 hoc
1016 2401 1091 2464 dicit
1112 2409 1241 2466 autnon
1256 2403 1369 2466 habere
1391 2402 1424 2466 in
1440 2399 1584 2464 memoris

236 2498 351 2554 certum
368 2509 458 2554 aerae
473 2492 589 2555 usualis
605 2511 724 2567 annum,
739 2507 796 2573 quo
812 2499 904 2554 uatus
919 2490 1018 2565 fuerit,
1033 2499 1088 2554 aut
1103 2492 1140 2554 de
1156 2510 1193 2554 eo
1207 2491 1267 2554 hac
1280 2491 1347 2555 vice
1362 2509 1423 2554 non
1441 2490 1584 2572 cogitare

235 2577 323 2651 Quae
338 2599 411 2643 vero
426 2581 488 2644 alia
509 2581 658 2646 matribus
673 2579 831 2642 inhaerere
848 2580 948 2643 solent
962 2581 993 2642 in
1008 2581 1167 2658 memoria,
1191 2581 1309 2644 seilicet
1328 2598 1406 2664 quae
1421 2580 1456 2644 in
1471 2578 1583 2643 natisi-

234 2676 334 2732 tatem
357 2670 499 2758 cujusque
522 2670 683 2734 liberorum
706 2687 828 2732 suorum
842 2669 1017 2745 inciderint,
1039 2676 1072 2733 et
1087 2687 1163 2752 qnae
1179 2669 1272 2733 fuerit
1285 2670 1438 2752 puerperii
1455 2669 1583 2742 fortuna,

236 2759 337 2822 omnia
352 2759 406 2822 illa
420 2759 601 2822 Matthaeus
617 2759 760 2823 etLucas
777 2777 814 2821 ex
830 2777 882 2820 ore
897 2758 1075 2822 benedictae
1085 2759 1221 2842 Virginis
1230 2759 1342 2822 Matris
1352 2759 1458 2840 ejusve
1468 2777 1582 2840 cogna-

234 2855 334 2910 torum
356 2848 518 2930 diligenter
540 2855 726 2929 exceperunt
754 2855 787 2923 et
808 2847 905 2910 literis
927 2848 1107 2930 consignata
1128 2849 1305 2929 posteritati
1328 2848 1582 2912 transmiserunt:

235 2937 368 3000 edictum
378 2935 522 3002 Caesaris
534 2937 677 3018 Augusti,
691 2943 726 3000 ut
735 2937 957 3001 describeretur
971 2939 1129 3001 universus
1144 2937 1234 3014 orbis,
1251 2937 1414 3020 adrentum
1427 2953 1584 3018 magorum

235 3026 423 3100 exoriente,
447 3026 585 3107 quodque
606 3027 677 3089 inde
700 3027 889 3089 occasionem
910 3025 1026 3089 invenit
1047 3027 1265 3090 infanticidium
1287 3026 1583 3090 Bethlehemiticum

233 3115 318 3177 Istae
333 3134 406 3206 vero
422 3134 483 3177 non
498 3121 618 3178 tantum
634 3135 667 3178 se
682 3115 758 3197 ipsis
771 3115 894 3180 maximi
909 3115 1052 3178 momenti
1065 3135 1116 3179 res
1132 3121 1204 3178 sunt
1218 3117 1327 3198 plenae
1341 3115 1502 3192 horroris,
1519 3121 1583 3178 stu·

75 3259 79 3272 .
179 3257 186 3270 ,
233 3203 317 3286 poris
332 3213 365 3266 et
381 3203 598 3280 admirationis,
614 3211 757 3286 totasque
772 3205 872 3279 urbes,
887 3205 1049 3280 territoria,
1064 3213 1182 3286 gentes,
1204 3205 1274 3288 quin
1289 3205 1349 3268 imo
1365 3195 1469 3268 totum
1484 3211 1582 3267 terra-

233 3311 300 3356 rum
315 3293 418 3356 orbem
434 3293 617 3356 attinentes:
642 3293 697 3356 sed
712 3311 789 3376 quae
804 3293 998 3374 peculiariter
1019 3301 1165 3374 parentes
1182 3291 1299 3358 Christi
1315 3302 1379 3357 tam
1394 3311 1495 3376 prope
1510 3291 1583 3356 teti-

234 3390 352 3463 gerunt,
367 3389 403 3444 ut
416 3381 602 3462 impossibile
611 3393 694 3464 'pene
711 3382 809 3459 fcerit,
824 3383 893 3446 illos
908 3401 1039 3465 unquam
1053 3389 1121 3446 tota
1136 3383 1203 3446 rita
1215 3384 1392 3448 memoriam
1407 3380 1583 3445 nativitatis

233 3471 287 3534 filii
302 3472 348 3535 sui
362 3471 439 3535 Jesu
453 3472 601 3547 recolere,
624 3472 694 3553 quin
709 3472 768 3534 hae
785 3472 1030 3535 circumstantiae
1053 3491 1187 3536 summae
1200 3472 1373 3536 evidentiae
1396 3471 1489 3535 simul
1508 3469 1582 3534 inci·

235 3559 350 3622 dorent
387 3561 457 3624 Non
479 3561 586 3623 mirum
601 3561 709 3641 igitur,
732 3567 898 3624 annotatas
914 3579 982 3624 esse
997 3560 1054 3624 has
1070 3563 1329 3637 circumstantias,
1352 3561 1500 3625 omissum
1514 3575 1582 3622 vero

234 3666 381 3712 annorum
404 3649 489 3730 regni
515 3667 685 3726 numerum,
708 3649 739 3712 in
762 3656 851 3714 tanta
873 3649 981 3733 quippe
1005 3651 1159 3732 utriusque
1181 3651 1225 3714 rei
1249 3649 1439 3714 diversitate.
1486 3649 1582 3715 Credo

234 3737 371 3820 equidem
387 3739 468 3800 tanti
482 3739 627 3801 momenti
642 3757 692 3800 res
709 3738 913 3803 coincidentes
931 3740 1050 3822 penitus
1066 3759 1232 3822 occupasse
1246 3747 1371 3803 mentes.
1385 3747 1419 3802 et
1435 3740 1582 3803 calamum

232 3825 508 3908 Evangelistarum,
524 3827 600 3890 adeo
617 3828 745 3910 quidem,
759 3836 795 3890 ut
810 3830 990 3911 superfluum
1005 3831 1186 3906 censuerint,
1203 3830 1302 3911 ipsum
1317 3829 1411 3892 etiam
1427 3843 1581 3892 numerum

233 3934 380 3979 annorum
395 3915 525 3979 Herodis
548 3923 713 3992 annotare;
743 3917 810 4000 quis
832 3917 911 3980 enim
933 3935 1050 3995 eornm,
1071 3919 1122 4002 qui
1137 3927 1210 3982 tunc
1225 3919 1375 3993 vixerunt,
1399 3918 1530 3985 audiam
1545 3915 1580 3980 de

234 4004 334 4068 edicto
343 4005 478 4086 Augusti
492 4023 548 4086 per
563 4011 661 4068 totum
675 4008 740 4070 fere
755 4014 905 4070 terrarum
920 4007 1023 4070 orbem
1037 4009 1239 4090 promulgato,
1254 4027 1316 4092 non
1331 4007 1439 4071 statim
1457 4015 1492 4070 at
1501 4015 1579 4069 tem·

231 4113 289 4175 pus
304 4101 338 4158 et
352 4103 466 4158 certum
483 4113 594 4166 annum
608 4096 653 4180 rei
669 4095 888 4159 famosissimae
904 4097 1012 4173 tenuit,
1027 4097 1066 4160 ab
1082 4115 1176 4181 eoque
1187 4097 1315 4161 termino
1331 4097 1479 4181 adusque
1490 4113 1579 4177 prae·

232 4191 350 4246 sentem
366 4202 452 4246 sunm
467 4203 577 4247 annum
592 4186 737 4266 temporis
751 4185 906 4268 interjecti
914 4185 1050 4250 rationes
1065 4205 1121 4250 usu
1135 4187 1365 4270 postulante'de
1375 4187 1462 4250 faciti
1478 4201 1579 4249 secum

232 4269 299 4353 ipso
317 4272 438 4354 exigere
454 4273 577 4353 potuit?

319 4361 361 4426 Hi
375 4361 468 4444 igitur
484 4362 603 4426 omnino
620 4368 691 4425 sunt
707 4364 909 4442 characteres,
924 4363 1001 4429 haee
1016 4365 1197 4430 dcccmsma
1212 4383 1232 4428 a
1247 4365 1363 4430 duobus
1372 4361 1579 4446 Evangelistr's

232 4449 320 4514 nobis
343 4451 553 4532 suppeditata,
585 4471 624 4514 ex
645 4452 752 4534 quibua
776 4453 923 4536 genuinus
955 4473 1052 4519 annus
1077 4455 1250 4519 nativitatis
1275 4454 1391 4520 Christi
1414 4451 1579 4518 intemcsci

232 4539 437 4621 temporisque
454 4540 492 4603 ab
508 4541 560 4604 illo
576 4541 682 4604 adnos
697 4561 791 4624 usque
806 4543 884 4624 lapsi
894 4543 974 4606 ratio
990 4545 1115 4610 subduci
1129 4545 1235 4608 debet:
1261 4541 1296 4627 l)
1312 4545 1473 4626 imperium
1480 4545 1577 4608 Hem·

233 4626 288 4702 dis,
312 4621 348 4710 2)
364 4629 496 4714 edictum
508 4629 651 4693 Caesaris
660 4631 803 4712 Augusti,
819 4627 856 4713 3)
873 4632 1023 4698 adventus
1032 4651 1189 4718 magorum
1203 4641 1236 4698 et
1250 4633 1473 4698 infanticidium
1482 4631 1577 4698 Beth·

231 4713 444 4793 lehemitieum,
467 4712 504 4799 4)
521 4717 651 4800 denique,
664 4727 753 4783 aetas
764 4719 880 4784 Christi
895 4740 990 4804 prope
1005 4743 1088 4801 vera,
1103 4723 1222 4808 quaudo
1230 4723 1417 4806 baptismate
1434 4746 1454 4787 a
1463 4723 1577 4788 Joanns

232 4811 374 4885 suscepto
389 4804 627 4886 praedicationis
644 4827 717 4872 suae
731 4810 806 4872 fecit
819 4809 946 4874 initium.
