3390 5542
287 255 349 316 612
842 255 957 308 Socanda
973 257 1043 310 Pars.

285 440 366 505 parte
395 437 429 490 de
458 435 629 506 longitudine
657 437 772 490 tabulae
802 442 915 494 utantur
941 453 992 506 pro
1012 435 1213 490 semidiametro
1234 435 1306 490 orbis
1326 433 1419 506 lignei.
1461 437 1534 492 Nam
1552 437 1620 490 hac,

285 515 390 570 ratione
410 517 449 578 lit,
470 522 502 569 ut
522 515 653 586 cylinder,
674 515 745 571 inter
765 517 832 570 duos
853 518 934 571 orbes
948 517 1055 588 ligneos
1075 522 1166 570 mente
1182 509 1367 577 adumbratus,
1387 516 1602 586 quamproxime

284 595 389 649 habeat
409 598 476 650 duas
496 595 666 658 medietates,
687 597 722 649 ad
741 598 869 667 regulam
900 595 1076 650 theorematis
1097 597 1129 650 V.
1152 597 1318 667 quadrantes
1344 603 1373 648 et
1389 597 1501 666 figurae
1523 612 1601 664 capa·

285 675 407 728 oissimae
427 675 582 744 participes,
605 675 657 728 etsi
678 692 696 729 a
712 675 880 744 perfectione
890 677 1007 746 regulae
1018 676 1139 730 nonnihil
1148 678 1286 730 recedant.
1313 675 1382 729 Nam
1390 676 1500 746 figurae
1522 675 1601 738 aliae,

284 755 448 810 terminatae
468 757 502 808 ad
524 757 626 824 puncta
646 754 697 825 ipsi
718 757 742 808 G
762 756 890 825 proxima
910 756 948 810 cis
968 762 997 808 et
1016 758 1099 818 ultra,
1120 755 1257 810 minimum
1276 755 1385 810 variant
1411 755 1602 825 capacitatem,

284 835 348 905 quia
368 833 506 902 capacitas
525 835 633 905 figurae
653 835 724 890 AGC
746 835 869 889 maxima
889 837 945 889 est:
972 835 1044 889 circa
1071 823 1219 889 maximam
1245 833 1309 890 vero
1336 834 1464 906 dtrinque
1490 836 1601 888 circum-

283 909 387 966 stantes
409 915 584 968 decrementa
605 915 710 968 habeut
730 915 806 968 initio
826 914 1000 969 insensibilia.
1231 967 1233 978 ,

335 1055 339 1065 ⁸
370 994 402 1047 ln
418 993 556 1046 schemate
573 995 618 1048 24.
641 994 687 1047 CG
703 997 737 1048 ad
755 995 804 1050 GA
824 995 928 1048 habeat
947 994 1081 1048 rat-ionem
1102 994 1288 1063 semiduplam,
1310 1009 1369 1046 eam
1389 1009 1497 1064 nempe,
1520 1009 1600 1064 quam

286 1059 399 1128 rooooo
422 1075 456 1126 aa
480 1073 571 1128 corn
597 1071 632 1138 1.
643 1095 704 1129 a:
724 1052 921 1140 tt÷1=1=0‚
930 1073 1043 1142 rona,
1065 1074 1274 1143 duplicarant}
1301 1089 1338 1126 οι
1358 1073 1411 1127 um
1431 1075 1538 1144 regua
1557 1075 1601 1126 ae-

282 1154 368 1206 hebat
386 1153 490 1206 habere
513 1154 643 1214 141422;
670 1159 701 1206 at
719 1154 837 1206 victores
858 1170 907 1223 pro
928 1155 979 1207 hoc
999 1161 1109 1206 sumunt
1128 1153 1324 1225 longitudinem
1347 1155 1472 1215 150000,
1495 1154 1598 1222 sebqui·

282 1235 398 1288 alteram
424 1233 507 1294 basis,
534 1249 582 1300 pro
607 1233 778 1302 longitudine
804 1234 917 1288 tabulae
938 1235 1001 1296 GA,
1022 1236 1092 1303 quod
1114 1236 1195 1302 paulo
1215 1235 1278 1302 plus
1298 1239 1350 1294 est,
1371 1248 1452 1302 quam
1476 1234 1601 1288 141422.

281 1315 319 1366 Et
338 1313 390 1365 hoc
410 1313 496 1383 ipsum
518 1313 585 1366 lacit
604 1315 639 1366 ad
659 1316 766 1383 figurae
787 1313 981 1382 capacissimae
997 1313 1175 1367 imitationem
1194 1313 1397 1367 accuratiorem.
1426 1314 1502 1366 Nam
1524 1314 1601 1365 tabu·

281 1395 326 1446 lae
349 1398 378 1445 et
398 1401 547 1446 curvantur
569 1400 598 1446 et
617 1393 786 1464 marginibus
806 1394 933 1464 utrinque
954 1399 1066 1446 exstant
1087 1400 1115 1446 et
1130 1399 1293 1462 procurrunt
1312 1410 1394 1462 super
1414 1409 1524 1454 arenas,
1546 1393 1601 1462 qui·

281 1474 331 1526 bus
352 1473 464 1542 capiunt
485 1478 514 1525 et
534 1472 673 1542 stringunt
692 1475 772 1527 orbes
792 1473 906 1542 ligneos.
938 1473 1015 1534 Quod
1030 1472 1116 1542 igitur
1137 1473 1246 1526 nimium
1267 1479 1309 1525 est
1329 1472 1356 1524 in
1370 1473 1422 1524 hac
1441 1473 1601 1526 tabularum

281 1552 467 1622 longitudine,
496 1569 567 1622 quae
596 1557 638 1604 est
663 1554 697 1605 ad
728 1553 889 1606 diametrum
918 1553 991 1605 basis
1022 1552 1049 1606 in
1078 1553 1253 1622 proportione
1283 1550 1476 1622 sesquialtera,
1509 1551 1537 1604 id
1562 1551 1602 1603 his

249 1677 255 1692 ,
280 1632 448 1702 marginibus
479 1633 641 1701 imputatur,
671 1631 717 1702 qui
746 1632 774 1686 in
800 1631 1002 1686 examinatione
1022 1633 1130 1702 figurae
1157 1635 1193 1685 ad
1222 1633 1348 1702 regulam
1367 1631 1549 1686 theorematis
1569 1631 1600 1684 V.

192 1761 205 1780 ,
234 1753 237 1760 ι
280 1729 333 1765 101
354 1713 546 1765 censebantur.

368 1791 434 1853 Quis
454 1797 552 1862 neget,
579 1797 736 1845 naturam
763 1790 934 1845 instinctu
964 1793 1053 1855 solo,
1086 1791 1161 1844 sine
1185 1791 1289 1844 etiam
1315 1789 1603 1850 ratiocinatione,

280 1873 402 1925 docere
428 1870 670 1940 geometriam,
705 1887 765 1925 cum
790 1870 908 1924 victores
935 1871 1021 1924 nostri
1038 1871 1104 1925 solis
1124 1871 1209 1925 oculis
1231 1877 1259 1923 ot
1279 1869 1379 1938 speciei
1398 1870 1603 1939 pulchritudine

276 1951 362 2014 ducti,
384 1950 588 2020 capacissimam
608 1950 636 2004 in
657 1951 795 2006 dimidiato
816 1951 887 2004 dolio
907 1953 1025 2020 liguram
1045 1951 1199 2020 exprimere
1219 1950 1377 2004 didicerint?
1402 1951 1528 2004 Prodest
1537 1966 1604 2019 geo·

280 2037 369 2084 metra
395 2032 548 2101 doceatque
574 2029 724 2084 faciliorem
749 2031 905 2086 methodum
937 2031 1111 2085 construendi
1140 2030 1213 2093 dolii,
1234 2031 1305 2100 quod
1325 2029 1438 2084 dimidia
1458 2030 1503 2082 sui
1524 2035 1605 2097 parte

281 2113 315 2164 ad
337 2110 542 2180 capacissimum
568 2111 720 2180 cylindrum
746 2109 857 2180 propius
889 2112 1012 2173 accedat
1040 2127 1121 2180 quam
1141 2117 1184 2164 est
1204 2111 1273 2164 haec
1293 2109 1360 2178 ipsa,
1381 2125 1462 2180 quam
1482 2109 1605 2162 victores

279 2191 417 2246 Austriaci
447 2207 483 2243 ex
513 2190 623 2260 antiquo
653 2196 756 2254 tenent,
785 2190 969 2259 proportionis
997 2190 1208 2260 sesquialterae:
1236 2192 1334 2243 doceat
1360 2189 1430 2243 idem
1456 2196 1605 2260 geometra

280 2271 396 2342 figuram
426 2272 461 2323 ad
491 2271 678 2340 compendiose
707 2271 916 2324 mensurandum
948 2269 1095 2340 aptiorem,
1131 2287 1212 2341 quam
1246 2274 1289 2322 est
1307 2259 1378 2331 illa,
1408 2269 1492 2340 quam
1523 2269 1604 2322 struit

280 2351 399 2405 Austris.
1096 2375 1098 2382 v
1400 2356 1404 2396 ἰ

368 2429 486 2484 Credere
505 2435 637 2498 poteram,
659 2429 798 2483 exstitisse
818 2429 881 2483 olim
894 2428 1156 2498 praestantissimum
1178 2429 1295 2500 aliquem
1315 2427 1470 2484 industria
1492 2444 1603 2497 geome-

280 2516 359 2575 tram,
389 2509 434 2580 qui
459 2509 577 2563 victores
602 2509 656 2563 ista
679 2509 814 2573 docuerit,
834 2509 886 2562 nisi
913 2525 956 2562 me
982 2509 1034 2563 hoc
1053 2509 1219 2571 retinuisset,
1241 2510 1312 2579 quod
1332 2508 1536 2578 pulcherrimae
1558 2510 1603 2560 de·

279 2589 480 2643 monstrationis
506 2589 626 2660 vestigia
650 2590 774 2658 nuspiam
800 2595 912 2644 exstant
944 2589 971 2642 in
1004 2589 1081 2644 libris
1112 2596 1330 2659 geometrarum,
1363 2589 1491 2658 quodque
1531 2589 1603 2642 ratio

280 2671 349 2723 haec
374 2669 545 2723 construendi
576 2669 648 2734 dclii,
676 2670 747 2739 quod
768 2669 892 2740 equidem
913 2668 1010 2730 sciam,
1037 2671 1071 2722 'ad
1095 2670 1220 2723 Rhenum
1241 2662 1387 2738 ceteraque
1407 2670 1471 2722 loca
1491 2668 1605 2721 vitifera

279 2749 385 2804 usitata
404 2767 457 2803 non
478 2757 532 2809 esa
555 2749 612 2803 lere
633 2749 703 2804 enim
723 2749 850 2818 longiora
869 2749 943 2802 dolia
963 2748 1100 2802 factitant.
1132 2749 1210 2810 Quod
1234 2749 1319 2818 igitur
1330 2748 1439 2816 publice
1460 2755 1604 2816 receptam

279 2842 332 2883 non
353 2836 404 2892 est,
425 2830 471 2899 qui
491 2829 576 2898 possit
596 2845 656 2882 esse
676 2828 830 2893 verisimile,
851 2847 888 2882 ex
907 2828 985 2882 libris
1007 2835 1057 2882 aut
1076 2829 1247 2884 institutione
1262 2835 1467 2899 geometrarum
1489 2825 1528 2882 ab
1550 2845 1605 2882 una

281 2912 340 2964 sola
359 2909 470 2963 natione
491 2908 607 2977 petitum
628 2913 727 2964 asael,

840 3045 1034 3119 Admmsitioss

368 3178 444 3255 Quis
467 3186 535 3244 tam
557 3183 606 3243 est
626 3178 752 3262 ingenio
780 3177 958 3262 perspicaci
985 3184 1018 3243 et
1045 3179 1277 3260 circrrmspeoto,
1302 3179 1357 3260 qui
1379 3176 1547 3242 eluctatus
1569 3201 1607 3243 er

278 3267 522 3333 hallucinatione
550 3269 629 3348 ista,
659 3288 725 3350 qua
750 3266 964 3351 cylindrorum
986 3267 1118 3332 eandem
1141 3267 1309 3350 diagonium
1331 3265 1522 3332 habentium
1544 3268 1606 3334 illia

279 3357 450 3422 marimum
473 3378 594 3439 corpus,
611 3355 779 3434 tribuerat,
803 3355 921 3438 quibus
943 3361 992 3420 est
1014 3376 1090 3421 area
1105 3357 1245 3420 maxima
1259 3355 1407 3420 sectionis
1422 3377 1486 3438 per
1502 3376 1606 3436 uam,

279 3451 452 3528 postquam
467 3445 588 3524 didicit,
611 3446 648 3508 iis
664 3444 813 3526 cylindris
836 3445 1097 3516 esse,marimum
1112 3463 1239 3528 corpus,
1262 3445 1293 3509 in
1315 3443 1431 3527 quibus
1447 3444 1606 3510 diameter

279 3533 365 3598 basis
386 3541 434 3598 est
456 3534 635 3616 semidupla
656 3533 841 3612 altitudinis,
866 3553 923 3614 per
945 3533 990 3598 th.
1022 3533 1082 3599 hoc
1103 3533 1141 3612 V,
1163 3534 1203 3598 iis
1225 3554 1317 3611 vero,
1341 3534 1398 3615 qui
1419 3532 1524 3598 lineas
1547 3533 1605 3598 has

279 3620 419 3686 habeant
441 3621 601 3704 aequales,
626 3642 734 3686 aream
757 3622 903 3686 sectionis
926 3643 995 3687 essa
1009 3621 1190 3698 maximam,
1214 3641 1272 3706 per
1294 3623 1338 3686 th.
1362 3621 1387 3684 Ι.
1410 3621 1508 3706 hujus
1531 3645 1604 3706 par-

279 3711 338 3783 tis:
362 3715 395 3774 11
416 3732 489 3774 vero
512 3712 645 3776 caudam
664 3731 733 3774 esse
756 3710 839 3774 circa
861 3730 953 3786 areas
976 3715 1009 3774 et
1023 3716 1212 3776 truncorum
1227 3711 1406 3776 canicorum
1429 3711 1603 3788 rationem,

271 3790 338 3883 ‘per
360 3798 406 3862 th.
429 3797 469 3863 ll.
493 3799 606 3883 hujus:
638 3800 704 3882 qui,
728 3800 873 3880 inquam,
903 3797 951 3862 his
981 3801 1175 3883 perspectis,
1207 3821 1270 3864 non
1300 3801 1409 3864 statim
1441 3801 1543 3865 ctiam
1565 3801 1606 3866 de

280 3907 414 3969 corpore
435 3891 540 3954 trunci
561 3888 660 3954 conici
682 3895 863 3972 praesumat
884 3887 982 3967 idem,
1006 3889 1094 3972 quod
1117 3888 1156 3952 de
1178 3909 1310 3970 corpora
1332 3887 1482 3972 cylindri,
1516 3889 1606 3972 quod

281 3975 402 4040 scilicet
415 3977 520 4040 «etiam
543 3978 648 4042 trunci
669 3975 769 4042 conici
790 3971 873 4041 illius
897 3997 1013 4058 corpus
1036 3977 1079 4041 sit
1100 3978 1282 4051 maximum,
1308 3979 1339 4042 in
1354 3999 1420 4060 quo
1444 3977 1605 4042 diameter

280 4064 366 4130 basis
394 4066 524 4130 minoris
555 4066 597 4129 sit
627 4066 729 4148 dupla
757 4064 869 4130 lateris
898 4065 1047 4148 acclivis?
1084 4065 1190 4149 Atque
1211 4066 1243 4130 id
1266 4085 1324 4147 ego
1346 4072 1379 4130 et
1401 4065 1525 4132 credidi
1548 4087 1606 4151 per

280 4153 365 4218 hunc
387 4154 616 4236 sesquiannum
639 4159 672 4218 et
694 4160 821 4219 secutus
843 4175 923 4232 sum,
951 4158 1083 4239 jamque
1101 4156 1138 4230 jn
1160 4155 1223 4218 hoc
1242 4175 1337 4233 eram,
1360 4161 1397 4219 ut
1420 4154 1484 4219 hoo
1508 4156 1605 4219 nixos

219 4246 223 4254 ’
280 4241 484 4308 fundamento
506 4244 592 4310 dolia
613 4243 795 4308 Rhenensia
816 4243 993 4327 promiscue
1013 4243 1127 4320 omnia
1149 4244 1218 4306 siue
1236 4241 1415 4308 discrimine
1430 4243 1604 4322 ventrium,
1678 4283 1679 4306 t

281 4331 457 4396 Austriacis
468 4339 691 4416 postponerem
709 4332 742 4396 in
754 4332 940 4415 capacitatis
952 4351 1097 4396 censura:
1123 4331 1210 4414 quod
1226 4331 1318 4396 nulla
1329 4331 1460 4414 quidem
1471 4333 1607 4397 illorum

282 4439 353 4482 cum
374 4421 486 4505 injuria
507 4420 659 4498 iecissem,
683 4421 739 4484 sed
762 4427 870 4485 tamen
888 4419 961 4504 jure
983 4441 1047 4485 non
1063 4419 1202 4503 aequali.
1247 4417 1363 4503 Itaque
1381 4423 1606 4488 commoditati

280 4506 510 4589 typographiae
531 4510 710 4593 praesentis
726 4515 891 4593 acceptum
906 4507 983 4586 fero,
1007 4508 1094 4591 quod
1115 4529 1227 4572 auram
1242 4509 1294 4574 hic
1307 4509 1404 4573 misit
1422 4509 1605 4592 geometria
1678 4565 1679 4582 2

183 4591 187 4602 '
283 4595 450 4660 editionem
466 4599 600 4677 curanti,
623 4597 853 4679 sequentiaque
875 4594 1084 4678 theoremata,
1106 4597 1194 4662 velut
1213 4598 1359 4683 augendo
1374 4600 1604 4683 supplemento

283 4682 324 4748 ad
347 4683 575 4766 Archimedem,
589 4684 666 4750 mihi
688 4685 920 4768 suppeditavit;
945 4683 1058 4768 quibus
1082 4685 1174 4750 simul
1197 4687 1300 4752 altera
1310 4687 1484 4774 multoque
1496 4691 1604 4777 priora

282 4768 453 4836 mirabilior
476 4773 656 4856 proprietas
679 4773 756 4838 dolii
778 4773 937 4840 ,11101101
958 4774 1108 4840 traditur.
