3406 5542
692 351 775 419 capue
785 353 804 404 1.
828 352 938 406 nesea.
1278 390 1280 398 ,
1333 368 1336 386 ·
1383 369 1387 386 ·
1421 335 1485 406 287
1540 335 1544 340 “

144 501 192 558 ter
206 515 263 558 nos
279 493 397 560 Christi
413 487 592 577 discipulos)
604 493 701 577 plena
708 496 776 578 fide
796 505 826 561 et
839 505 930 562 caira
945 517 1061 562 ornnem
1076 497 1279 563 dubitationis
1292 497 1341 564 vel
1354 500 1484 564 iocati-

144 585 265 648 ardinio
280 583 386 649 oleam
400 581 522 667 liquido
538 592 673 660 cosletot,
703 587 784 650 sicta
804 588 1001 651 tradiderunt
1014 588 1110 662 nobb,
1133 589 1188 670 qui
1202 591 1241 652 ab
1254 590 1345 652 initio
1360 591 1425 672 ipsi
1438 591 1484 654 ci-

143 673 258 738 dmmt
271 682 302 736 et
315 675 597 758 ministrisremmt
608 678 774 740 emnam:
791 677 943 740 mmmeet
957 685 986 740 et
999 679 1077 742 olibi
1091 685 1230 743 assecuto
1246 680 1351 742 omnio
1365 680 1485 762 aprin-

143 765 228 844 cipio
251 762 418 847 dilipenter
439 783 478 828 erc
500 765 610 828 ordine
632 765 689 827 tibi
708 768 855 842 scribes,
879 768 991 849 optineo
1008 766 1191 850 Theophila:
1215 776 1253 832 ut
1273 763 1354 850 (ipse
1369 789 1485 851 quoque

143 861 244 915 tecum
254 854 285 916 in
295 847 464 936 cordetuo)
474 874 658 928 mmmm,
669 855 827 937 deputabas
837 851 971 936 (tantum
982 859 1019 920 ab
1029 858 1095 920 aliis
1106 859 1260 922 extraneis
1270 853 1486 940 institutuset)

142 942 287 1006 meditere
302 964 344 1018 ee,
359 943 518 1007 veritatem
532 952 561 1006 et
574 945 907 1009 commessatorem*
917 966 1090 1030 cognoscas.

233 1032 347 1107 Vides,
366 1051 505 1115 quorsum
526 1034 728 1115 Evangelista
749 1037 920 1116 respexerit
940 1036 971 1098 in
993 1042 1136 1099 accurata
1158 1036 1327 1116 digestione
1350 1043 1382 1100 et
1402 1055 1485 1100 com-

140 1121 297 1202 positione
312 1122 458 1186 historiae
475 1123 512 1184 de
529 1120 668 1188 Christo:
697 1132 732 1187 ut
747 1124 865 1186 scilicet
880 1125 1064 1210 Theophilus
1079 1145 1150 1188 suus
1166 1145 1226 1188 non
1242 1133 1362 1188 tantum
1376 1146 1485 1190 narra-

142 1211 279 1274 tionibus
295 1210 443 1276 inuitatur
458 1213 652 1293 promiscuis,
674 1215 729 1277 scd
745 1213 781 1276 de
796 1214 928 1276 veritate
943 1215 1101 1277 rei‘seoum
1117 1213 1183 1294 ipso
1203 1221 1290 1277 tauto
1307 1215 1361 1276 liat
1376 1216 1486 1277 confir·

141 1301 265 1364 matior.
310 1300 394 1364 Nihil
416 1301 519 1383 itaque
542 1302 674 1380 dubites,
700 1322 815 1366 omnem
836 1304 1079 1367 circumstantiae
1102 1305 1245 1384 temporis
1268 1303 1488 1379 enodationem,

141 1390 338 1472 quantumvis
353 1409 414 1454 non
429 1410 562 1472 semper,
584 1411 644 1456 non
660 1393 782 1476 ubique,
803 1414 863 1457 non
879 1393 1032 1475 unicuique
1048 1394 1221 1456 necessaria
1237 1394 1291 1468 sit,
1307 1393 1347 1456 ad
1362 1393 1488 1457 eundem

140 1485 249 1543 tamen
265 1497 396 1561 scopum.
411 1499 461 1562 qm
453 1480 694 1562 'Evangelistae
708 1484 883 1565 propositus
900 1491 976 1558 erat,
991 1483 1150 1546 collimare.

230 1569 313 1662 ¹llam
338 1570 397 1632 etsi
413 1570 471 1633 hac
486 1570 609 1635 Domini
632 1579 664 1634 et
678 1573 737 1635 Dei
759 1573 856 1636 nostri
871 1579 1001 1655 paterna
1021 1573 1110 1654 plane
1127 1571 1344 1646 sollicitudine,
1365 1570 1447 1634 hac
1438 1591 1487 1634 m-

141 1677 234 1740 quam
230 1647 455 1736 descriptione
477 1660 771 1727 circumstantiarum
786 1660 844 1726 loci
861 1671 893 1725 et
907 1663 1064 1744 temporis,
1086 1668 1205 1726 tantum
1227 1663 1365 1724 ellectum
1382 1667 1439 1737 est,
1454 1668 1497 1752 ut

141 1747 299 1852 primitiva
315 1749 444 1812 ccclesia
466 1767 627 1834 omnesque
650 1751 727 1814 adeo
743 1752 889 1856 temporis
909 1752 990 1815 illius
1005 1752 1153 1826 homines,
1172 1758 1264 1814 extre
1279 1750 1372 1814 etiam
1388 1751 1487 1815 ecclc.-

142 1838 221 1901 siam
236 1837 438 1920 quantumvis
453 1839 620 1904 doctissimi
635 1841 690 1902 et
681 1841 929 1923 ingeniosissimi,
952 1841 988 1904 de
1008 1841 1154 1904 historica
1168 1840 1335 1922 ¹Evangelii
1357 1841 1488 1904 veritate

142 1934 252 1990 esseut
267 1929 429 1992 certissimi
445 1935 476 1990 et
492 1929 760 2012 confirmatissimi:
785 1932 861 1994 adeo
877 1939 912 1993 ut
926 1931 1129 1994 Tertullianus
1145 1930 1371 2012 antiquissimus
1387 1929 1487 1993 eccle-

142 2017 208 2080 siae
234 2017 366 2098 scriptor
388 2019 575 2082 Marcionem
597 2019 799 2095 haereticum,
824 2022 873 2103 qui
898 2021 1058 2084 veritatem
1083 2020 1182 2084 carnis
1206 2018 1321 2083 Christi
1344 2020 1490 2100 negabat,

141 2106 401 2170 confidentissime
418 2108 561 2189 ablegare
583 2110 718 2189 potuerit
737 2110 777 2173 ad
799 2109 920 2173 tabulas
943 2129 1084 2174 censuum
1098 2108 1303 2173 Romanorum
1325 2109 1365 2171 ad
1379 2109 1487 2192 explo-

141 2196 272 2260 randam
288 2196 378 2259 tidem
391 2197 596 2280 Evangelicae
611 2199 771 2261 historiae:
794 2200 909 2269 factum
924 2207 1026 2262 tamm
1042 2207 1089 2274 ast
1103 2199 1196 2280 longa
1211 2203 1348 2262 aetatum
1363 2216 1487 2262 succes-

143 2288 240 2361 sione,
254 2293 418 2368 postquam
432 2287 594 2350 memoriae
604 2307 703 2350 rerum
710 2289 833 2356 illarum
842 2297 998 2371 gestarum
1013 2291 1183 2370 formaeque
1193 2287 1487 2368 rerumpublicarum,

143 2394 221 2457 quae
239 2383 313 2437 tuno
329 2383 427 2451 erant,
442 2377 588 2457 paulatim
604 2377 787 2441 obliteratae
796 2379 926 2454 luerunt,
940 2380 1068 2442 maxime
1083 2383 1155 2459 p'ost
1170 2376 1357 2440 eversionem
1372 2376 1488 2458 imperil

143 2465 293 2540 Romani,
316 2465 372 2528 suh
395 2485 452 2546 quo
473 2465 594 2530 Judaea
616 2468 731 2542 iuerat,
759 2473 794 2529 ut
815 2467 974 2532 occasione
998 2468 1086 2548 hujus
1105 2467 1200 2550 ipsius
1221 2465 1488 2547 Evangelistarum

146 2553 334 2635 diligentiae,
350 2573 439 2636 quam
449 2555 651 2620 adhibuerunt
659 2555 691 2618 in
699 2557 913 2636 consignandis
929 2557 1164 2620 circumstantiis
1173 2556 1346 2619 nativitatis
1363 2554 1505 2631 Christi,-

146 2645 214 2706 nori
223 2663 343 2706 errores
352 2645 529 2722 existerent,
543 2645 574 2708 in
583 2646 787 2728 quosvelntin
795 2647 935 2727 scopulos
944 2645 1059 2727 aliquos
1069 2645 1236 2727 impingunt
1246 2644 1392 2725 juvenilia
1399 2644 1487 2727 inge·

145 2735 204 2809 nia,
212 2734 320 2815 quibus
330 2733 502 2817 ignorantia
510 2753 610 2798 rerum
619 2735 721 2799 varias
732 2735 927 2816 suspiciones,
938 2755 1062 2799 acumen
1070 2736 1206 2810 rationis,
1215 2733 1355 2798 fiduciam
1366 2734 1411 2796 sui
1420 2735 1488 2815 ple-

146 2843 215 2886 nam
231 2823 418 2886 temeritatis
435 2825 624 2905 suppeditat;
642 2825 748 2906 quibus
763 2825 807 2888 illi
823 2825 997 2888 ductoribus
1012 2825 1151 2906 pessimis
1165 2825 1196 2887 in
1211 2821 1391 2905 praecipitia
1405 2823 1488 2904 peri-

146 2913 336 2976 culosissima
352 2912 573 2976 dubitationum
596 2914 632 2977 de
647 2915 780 2978 veritate
801 2915 947 2978 historiae
961 2914 1164 2996 Evangelioae
1185 2913 1375 2976 seducuntur.
1420 2910 1489 2984 Qua
1518 2939 1525 2950 ι

145 3002 175 3064 in
191 3001 383 3065 dubitatione
399 3010 611 3086 contemtuque
634 3023 821 3068 cumrerum
842 3005 1023 3068 creditarum
1045 3013 1108 3068 tum
1129 3003 1313 3066 credentium
1334 3002 1378 3065 illi
1400 3009 1488 3065 tanto

145 3091 244 3172 magis
260 3092 489 3168 confirmantur,
516 3093 542 3156 si
557 3093 691 3158 viderint
704 3094 929 3176 quosdam,.qui
943 3101 1089 3176 praesunt
1104 3092 1260 3168 ccclesiae,
1279 3092 1376 3155 bonos
1390 3091 1489 3172 magis

145 3199 236 3263 quam
250 3181 394 3262 providos
417 3189 450 3245 et
464 3182 713 3266 circumspectos,
736 3203 828 3266 saepe
844 3184 936 3248 etiam
957 3183 1164 3248 imbecillitate
1182 3181 1288 3262 judicii
1302 3182 1488 3256 laborantes,

145 3272 211 3334 nelo
226 3270 358 3352 quodam
379 3272 430 3352 pio
445 3280 607 3353 provectos
622 3273 765 3336 resistere
788 3273 1083 3337 circumstantiarum
1105 3275 1211 3336 harum
1225 3271 1429 3354 inquisitioni;
1450 3289 1487 3334 ne

145 3360 265 3423 scilicet
288 3360 422 3443 dignitas
444 3361 592 3424 historiae
615 3382 721 3426 sacrae
743 3362 941 3426 ventilatione
963 3363 1030 3438 hac,
1052 3370 1087 3426 ut
1106 3363 1149 3426 illi
1171 3367 1290 3445 putant,
1311 3361 1489 3443 profanetur

119 3511 122 3516 r
145 3458 199 3513 aut
220 3448 350 3513 ludibrio
366 3458 545 3542 exponatur.
588 3453 685 3514 Hoc'
677 3469 774 3532 1psum
790 3452 868 3514 euim
891 3453 1049 3534 suspiciosi
1040 3452 1108 3516 'illi
1131 3457 1308 3525 causantur,
1330 3449 1388 3513 hoc
1409 3449 1489 3512 inter

144 3558 256 3602 causas
279 3557 347 3602 esse
368 3527 527 3603 clamitant
549 3541 743 3604 confirmatae
767 3542 830 3602 et
821 3561 852 3602 m
874 3541 981 3621 vulgus
998 3539 1238 3605 Christianorum
1260 3547 1400 3643 receptae
1416 3558 1488 3621 per-

145 3627 299 3692 suasionis
320 3628 357 3690 de
373 3628 501 3692 historia
515 3630 709 3733 Evapgelica.
755 3629 835 3692 Sunt
850 3629 901 3692 alii
916 3630 963 3692 his
980 3629 1139 3705 contrarii,
1161 3648 1220 3692 non
1235 3629 1353 3692 omnino
1370 3629 1490 3712 quidem

143 3717 227 3793 mali,
243 3716 403 3799 suspiciosi
418 3725 520 3782 tamen
539 3720 593 3781 et'
586 3719 658 3800 rpsi;
674 3719 782 3802 quippe
799 3737 923 3800 quorum
938 3720 1014 3782 haec
1030 3725 1079 3782 est
1093 3726 1211 3794 natura,
1226 3725 1261 3781 ut
1276 3719 1347 3780 siin
1361 3717 1490 3782 historia

143 3806 357 3889 Evangelica'
344 3826 410 3886 Jam
424 3807 492 3870 inde
509 3830 528 3871 a
549 3807 695 3889 principio
711 3806 935 3871 Christianismi
956 3808 1057 3872 omnia
1071 3808 1208 3872 omnibus
1230 3807 1422 3872 exactissime
1438 3827 1489 3870 re-

145 3896 342 3979 sponderent,
363 3915 419 3960 nec
434 3897 592 3978 quicquam
607 3915 737 3978 unquam
749 3897 938 3992 disputatum
953 3905 1045 3973 esset,
1066 3904 1165 3962 totam
1179 3897 1224 3960 rei
1239 3897 1347 3961 seriem
1362 3916 1489 3979 suspec-

144 3994 209 4049 tam
224 3985 358 4048 habituri
374 3986 512 4062 fuissent,
527 3986 662 4069 adeoque
678 4005 717 4050 ex
731 3973 899 4068 composito
914 3987 1351 4070 mutuaqueEvangelistarum
1366 3985 1488 4068 conspi-

144 4075 265 4140 ratione
280 4075 526 4156 descriptam.

234 4163 313 4228 Cum
328 4165 431 4248 itaque
447 4172 561 4228 certum
576 4163 757 4240 habeamus,
779 4185 839 4229 non
861 4165 1006 4229 delectari
1022 4165 1120 4230 Deum
1142 4166 1317 4250 cujusquam
1338 4163 1489 4238 hominnm

145 4253 272 4318 interitu
288 4261 344 4316 aut
358 4272 473 4317 errore:
491 4255 562 4337 quin
577 4255 678 4335 potins
692 4254 724 4317 id
740 4273 862 4336 operam
878 4257 960 4331 dare,
975 4263 1010 4318 ut
1025 4263 1133 4319 contra
1146 4273 1352 4337 nnumcunque
1367 4252 1496 4334 hunam,

147 4345 260 4425 ingenii
276 4343 327 4406 vel
343 4343 493 4407 deiectum
504 4345 551 4408 vel
566 4345 680 4418 vitium,
696 4344 799 4426 quoin
816 4347 1009 4426 agnoscenda
1018 4346 1149 4408 veritate
1165 4345 1301 4428 impediri
1315 4344 1404 4404 homo
1414 4361 1487 4422 pos-

146 4434 194 4508 sit,
204 4433 670 4514 necessariaprocuretremedia
679 4435 779 4515 sicque
787 4433 1134 4511 reddatinexcusabiles,
1143 4437 1193 4518 qui
1204 4432 1406 4496 dubitationes
1417 4450 1488 4492 suas

145 4524 335 4604 perniciosas
351 4523 519 4603 pertinacia
534 4530 672 4587 tuentur:
697 4523 770 4585 nihil
787 4523 904 4598 dubito,
919 4525 989 4606 quin
1003 4525 1034 4586 in
1049 4525 1107 4587 bos
1128 4525 1211 4607 ipsos
1226 4541 1297 4584 usus
1313 4526 1489 4600 comparata

145 4614 186 4675 sit
199 4631 270 4676 cnm
285 4629 440 4693 apparens
462 4613 610 4694 antilogia
630 4612 816 4715 quarundam
830 4631 944 4688 rerum,
966 4621 1028 4675 tum
1043 4614 1075 4678 iu
1089 4614 1126 4677 iis
1142 4609 1336 4676 conciliandis
1357 4609 1487 4671 chrono-

145 4703 282 4785 logorum
304 4701 518 4764 hodiernorum
538 4701 703 4777 industria,
726 4721 775 4783 qur
768 4703 892 4764 divino
915 4661 1044 4784 qhodam
1065 4702 1210 4765 instinctu
1226 4697 1365 4763 certatim
1382 4714 1437 4776 pro
1454 4715 1488 4760 se

145 4794 270 4876 quisque
286 4791 319 4854 in
336 4789 536 4854 enodationes
552 4799 814 4854 controversamm
829 4791 866 4854 de
882 4791 1067 4873 temporibus
1083 4789 1292 4874 quaestionum
1305 4785 1488 4850 incumbunt.

144 4881 207 4946 Nec
222 4899 339 4956 moror,
353 4879 424 4942 illos
439 4877 498 4942 hac
512 4881 671 4946 occasione
687 4880 719 4944 ιιι
733 4879 943 4944 contentiones
966 4886 998 4942 et
1012 4879 1096 4942 rixas
1110 4875 1246 4960 pertrahi
1267 4891 1414 4956 superque
1429 4873 1490 4940 hac
1583 4939 1588 4952 ,
