3412 5538
218 221 284 290 110
532 309 537 318 .
642 240 743 292 litterae
755 239 860 306 Kepleri
872 240 1024 306 ιῑίοιιιιιιι
1036 246 1139 292 ιιιιιιι

260 377 502 517 to(„tipu)cellasiusn
515 380 690 448 Mogontinum
712 389 757 434 ant
777 382 917 434 Weiserun
942 388 988 432 sut
1011 383 1116 450 demque
1139 380 1245 448 Collegit
1270 363 1330 432 Soc*
1347 379 1410 437 Jssu
1430 379 1571 446 Pragsnsis

215 468 258 508 rso
285 469 362 506 rem.

110 575 114 596 .
305 527 506 608 Diligentiam
521 501 634 606 quaeso
649 534 789 606 praesta,
811 499 847 588 ut
862 501 899 588 de
919 545 989 588 mes
1003 525 1161 588 voluntate
1182 525 1278 606 primo
1294 543 1412 606 quoque
1429 530 1570 604 tempore

216 616 375 679 resciscat.
405 616 495 679 Vale.
526 613 647 678 Grastii
662 614 786 697 Styriee
802 615 881 678 Non.
895 616 976 695 Aug.
995 613 1088 678 1605.

288 737 431 802 ,Scheda“,
444 753 520 804 quam
533 737 594 789 dicit
604 737 738 804 Ksplsrus,
750 738 815 789 haec
828 745 880 788 est:

307 847 493 911 dharissime
510 843 634 907 Odonti.
670 847 758 924 Hunc
774 847 917 909 schedam
940 843 984 907 sic
1000 845 1154 908 describes
1177 850 1209 906 et
1228 843 1326 906 literis
1342 844 1403 907 tuis
1419 843 1570 918 includes,

213 935 322 1000 'literas
339 935 437 998 scribe
452 934 562 997 breves
577 933 635 996 hoc
651 953 756 997 sensu:

302 1023 427 1088 Literse
443 1031 530 1098 tuae,
547 1021 667 1102 Sereri,
682 1024 722 1086 ed
736 1022 901 1104 Keplerum
915 1022 975 1086 huc
992 1021 1106 1086 allatae
1123 1029 1195 1084 sunt
1210 1021 1258 1084 die
1274 1020 1418 1097 20.Julii,
1434 1041 1503 1086 cum
1520 1020 1570 1084 die

215 1114 350 1194 ejusdem
367 1121 460 1176 antes
474 1114 525 1176 ille
547 1113 617 1176 hinc
633 1113 828 1176 discessisset
849 1112 958 1176 itinere
974 1111 1005 1174 in
1020 1109 1157 1193 Styriesu
1172 1119 1324 1192 suscepto.
1363 1111 1473 1193 itaque
1489 1130 1569 1193 quae

215 1211 300 1266 esset
314 1203 472 1266 literarum
488 1210 608 1264 tuarum
623 1202 792 1276 sententia,
815 1202 853 1264 ad
869 1203 967 1282 ipsum
984 1200 1011 1262 d.
1028 1198 1078 1263 26.
1094 1199 1166 1264 Julii
1182 1201 1356 1282 perscripsi.
1403 1198 1570 1272 Quodnam

217 1293 259 1356 sit
280 1291 345 1373 ejus
367 1310 562 1373 responsum,
586 1309 624 1352 ex
647 1291 768 1372 adjecta
784 1290 912 1375 scheda,
936 1307 1024 1372 quem
1044 1290 1143 1352 locum
1165 1307 1204 1352 ex
1227 1289 1354 1370 prolixis
1379 1291 1445 1372 ejus
1468 1289 1569 1354 literis

170 1451 173 1466 ,
213 1381 365 1462 integrum
381 1380 436 1444 tibi
454 1380 613 1462 descripsi,
634 1379 793 1462 percipies.
827 1379 943 1462 Accepi
965 1379 1029 1460 ejus
1048 1379 1156 1443 literas
1177 1379 1205 1441 d.
1223 1372 1273 1442 li.
1286 1379 1431 1461 Augusti.
1467 1379 1570 1462 Spero

215 1471 394 1552 propediem
406 1469 466 1532 huc
482 1470 656 1532 rediturum

284 1609 381 1674 Quibus
392 1611 521 1676 respondit
532 1609 644 1662 Serurius
657 1608 723 1672 (VII.
736 1609 795 1662 Idus
807 1603 864 1659 ian
880 1605 971 1672 locu:
990 1607 1096 1660 Abunde
1108 1608 1169 1660 mihi
1186 1608 1230 1660 abs
1247 1609 1285 1660 ‘l'e
1297 1608 1401 1674 Tuoque
1420 1615 1573 1663 ιιιιιιιοιιιί

213 1683 310 1736 iatum
323 1689 380 1733 erat
391 1684 463 1740 satis,
475 1681 589 1746 soluiqm
599 1681 730 1746 aliquoties
739 1681 800 1732 mihi
807 1682 963 1746 agendorum
972 1683 1110 1746 gratiarum
1119 1679 1230 1746 aliquam
1240 1681 1296 1732 dari
1304 1681 1470 1742 occasionem,
1480 1697 1571 1748 rpen-

214 1755 285 1813 osu,
303 1755 356 1805 iore
368 1745 610 1818 opportunissimam,
623 1753 644 1802 sl
656 1761 684 1804 ut
695 1754 839 1804 insutuerat
850 1753 899 1803 huc
910 1752 1027 1806 rediisset
1034 1751 1096 1802 Iter.
1106 1751 1139 1802 D.
1149 1751 1278 1802 Pistoriae.
1300 1749 1374 1804 Nunc
1383 1767 1443 1804 vero
1453 1754 1522 1820 quod
1534 1756 1571 1806 di·

213 1821 294 1878 latum
310 1823 380 1874 haud
398 1830 436 1874 est
449 1823 575 1884 ablatum,
593 1825 742 1888 praesertim
754 1838 812 1874 cum
831 1829 858 1874 et
869 1839 930 1874 novo
939 1839 980 1874 me
990 1826 1044 1886 jam
1055 1829 1152 1874 mactes
1165 1823 1294 1882 beneficio,
1314 1823 1373 1874 dum
1385 1825 1416 1874 dc
1429 1829 1573 1890 praeterita

216 1897 281 1949 Solia
294 1896 382 1960 eclipsi
394 1901 527 1946 accuretur
540 1895 608 1945 'iuss
621 1896 700 1946 mittis
717 1895 909 1946 obsecutiones
940 1895 1040 1946 Gratias
1057 1896 1134 1960 igitur
1151 1907 1200 1959 ago
1217 1893 1403 1954 elaboraturus,
1420 1897 1453 1946 ιιι
1470 1913 1529 1950 meo
1546 1900 1572 1950 iu

166 1995 170 2000 ·
215 1970 297 2020 snimo
309 1973 397 2018 tantae
409 1966 482 2018 istius
491 1966 562 2016 'inae
574 1966 739 2019 humanitatis
750 1965 804 2016 ulla
815 1965 978 2030 unquamiiat
987 1966 1094 2030 eclipsis.
1116 1966 1196 2018 ium
1208 1981 1266 2016 vero
1276 1966 1307 2016 de
1318 1963 1492 2034 Scaligeriano
1505 1983 1572 2022 auno

214 2053 354 2097 censuram,
367 2039 427 2088 licet
439 2037 572 2089 edrnodum
588 2038 666 2088 redet
676 2037 708 2087 D.
721 2037 842 2088 Pistorius
854 2044 930 2102 tuque
943 2038 1006 2088 eatis
1023 2050 1158 2095 annueres,
1177 2036 1269 2102 triplici
1281 2037 1312 2088 de
1330 2050 1409 2092 causa
1424 2055 1475 2091 non
1487 2041 1571 2092 edidi:

216 2107 242 2175 l)
254 2111 320 2177 quod
331 2109 406 2176 paulo
422 2115 480 2159 tuus
491 2110 534 2159 ille
547 2115 669 2167 cunutus,
689 2108 782 2174 absque
795 2123 844 2172 quo
857 2114 953 2158 certum
970 2114 1027 2163 erat
1036 2107 1097 2158 nihil
1109 2109 1196 2166 moliri,
1212 2108 1310 2158 senerit
1321 2109 1432 2166 tardiuss
1454 2108 1484 2174 2)
1496 2113 1571 2178 quod,

216 2182 348 2233 absentem
360 2187 385 2230 tc
400 2195 456 2232 cum
468 2181 578 2230 riderem
588 2181 693 2245 aliisque
702 2187 850 2243 occupatum
859 2179 1021 2246 gravioribus,
1033 2179 1149 2244 idipsum
1158 2193 1223 2244 psus
1235 2180 1301 2244 quod
1310 2179 1397 2230 scribis
1407 2183 1570 2247 suspicabarr

213 2250 241 2318 3)
253 2253 320 2319 guod
332 2257 391 2302 ante
404 2252 556 2315 superiorem
568 2250 803 2303 Frsnhciurtensem
814 2255 953 2302 mercatum
965 2262 1038 2302 meae
1047 2257 1134 2302 centn
1141 2249 1298 2316 Scaligsrum
1310 2251 1418 2318 exiguas
1429 2256 1571 2320 pauculae·

214 2339 262 2391 qu·
275 2321 560 2456 ¹²giiii!dicoirtdlsflelrcsliriii
569 2323 706 2459 ,Ῑίζιῗιῖἰιιιιῗιιῃῇἷε
713 2319 787 2460 qlisim
798 2392 909 2444 libellum
920 2393 974 2457 ipsc
984 2389 1110 2456 Keplerris
1124 2399 1223 2458 spectet
1235 2394 1261 2442 in
1273 2355 1353 2444 literis
1365 2387 1399 2444 ad
1411 2392 1570 2462 scaligerum
1626 2405 1629 2408 '

213 2467 329 2522 somniis
347 2472 373 2516 et
391 2467 485 2524 tertiis,
502 2465 647 2528 prodierunt
662 2479 727 2516 anuo
742 2461 808 2515 1605
822 2459 993 2526 (dedicatisd
1014 2470 1054 2514 est
1071 2463 1129 2524 ,die
1146 2459 1171 2514 S.
1184 2461 1330 2528 Vincenti“)
1347 2465 1497 2530 inscriptae:
1515 2467 1570 2520 iii-

213 2538 323 2590 norsal
339 2535 436 2588 Divinis
454 2533 603 2586 Hoileudiee
622 2537 766 2601 Frisiaeque
783 2535 967 2594 Grammaticis,
984 2529 1035 2586 ios.
1054 2531 1182 2602 Scaligero
1199 2541 1225 2585 et
1240 2533 1279 2586 ιο.
1292 2535 1396 2595 Drusio,
1413 2535 1569 2592 Trihaeresii

213 2611 311 2660 sumti
323 2621 382 2674 ergo
395 2645 401 2659 .
416 2645 422 2658 .
436 2643 443 2657 .
457 2621 471 2658 e
485 2607 653 2658 Grammatico
666 2605 711 2658 dic.
724 2607 829 2666 sacello,
846 2607 911 2658 libra
922 2603 1038 2658 librorum
1050 2607 1150 2672 quinum
1166 2609 1330 2672 paraenetica
1347 2613 1373 2656 et
1391 2610 1567 2670 antirrhetica

213 2681 350 2747 depensum
361 2694 405 2744 per
417 2675 449 2729 N.
462 2678 597 2738 Ssrarium,
611 2679 665 2730 Soc.
679 2677 741 2729 lesu
749 2677 934 2742 presbyterum,
954 2677 979 2728 S.
994 2675 1018 2727 S.
1032 2676 1118 2730 Thecl.
1132 2676 1274 2728 Ductorem.
1305 2675 1335 2728 In
1354 2677 1401 2730 hoc
1422 2681 1485 2732 libro
1500 2681 1567 2742 ,lm-

213 2759 322 2819 portuna
333 2747 443 2802 mentic“
456 2751 586 2816 epistolas,
600 2762 674 2816 quam
688 2749 747 2799 dicit
759 2763 834 2812 snpra
846 2745 879 2814 (p.
896 2744 957 2811 102)
969 2747 1107 2812 Keplerus,
1125 2747 1190 2799 haec
1202 2755 1253 2800 est:
1272 2747 1302 2799 ln
1313 2748 1393 2800 Attici
1405 2753 1464 2801 anni
1475 2753 1568 2814 iornsa,

215 2826 286 2887 cujus
300 2825 327 2874 iu
341 2829 448 2888 ntrsqm
464 2829 604 2887 temporum
620 2821 794 2871 emendatione
811 2820 919 2885 primum
938 2834 965 2870 se
983 2815 1118 2886 (Scaliger)
1134 2819 1318 2872 observatorem
1337 2833 1367 2869 ac
1387 2821 1568 2888 descriptorem

214 2896 356 2946 thrasonice
366 2897 462 2959 jactat,
482 2907 601 2959 magnam
613 2893 681 2943 brevi
693 2904 754 2941 sane
772 2896 857 2942 metuo
869 2892 1047 2951 mutationem,
1065 2891 1106 2940 ubi
1125 2904 1190 2956 quas
1209 2892 1240 2942 de
1258 2891 1303 2942 illa
1323 2891 1429 2958 diligens
1450 2893 1566 2946 Silaos.

215 2964 278 3031 Μαι.
290 2964 487 3017 Mathematicus
506 2965 529 3016 J.
542 2964 669 3028 Keplerus
689 2965 799 3027 scripsit,
817 2963 962 3026 expenderit
978 2963 1053 3028 paulo
1072 2961 1228 3028 diligentius:
1246 2965 1395 3028 praesertim
1415 2979 1473 3016 curu
1484 2966 1569 3018 laudis

213 3037 250 3088 ab
262 3051 292 3089 eo
304 3036 351 3088 sibl
361 3053 411 3088 non
423 3049 511 3101 pamm
523 3036 598 3085 tribui
611 3035 723 3084 senserit.
748 3029 819 3095 (liin
832 3049 858 3098 p.
869 3031 887 3084 'i
888 3031 924 3096 6.)

284 3107 324 3160 1)ι
342 3106 517 3173 ,Tragoedis“
537 3107 658 3170 demque,
679 3119 695 3154 a
713 3104 823 3169 Keplero
842 3105 983 3169 demorata,
1001 3116 1051 3168 qua
1068 3102 1192 3168 Scaligeri
1208 3109 1318 3157 stemma
1335 3106 1486 3169 intentetur,
1505 3111 1568 3163 ιιι]

215 3179 423 3246 deprehendimus
435 3180 460 3229 in
474 3177 639 3240 ,iiinsnaii“
652 3177 700 3227 nisi
711 3176 775 3227 haec
787 3176 865 3228 rerba
877 3173 911 3240 (p.
926 3171 999 3239 1es):
1019 3174 1222 3240 ,Scaligerorum
1233 3177 1276 3228 alii
1289 3175 1424 3238 Catholici,
1441 3187 1472 3232 ut
1483 3180 1568 3236 Julius

125 3275 129 3283 ¹
215 3252 310 3304 Caesar
323 3255 425 3318 ejusque
437 3252 553 3322 majores,
567 3247 612 3298 alii
623 3254 761 3307 novatores,
773 3254 802 3298 ut
814 3248 924 3312 degener
935 3247 1001 3296 illius
1013 3245 1078 3296 lilius
1089 3247 1236 3312 illorumque
1248 3262 1325 3313 nepos
1337 3246 1468 3317 Josephus.
1500 3253 1567 3308 Rur-
1662 3267 1670 3280 ⁸

217 3340 272 3376 sum
284 3323 328 3374 alii
339 3323 497 3376 Veronensss
509 3321 640 3385 principes,
654 3317 872 3371 aliiiiollandicae
886 3317 986 3369 scholae
1002 3319 1157 3368 mercenarii.
1183 3315 1315 3370 Concludit
1329 3321 1372 3371 ille
1391 3329 1494 3386 ιιιιιιι,
1512 3323 1567 3377 Nu·

217 3407 266 3460 gae
283 3394 315 3445 'de
332 3393 471 3445 Veronensi
482 3392 631 3458 priucipetn.
665 3391 745 3454 Aiunt
760 3391 845 3449 multi,
865 3391 941 3440 stiam
960 3404 991 3440 er
1007 3389 1125 3447 Francia,
1145 3391 1216 3452 cuius
1232 3391 1366 3456 aliquando
1383 3394 1497 3460 Regius,
1518 3401 1567 3449 sie

214 3465 400 3517 Veronensibus
409 3465 560 3529 principibus
571 3464 663 3514 inisset
675 3461 797 3527 Scaliger,
809 3462 896 3513 multis
907 3477 965 3512 curn
978 3466 1004 3511 et
1015 3462 1113 3525 magnis
1125 3467 1265 3512 mactasset
1276 3461 1436 3516 honoribus.“
1465 3511 1468 3517 .

284 3537 357 3590 liaeo
370 3536 485 3588 Serarius
505 3534 580 3586 affert
592 3541 692 3585 secutus
712 3535 764 3584 sine
784 3532 857 3584 dnbio
876 3533 978 3583 eosdem
996 3538 1090 3590 ιιιιιι,
1111 3545 1171 3597 quos
1191 3531 1266 3598 Gssp.
1286 3532 1417 3600 Scioppius
1435 3540 1463 3590 iu
1481 3541 1567 3594 libello

217 3604 377 3675 ,Scaligerus
389 3603 626 3671 hypobolymaeus“,
639 3621 687 3671 quo
696 3603 828 3668 plurimum
834 3606 921 3666 injecit
936 3607 944 3654 i
980 3603 1086 3653 ominiae
1103 3605 1128 3653 in
1140 3609 1249 3653 stemma
1262 3601 1472 3673 Scaligeriunum,
1491 3630 1567 3680 quem

215 3679 307 3730 librum
323 3681 405 3729 innuit
424 3675 645 3745 insequentibus,
664 3688 727 3741 quas
746 3677 779 3725 ad
791 3675 929 3740 Keplerum
957 3675 980 3724 d.
994 3673 1018 3725 6.
1031 3675 1096 3739 Aug.
1118 3673 1187 3725 1606
1206 3682 1233 3726 et
1250 3674 1292 3726 26.
1306 3677 1367 3742 Apr.
1389 3675 1470 3745 16017)
1488 3685 1567 3746 dedic

214 3749 296 3801 literis
314 3750 442 3801 Serarius:
468 3748 506 3800 iii
521 3749 641 3806 Domine,
658 3748 773 3798 vidistine
788 3745 834 3796 illa
851 3751 938 3798 contra
954 3743 1110 3811 scaligerum
1128 3745 1287 3810 Anglioanci
1312 3746 1428 3816 (Lydtet)
1446 3752 1569 3814 Quotiens

213 3824 267 3887 lpse
284 3822 351 3887 apud
366 3821 606 3886 Heidtlbergensem
623 3819 768 3877 Gruterum
787 3824 816 3869 ut
831 3817 892 3868 milri
909 3817 1010 3882 quidam
1027 3817 1153 3869 referebat
1168 3815 1213 3868 oe.
1242 3817 1293 3868 Sed
1311 3821 1371 3884 quid
1390 3824 1471 3890 agas!
1497 3827 1569 3880 mete

214 3905 280 3958 quae
292 3892 353 3944 ruit.
375 3893 448 3951 Aliis,
460 3906 526 3958 quae
539 3893 599 3943 dicit
610 3891 676 3942 male
688 3898 718 3940 nt
729 3890 795 3940 bona
807 3903 905 3953 semper
915 3889 1008 3947 dicant
1021 3889 1143 3954 imperare
1160 3904 1208 3938 non
1219 3896 1309 3953 potest.
1339 3891 1453 3946 Hominis
1465 3901 1568 3968 ingenio

216 3964 342 4015 abutentis
356 3965 447 4028 optimo
464 3965 589 4014 misereor.
613 3961 708 4012 Vidisti
724 3961 800 4012 etiam
816 3969 845 4010 ut
862 3962 957 4024 opinor,
976 3973 1041 4025 quae
1059 3960 1089 4012 de
1102 3959 1250 4026 genealogia
1266 3962 1302 4012 illi
1315 3974 1331 4011 a
1342 3962 1374 4013 D.
1389 3965 1508 4034 Scioppic
1520 3973 1566 4022 ins-

190 4064 194 4073 ·
215 4035 326 4102 pendeat
342 4041 488 4098 tempestas.
518 4033 545 4084 Si
557 4047 622 4100 quae
635 4032 758 4098 promittit
770 4033 829 4090 iste,
848 4027 931 4081 nullus
944 4033 967 4080 ei
978 4032 1087 4094 proderit
1098 4029 1242 4083 Mmdtust
1267 4031 1354 4084 Porro:
1375 4033 1424 4097 Qui
1434 4039 1567 4107 hypomn.

103 4126 107 4142 ·
215 4119 316 4157 meeurn
328 4103 360 4156 D.
375 4105 483 4170 Scioppii
496 4103 650 4170 scaligerum
663 4105 786 4170 legerunt,
804 4103 933 4152 affirmant
949 4103 1060 4167 plerique
1068 4117 1168 4162 omnes,
1185 4104 1381 4158 illustrissimam
1396 4109 1567 4165 iiiumsims

214 4178 273 4230 huic
282 4178 423 4228 ιιιιιιιιιι
434 4177 538 4228 Ιιιιιιι.
562 4175 705 4228 Domiuatio
714 4175 770 4224 Tus
779 4177 832 4237 jani
844 4175 909 4224 iorte
921 4175 1017 4224 viderit.
1043 4173 1094 4226 Sed
1105 4176 1156 4224 ista
1167 4176 1228 4226 mihi
1239 4175 1308 4227 haud
1320 4191 1404 4230 curae.
1429 4181 1567 4238 Hominem

216 4249 299 4310 iilum,
316 4249 427 4313 quisquis
445 4247 578 4298 chmtiam
590 4262 685 4298 memor
705 4245 781 4298 cilicii
798 4251 849 4304 est,
865 4244 917 4294 odit
932 4259 1012 4296 nemo.
1043 4243 1095 4312 Sed
1106 4259 1181 4311 quam
1193 4261 1267 4298 rems
1279 4255 1307 4298 et
1319 4256 1411 4313 canus,
1430 4257 1475 4318 qui
1488 4258 1564 4310 dixin

213 4319 330 4372 ridebam
342 4317 465 4369 Satmsm
477 4321 542 4369 sicut
554 4317 637 4384 fulgur
650 4317 681 4368 dc
694 4316 762 4366 coelo
775 4316 913 4366 cadentem.
1203 4317 1211 4326 “

285 4389 398 4442 Eundem
410 4396 494 4439 autem
507 4389 649 4454 Scioppium
662 4392 761 4453 spectat
771 4386 896 4451 Keplerus
906 4387 933 4436 in
945 4385 1023 4437 literis
1036 4388 1069 4437 sd
1081 4385 1236 4454 scaligerum
1256 4385 1288 4451 (s.
1301 4402 1326 4456 p.
1341 4389 1402 4455 103)
1416 4395 1503 4450 diceus
1518 4401 1566 4462 ,de

215 4461 367 4513 auctoratis
379 4475 476 4520 censeo,
489 4475 546 4512 cum
558 4460 695 4511 (lemania
705 4461 786 4523 ipsum
799 4459 896 4510 eruhee
908 4472 989 4508 mores
1000 4457 1198 4510 Gemmarum*
1211 4467 1270 4520 stu,
1287 4476 1362 4527 quem
1374 4471 1464 4518 naum
1476 4471 1504 4522 in
1515 4471 1565 4524 Ps-

213 4533 325 4586 latinatu
343 4528 490 4596 (ileumark)
509 4545 573 4582 auno
587 4526 662 4584 1576.
676 4545 698 4582 o.
713 4530 788 4580 6ιιιι
807 4527 885 4580 seculi
896 4527 962 4580 XVI.
979 4530 1005 4579 in
1020 4527 1122 4580 ltaliam
1138 4533 1259 4596 migrasse
1279 4541 1378 4586 ιοιιιιι
1397 4533 1481 4599 (merc,
1501 4557 1566 4596 ms

218 4602 293 4654 1649.
307 4599 424 4666 Patavii).
462 4601 534 4664 Quae
546 4603 572 4652 in
584 4603 657 4654 rebus
670 4601 832 4668 philologieis,
846 4599 991 4666 theologicis
1007 4614 1053 4650 nec
1070 4617 1119 4652 non
1130 4603 1244 4666 politicis,
1257 4611 1287 4656 ut
1299 4613 1355 4656 erat
1367 4617 1442 4661 acuto
1455 4613 1565 4682 ingenis,

214 4675 392 4797 &abritrium
403 4676 484 4727 minus
496 4673 636 4734 laudandis,
649 4674 753 4740 egregia
763 4683 928 4738 perversaque
936 4672 1071 4738 perfecerit
1079 4671 1217 4741 Scioppius,
1230 4686 1264 4726 ea
1271 4676 1389 4744 leguntur
1397 4681 1424 4732 in
1433 4681 1566 4739 literarum
