3390 5542
249 231 313 296 606
801 225 917 278 Secunda
933 227 1003 277 Pars.

128 455 135 466 .
251 402 390 470 narrum
412 423 470 486 per
492 420 593 480 axem,
617 399 658 466 ro
685 399 840 466 usmete
869 399 970 464 nass:
1002 400 1101 465 enea
1134 401 1232 482 igimr
1253 399 1352 466 mco
1375 422 1454 468 am
1475 403 1509 468 in
1532 403 1570 468 rc
1679 377 1680 388 '

250 493 442 558 diametrum
456 491 556 566 basis,
581 497 708 554 creatur
722 489 1026 576 parallelepipedum
1043 490 1273 571 rectangnlum,
1290 493 1377 573 quod
1392 493 1571 574 cylindrum

197 632 201 640 .
249 581 383 662 stringit.
422 578 463 644 Ut
472 581 569 660 igitur
584 584 623 643 14
635 579 677 642 ad
705 583 752 657 ll,
766 576 879 642 sichoc
891 577 1198 661 parallelepipedum
1217 578 1258 642 ad
1270 578 1407 660 cylindri
1428 577 1571 658 suissror·

251 691 320 754 pus,
344 689 401 752 per
423 666 524 732 theor.
547 667 605 732 lH.
627 667 820 751 praemissae
843 666 1080 731 stereometriae
1102 667 1307 748 regularium.
1345 667 1432 752 Ergo
1455 671 1487 738 in
1510 689 1572 752 qua

248 759 354 841 figura
383 777 423 822 ex
451 757 499 836 iis,
531 775 614 838 quae
644 754 764 820 habent
789 755 923 820 eandem
952 755 1122 840 diagonion
1148 754 1213 835 AC,
1244 756 1418 821 maximum
1441 766 1492 823 est
1513 759 1570 824 hoc

249 843 564 932 parallelepipedum,
595 844 640 908 ibi
673 851 706 910 et
720 903 725 914 ,
738 843 880 926 cylinder
909 849 957 908 est
985 843 1154 908 maximus.
1207 846 1251 908 At
1278 844 1313 908 in
1344 844 1459 926 ligura
1482 851 1571 930 cujus

249 937 318 1002 Alo
342 941 391 998 est
413 933 545 998 dimidia
566 934 670 1010 sectio,
693 945 831 998 non-est
853 932 1027 996 maximum
1046 931 1106 996 hoc
1128 932 1446 1018 parallelepipedum,
1470 957 1571 1018 quan·

249 1024 367 1091 tumvis
390 1041 471 1088 area
490 1021 609 1087 sectrix
631 1021 729 1090 Alco
752 1023 793 1086 sit
814 1023 969 1086 maxima:
993 1019 1080 1103 quod
1101 1021 1146 1086 sic
1168 1021 1361 1087 demonstro.
1438 1061 1441 1066 ·

337 1109 386 1176 Sit
414 1112 447 1176 in
476 1110 655 1194 quadrante
685 1109 730 1175 lA
756 1117 911 1193 punctum
937 1109 969 1174 H
998 1111 1178 1192 proximum
1201 1119 1316 1192 puncto
1338 1111 1362 1190 Ι,
1386 1111 1508 1194 quippe
1529 1112 1570 1176 ad
1681 1169 1682 1172 ,

249 1201 345 1266 finem
367 1199 566 1282 quadrantis.
620 1199 701 1267 cum
723 1219 799 1280 ergo
834 1198 917 1262 AHC
948 1197 991 1262 sit
1013 1198 1079 1262 alia
1099 1196 1209 1280 figura,
1234 1219 1331 1281 quam
1353 1201 1432 1278 Alc,
1458 1209 1493 1264 et
1515 1199 1570 1263 lra-
1681 1199 1682 1202 ’

249 1289 326 1354 beat
347 1287 480 1352 eandem
503 1310 576 1352 cum
598 1287 655 1352 illa
677 1287 846 1370 diagonion
868 1287 934 1366 AC,
956 1287 1021 1354 sint
1047 1307 1123 1352 vero
1145 1285 1224 1364 AIC,
1249 1287 1333 1352 AHG
1356 1309 1452 1352 areae
1474 1289 1517 1352 sd
1538 1311 1571 1354 se
1681 1305 1682 1314 ¹

249 1380 389 1456 invicem,
421 1387 459 1442 ut
487 1375 762 1460 perpendiculares
792 1393 903 1440 earum
933 1374 990 1456 IN,
1023 1375 1101 1440 HM:
1125 1383 1218 1440 erunt
1238 1375 1273 1438 in
1294 1375 1358 1440 fine
1381 1376 1572 1460 quadrantis

250 1469 335 1532 inter
357 1486 392 1530 se
413 1466 447 1530 in
469 1465 601 1530 minima
622 1466 826 1548 proportione
849 1471 882 1530 et
903 1465 1046 1547 proxime
1067 1464 1229 1546 aequales,
1252 1466 1327 1547 qnia
1349 1467 1445 1530 etiam
1468 1465 1571 1530 lineae

250 1555 306 1634 IN,
331 1555 405 1633 llll,
428 1552 598 1619 intervallo
619 1561 707 1618 certo
729 1555 812 1620 inter
834 1573 869 1616 se
895 1561 1044 1632 remotae,
1067 1553 1101 1618 in
1122 1553 1252 1618 minima
1273 1552 1476 1618 adinvicem
1498 1563 1572 1620 sunt
1681 1613 1682 1642 ζ

194 1719 199 1732 ¹
249 1644 467 1729 proportione3
499 1663 583 1726 quae
612 1643 776 1726 proportio
805 1642 890 1706 inter
923 1641 1050 1706 easdem
1080 1663 1204 1726 semper
1227 1629 1333 1706 e’radit
1354 1645 1479 1726 major.
1511 1665 1569 1726 qno
1681 1643 1682 1664 ¹

249 1732 378 1818 propius
410 1731 485 1796 illae
508 1731 550 1796 ad
573 1730 609 1809 A,
639 1731 765 1795 initium
795 1729 1000 1813 quadrando,
1033 1729 1143 1795 eodem
1175 1732 1257 1795 inter
1285 1731 1372 1813 ipsas
1402 1731 1570 1798 intervallo

249 1825 408 1899 manente,
432 1821 631 1884 accesserint.
665 1818 771 1902 Atqui,
794 1825 830 1884 ut
853 1840 968 1901 corpus
987 1825 1124 1898 creetur,
1146 1817 1248 1884 lineae
1261 1819 1311 1900 cl,
1333 1820 1389 1884 CH
1405 1820 1571 1886 ducendae
1681 1829 1682 1860 ³

248 1917 323 1976 sumt
344 1909 377 1974 in
400 1929 493 1973 areas
521 1908 608 1988 Alc,
640 1907 734 1986 AHG,
763 1918 795 1972 et
817 1927 875 1990 per
896 1907 1189 1991 aequipollentiam,
1212 1915 1247 1972 ut
1268 1909 1489 1990 rectangulum
1512 1910 1571 1974 snb

249 1998 304 2076 M,
328 1997 370 2064 lo
393 1997 437 2062 ad
458 1995 681 2079 rectangulum
702 1995 763 2061 sub
785 1995 864 2075 ΜΗ,
892 1995 964 2076 HC,
995 1997 1041 2061 sic
1062 2017 1178 2079 eorpus
1201 1996 1463 2081 parallelepipedi
1485 1998 1573 2064 AlCl
1681 2031 1682 2086 l

249 2087 291 2152 ad
314 2107 431 2170 corpus
453 2085 585 2165 ΑΗΟΗ,
620 2086 711 2168 atqui
732 2087 835 2168 major
858 2092 908 2149 est
933 2086 1098 2168 proportio
1120 2084 1176 2150 HG
1199 2085 1241 2148 ad
1262 2085 1314 2163 CI,
1338 2107 1437 2168 quam
1459 2087 1507 2151 IN
1530 2087 1571 2152 ad
1681 2107 1682 2124 ¹

245 2175 333 2256 ‘HM3
356 2195 431 2240 uam
455 2174 495 2240 Gl
518 2171 679 2239 subtendit
695 2173 914 2256 quadrantem,
941 2173 997 2240 CH
1007 2173 1106 2258 paulo
1127 2174 1211 2256 plus,
1234 2181 1268 2238 et
1282 2175 1425 2257 ipsamm
1441 2176 1572 2240 dimidia
1681 2177 1682 2256 l

249 2270 326 2330 sunt
355 2262 637 2348 perpendiculares
667 2261 787 2328 dimidii
815 2261 1000 2344 quadrantis
1023 2269 1056 2328 et
1078 2262 1174 2346 paulo
1196 2262 1281 2347 plus:
1312 2263 1386 2328 illae
1408 2259 1572 2330 veronen
1681 2261 1682 2282 ¹

246 2360 321 2419 sunt
343 2353 376 2416 in
397 2351 528 2416 minima
548 2353 630 2416 inter
652 2371 686 2415 se
708 2352 928 2434 proportione,
952 2351 1070 2434 quippe
1092 2371 1175 2434 quae
1196 2352 1228 2416 in
1250 2351 1355 2417 medio
1378 2353 1570 2436 quadrantis
1681 2391 1682 2422 t

248 2445 351 2527 major
374 2447 423 2506 est
453 2459 549 2523 quam
577 2441 610 2504 iu
632 2437 712 2518 fine,
744 2439 855 2505 eodem
884 2439 1036 2522 utrinque
1066 2439 1377 2522 perpendicularium
1400 2441 1570 2506 intervallo
1681 2475 1682 2522 3

246 2531 421 2632 supposito.
466 2529 552 2610 Ergo
574 2528 729 2592 existente
752 2527 864 2629 eodem
885 2527 1195 2629 perpendicularium
1223 2529 1401 2630 intervallo,
1425 2531 1513 2614 quod
1530 2533 1571 2630 sit

247 2615 620 2792 intestini:
645 2615 928 2788 Addidit
946 2615 1569 2790 difinfilimffiilmqidlllil

249 2797 404 2862 timentes
428 2797 525 2860 etiam
555 2794 685 2860 dimidio
719 2813 812 2858 arom
842 2793 897 2858 HI.
943 2794 987 2859 Et
1007 2787 1077 2860 cum
1100 2794 1302 2860 dimidiarum
1325 2795 1375 2874 CI,
1400 2795 1458 2861 GH
1480 2796 1569 2862 dide
1681 2797 1682 2814 .

247 2887 353 2952 nentia
374 2885 417 2950 sit
439 2887 552 2968 major,
575 2903 673 2967 quam
696 2881 1007 2965 perpendicularium
1030 2881 1120 2963 adl,
1149 2904 1230 2966 quae
1251 2883 1381 2950 dimidio
1403 2905 1501 2950 meus
1524 2885 1570 2950 HI

246 2973 382 3052 distant,
412 2979 555 3038 totarum
583 2972 679 3055 igitur
707 2970 757 3050 cI,
783 2971 839 3036 CH
862 2969 1049 3050 differentia,
1081 2972 1196 3054 prioris
1217 2973 1346 3057 duplex,
1369 2973 1432 3038 erit
1454 2977 1567 3058 major,

128 3117 135 3131 .
246 3084 342 3146 quam
364 3061 671 3146 perpendicularium
697 3058 756 3139 IN,
786 3059 859 3139 HM,
890 3064 958 3126 toto
980 3080 1057 3125 arcu
1084 3059 1130 3124 HI
1152 3059 1349 3126 distantium.
1395 3061 1448 3126 Ita
1469 3063 1568 3128 conli-

247 3151 337 3229 citur,
360 3153 514 3236 maiorem
537 3171 606 3214 esse
628 3147 839 3214 differentiam
860 3149 944 3214 inter
965 3147 1007 3212 Io
1020 3153 1052 3212 et
1070 3148 1135 3227 GH,
1160 3170 1258 3232 quam
1269 3150 1428 3216 iuterHM
1452 3157 1486 3216 et
1509 3152 1566 3216 IN.

246 3237 374 3322 Itaque,
407 3238 466 3303 etsi
498 3238 562 3304 HM
588 3237 744 3302 secundae
771 3235 894 3319 figurae
916 3242 966 3302 est
988 3235 1094 3320 paulo.
1113 3238 1216 3303 minor
1238 3259 1337 3322 quam
1357 3238 1403 3302 IN
1425 3239 1566 3323 primae:

246 3327 383 3393 vicissim
405 3333 512 3394 tamen
534 3326 590 3392 CH
611 3326 767 3392 secundae
789 3325 908 3407 figurae
931 3332 979 3390 est
1000 3325 1101 3391 multo
1124 3331 1226 3413 major
1248 3348 1347 3410 quam
1368 3327 1410 3393 CI
1433 3329 1569 3411 primae.

245 3416 351 3500 Majus
379 3422 429 3482 est
454 3415 550 3498 igitur
576 3413 796 3497 rectangulum
818 3413 908 3478 MHG
931 3435 1030 3497 quam
1052 3414 1140 3494 NIG,
1173 3423 1206 3480 et
1236 3416 1281 3482 sio
1302 3419 1405 3500 major
1426 3417 1570 3501 cylinder

247 3507 381 3590 ejusque
411 3503 717 3588 parallelepipedum
751 3502 881 3582 AHCH,
910 3523 1006 3586 quam
1030 3501 1125 3582 AICI,
1150 3523 1222 3568 cum
1244 3523 1262 3568 e
1284 3506 1445 3571 contrane
1467 3507 1568 3589 ipsius

245 3593 382 3678 cylindri
403 3592 521 3658 AHCH
543 3613 618 3658 area
641 3593 756 3658 sectrix
778 3591 864 3656 AHC
886 3592 989 3657 minor
1016 3599 1112 3656 antea
1133 3592 1228 3658 luerit
1250 3613 1346 3676 quam
1367 3591 1450 3658 Aio,
1497 3593 1569 3659 Non

247 3686 297 3748 eat
321 3681 419 3766 igitur
446 3681 611 3765 proportio
641 3701 811 3763 corporum
837 3680 934 3760 AICI,
958 3678 1075 3746 AHCH
1097 3681 1232 3764 analoga
1254 3683 1452 3765 proportioni
1474 3703 1568 3748 area·

245 3793 317 3838 rum
347 3769 428 3849 AIG,
457 3769 552 3836 AHO.
598 3768 641 3834 Et
669 3767 739 3834 AIG
768 3768 897 3852 quidem
929 3781 979 3834 est
1008 3770 1146 3834 maxima
1167 3789 1315 3834 arearum
1338 3790 1436 3853 super
1457 3773 1567 3838 eadem

246 3859 403 3943 diagonio,
428 3878 543 3941 eorpus
565 3879 640 3923 vero
659 3857 750 3923 AIGI
772 3879 836 3922 non
859 3862 908 3922 est
929 3857 1111 3938 maximum,
1136 3857 1192 3924 sed
1203 3858 1318 3924 AHCH
1341 3867 1390 3924 est
1401 3881 1439 3925 eo
1451 3865 1567 3946 majus.

623 4003 747 4060 Praxis
768 4010 801 4057 et
821 4021 880 4074 per
901 4020 971 4058 eam
997 4021 1185 4059 successus.

334 4121 400 4176 Cum
420 4138 535 4192 corpora
555 4139 592 4176 ex
612 4123 626 4178 1
647 4122 735 4176 adhuc
762 4128 888 4176 crescant
913 4136 1008 4174 versus
1028 4123 1070 4183 H,
1097 4111 1222 4192 inquisivi
1248 4121 1390 4192 logistica,
1417 4123 1467 4176 ubi
1494 4130 1569 4176 esset

246 4219 344 4272 corpus
371 4203 532 4264 maximum
559 4220 611 4256 non
638 4202 707 4254 enirn
734 4201 831 4255 crescit
857 4217 954 4270 corpus
981 4200 1107 4254 continue
1134 4201 1266 4270 usquein
1286 4209 1324 4264 A,
1345 4203 1393 4255 sed
1416 4201 1445 4256 in
1466 4203 1569 4256 ricinia
1681 4205 1682 4210 ’

246 4282 330 4352 ipsius
350 4287 375 4336 A
395 4299 503 4336 rursum
523 4289 690 4343 attenuatur,
713 4289 742 4334 et
761 4299 816 4334 una
835 4297 895 4334 cum
915 4296 983 4334 area
1000 4279 1069 4335 ABG
1091 4282 1201 4334 tandem
1222 4281 1287 4335 inA
1310 4282 1336 4334 in
1357 4282 1472 4336 nihilum
1494 4283 1568 4336 redi·

245 4363 330 4433 gitur,
352 4365 458 4432 quando
480 4363 596 4416 altitudo
617 4361 740 4432 cylindri,
762 4361 907 4431 analogice
926 4361 1069 4430 loquendo,
1090 4367 1217 4428 punctum
1240 4367 1295 4423 est,
1316 4378 1353 4415 sc.
1373 4368 1408 4424 A,
1430 4363 1567 4416 diameter

245 4458 312 4497 vero
335 4442 407 4495 basis
427 4441 483 4504 AC,
505 4441 657 4495 coincidens
679 4457 738 4494 cunr
759 4442 895 4512 diagonio.

333 4523 480 4575 Processus
501 4522 546 4574 hic
566 4522 630 4574 fuit:
652 4519 738 4573 sinum
759 4537 838 4573 arcus
858 4521 918 4582 ΑΗ,
940 4521 988 4575 AB
1008 4517 1185 4588 multiplicari
1206 4520 1233 4573 iu
1254 4520 1340 4572 sinum
1361 4521 1464 4576 dunidii
1486 4539 1566 4576 mus

245 4601 303 4664 Hc,
323 4601 368 4655 BC
388 4616 439 4669 per
459 4591 559 4654 omnes'
571 4599 729 4672 quadrantis
755 4601 859 4670 gradus
880 4600 981 4653 ordine.
1023 4598 1090 4652 Cum
1116 4607 1207 4653 autem
1228 4599 1264 4653 sit
1281 4601 1410 4654 taediosa
1434 4603 1564 4670 multipli-

247 4680 318 4733 catio
340 4680 453 4744 sinuum,
475 4681 568 4749 accipe
588 4694 742 4749 processum
763 4680 929 4732 breuiorem:
956 4679 991 4732 sit
1011 4679 1154 4748 diagonios
1176 4679 1227 4742 20,
1248 4681 1414 4749 quadratum
1434 4683 1507 4744 400,
1527 4682 1565 4734 sit

247 4760 364 4816 altitudo
384 4760 435 4815 AG
460 4763 484 4822 1,
505 4763 668 4830 quadratum
681 4761 705 4820 l;
726 4759 777 4812 hoc
798 4759 893 4813 ablato
913 4761 1013 4824 adeo,
1033 4765 1123 4812 restat
1142 4761 1305 4830 quadratum
1325 4759 1410 4828 ipsius
1432 4759 1478 4814 GC
1492 4761 1563 4815 399:
