3412 5538
645 313 960 382 dershnsohronclogicts.
1430 293 1471 362 91

136 459 249 524 habeat
293 457 385 523 Adde
401 457 506 540 reponi
522 465 628 540 aperte
642 458 675 520 in
691 456 903 540 Scorpionem:
930 459 1009 536 „Tm
1031 457 1081 540 qui
1100 458 1237 522 incendis
1252 455 1400 540 Scorpion
1416 458 1474 520 mi-

136 553 233 613 oacent
247 548 402 630 flagrante
425 548 537 624 cauda,
563 547 734 630 Chelasque
756 547 910 630 peruris“;
934 548 985 612 uhi
1007 549 1110 610 chelas
1130 568 1190 611 non
1207 548 1298 612 sumit
1317 568 1372 630 pro
1389 547 1475 630 signo

135 639 251 713 librae,
267 637 416 720 quiajam
432 637 460 700 ei
475 637 593 718 signum
608 637 785 719 Scorpionis
800 637 898 714 dedit,
922 639 977 700 sed
990 656 1046 720 pro
1061 637 1192 701 membro
1209 637 1398 720 Scorpionis,
1419 657 1475 701 ex-

135 726 272 810 pohtione
288 747 363 790 usus
378 727 510 808 poetica,
527 747 580 790 seu
595 728 780 809 hypotyposi
789 727 895 808 magis.
919 729 999 791 Nam
1015 728 1041 790 si
1052 726 1195 808 Scorpius
1210 727 1272 808 igni
1287 727 1476 802 adhibeatnr;

136 817 228 899 ntique
250 815 357 880 chelas
379 813 459 898 ignis
483 836 574 880 sensu
597 817 726 879 maxime
746 817 897 890 movebit,
927 824 960 879 et
982 835 1018 879 eo
1041 817 1193 880 chelarum
1215 817 1324 880 damno
1347 816 1476 879 maxime
1550 811 1556 826 '

136 907 218 968 luent
234 906 424 987 spectabilis
454 907 490 969 In
506 925 630 982 summa,
644 907 800 970 Lucanum
815 907 957 969 credibile
978 914 1027 968 est
1045 907 1149 968 mdem
1163 907 1366 970 astronomiae
1375 906 1477 982 fnisse,

137 995 180 1078 qui
193 993 471 1076 putaverithlartis
486 995 656 1076 ingressum
671 996 702 1058 in
713 995 879 1078 Scorpium,
895 995 977 1059 Solis
992 995 1174 1071 inLeonem,
1189 994 1313 1059 Saturni
1328 995 1476 1077 inAqua·
1520 1026 1524 1038 ·

136 1085 205 1147 rium
218 1091 283 1147 tam
300 1103 371 1148 esse
388 1105 458 1147 rara
474 1093 506 1148 et
521 1085 645 1150 insolita
661 1080 693 1147 e't
708 1085 868 1148 subitanea
884 1085 985 1166 signa,
1008 1104 1097 1166 qnam
1113 1092 1184 1147 sunt
1203 1085 1332 1166 eclipses
1348 1104 1476 1166 magnae
1593 1145 1595 1157 ,

134 1171 215 1248 Solis,
236 1180 292 1237 aut
308 1181 464 1250 cometae,
485 1181 540 1238 aut
555 1175 782 1256 conjunctiones
802 1193 946 1256 magnae:
971 1193 1094 1256 cumque
1114 1174 1242 1255 legisset
1255 1174 1288 1236 in
1302 1175 1477 1256 astrologia,

134 1261 209 1326 Solis
231 1264 416 1326 domicilium
438 1263 469 1326 in
490 1265 593 1328 Leone
616 1283 702 1339 esse,
732 1263 857 1328 Saturni
879 1265 910 1338 in
931 1265 1084 1344 Aquario,
1111 1263 1223 1326 Martis
1246 1263 1278 1326 in
1300 1262 1476 1344 Scorpione,

134 1352 259 1432 putarit,
275 1353 398 1434 quoties
415 1352 470 1414 Sol
485 1353 516 1416 in
531 1354 665 1417 Leonem
680 1353 863 1434 ingreditur,
877 1354 1019 1416 mnndum
1033 1353 1168 1427 incendi,
1191 1353 1308 1433 quoties
1325 1351 1476 1416 Saturnus

136 1441 161 1502 in
181 1442 366 1523 Aquarium,
389 1442 602 1506 inundationes
626 1463 710 1517 esse,
733 1443 852 1526 quoties
866 1442 952 1532 hlars
974 1443 1004 1505 in
1021 1441 1233 1524 Scorpionem,
1254 1443 1366 1504 bellum
1387 1449 1476 1505 atrox

134 1529 295 1600 imminere:
321 1530 393 1613 quia
409 1531 465 1594 Sol
479 1531 608 1612 ignibus,
623 1531 774 1596 Saturnus
789 1531 887 1608 undis,
901 1531 987 1595 Mars
1003 1530 1094 1594 armis
1110 1532 1242 1618 praesit,

212 1619 276 1682 Sed
299 1621 381 1684 enim
404 1629 438 1684 tu
459 1641 514 1704 pro
537 1622 724 1685 revolutione
746 1621 898 1684 mundana
921 1640 1056 1703 pugnas,
1078 1641 1155 1702 qnae
1177 1621 1331 1684 veteribus
1354 1638 1415 1684 non
1437 1620 1476 1682 ab

132 1709 261 1789 ingressu
278 1708 364 1772 Solis
385 1710 418 1772 in
437 1710 591 1786 Arietem,
614 1711 669 1772 sed
689 1712 727 1773 ab
750 1718 857 1774 exortu
874 1710 1038 1774 Caniculae
1059 1709 1264 1792 repetebatur.
1307 1709 1477 1772 Dicendum

134 1805 176 1858 est
189 1798 291 1880 itaque
308 1799 383 1882 quid
397 1799 551 1881 impediat,
568 1819 626 1882 quo
640 1799 739 1864 minus
755 1801 792 1862 de
807 1801 865 1863 hac
880 1801 980 1881 possit
993 1799 1123 1880 intelligi
1136 1799 1253 1862 Lucani
1268 1800 1354 1861 locus
1373 1806 1476 1862 tuum·

134 1905 183 1968 que
199 1887 275 1950 coeli
292 1889 428 1952 schema.
453 1889 541 1965 Esto,
558 1890 670 1952 dixerit
684 1890 835 1965 Lucanus,
851 1888 956 1953 Solem
972 1909 1040 1952 esse
1055 1888 1086 1950 in
1101 1889 1220 1966 Leone,
1242 1889 1386 1972 quidhoc
1402 1887 1477 1952 facit

134 1977 168 2038 ad
181 1977 432 2058 praedictionem,
448 1980 487 2041 ad
498 1979 604 2060 judicii
620 1978 830 2042 lamnationem
846 1981 883 2042 de
898 1979 1021 2042 ineunte
1037 1978 1137 2042 anno?
1539 1975 1544 1990 “

213 2065 265 2130 Sic
282 2067 366 2130 enim
381 2067 552 2131 incendium
566 2069 846 2150 mundiqnotannis
861 2069 1085 2150 praedicemus;
1110 2068 1181 2152 quia
1197 2067 1223 2130 si
1231 2065 1316 2131 Solis
1330 2063 1476 2130 inLeone

134 2153 279 2234 ingressus
295 2157 451 2232 coincidit,
468 2164 539 2219 tnnc
555 2175 622 2219 cnm
632 2165 739 2220 exortu
750 2157 916 2222 Caniculae
932 2158 1138 2220 nonunavice
1155 2158 1209 2220 sed
1218 2177 1273 2238 per
1282 2155 1477 2238 plurimorum

134 2263 269 2307 annorum
301 2246 415 2308 seriem
443 2245 586 2308 coincidit
612 2247 790 2328 quotannis,
820 2247 884 2310 acsi
914 2247 1091 2310 hodiernum
1118 2246 1228 2326 vulgus
1253 2246 1477 2326 astrologorum

134 2351 166 2395 ex
179 2335 368 2398 revolutione
383 2336 487 2398 mundi
502 2355 555 2398 sen
570 2355 712 2416 regressu
728 2335 810 2400 Solis
831 2337 862 2398 in
878 2335 1025 2412 Arietem,
1046 2335 1117 2418 quia
1132 2333 1187 2398 Sol
1202 2336 1235 2398 in
1252 2335 1340 2398 domo
1356 2335 1477 2410 Martis,

134 2422 193 2486 ideo
207 2425 290 2487 bella
305 2425 419 2488 futura

211 2512 310 2595 Atqui
327 2532 385 2576 nec
401 2513 446 2576 sic
462 2520 522 2588 est,
543 2513 589 2576 uti
604 2513 771 2577 conmodis.
802 2511 858 2577 Sol
873 2513 952 2576 enim
972 2513 1003 2576 in
1020 2511 1138 2578 Cancro
1159 2519 1220 2589 est,
1241 2531 1301 2576 non
1319 2511 1351 2574 in
1365 2510 1478 2574 Leone.

136 2601 173 2664 'lh
187 2601 230 2665 ais
245 2611 372 2666 veteres
396 2603 444 2665 die
463 2601 512 2666 18.
521 2602 595 2666 Julii
618 2603 767 2666 collocare
784 2601 888 2667 Solem
908 2598 1043 2680 1110011.
1088 2603 1155 2682 Ego
1177 2622 1249 2665 vero
1271 2600 1384 2664 nullum
1404 2601 1476 2663 scio.

134 2690 202 2754 Peto
224 2693 336 2759 abste
358 2692 432 2756 mihi
458 2711 548 2757 uuum
576 2692 712 2756 indicari.
757 2691 898 2774 Scaliger
921 2693 954 2754 in
974 2699 1194 2774 parapegmate
1216 2691 1324 2755 Attico
1347 2690 1398 2753 lib.
1422 2689 1477 2752 IV.

136 2780 390 2858 solemniaco,
413 2782 492 2866 quod
508 2801 546 2844 ex
555 2779 690 2845 Gemin'o
714 2782 921 2858 concinnavit,
945 2781 1032 2865 ponit
1052 2782 1170 2844 initium
1190 2783 1310 2852 laeswe
1322 2779 1394 2843 vn.
1410 2777 1477 2844 Gal.

134 2869 204 2951 Aug.
220 2891 257 2935 ex
272 2873 445 2946 Dositheo,
467 2890 505 2934 ex
524 2872 649 2934 Metone
669 2872 740 2934 XII.
758 2871 822 2935 Cal.
838 2871 934 2952 Aug,
957 2891 995 2933 ex
1019 2871 1147 2934 Eudoxo
1167 2871 1208 2934 X.
1225 2870 1290 2934 Cal.
1305 2869 1385 2950 Aug.
1429 2868 1478 2932 De

136 2959 230 3023 latinis
246 2962 461 3042 scriptoribus,
476 2969 624 3042 quotquot
637 2960 761 3024 Juliana
776 2962 872 3024 forma
887 2962 943 3034 usi,
959 2967 1075 3022 certum
1091 2967 1148 3035 est,
1163 2961 1333 3041 ingressum
1349 2958 1431 3021 Solis
1446 2957 1477 3020 in

136 3047 214 3128 signa
233 3051 359 3114 circiter
373 3051 460 3112 VIII.
477 3050 542 3114 Cal.
557 3050 707 3112 retulisse.
751 3050 874 3114 Fateris
890 3051 966 3112 adeo
987 3050 1053 3131 ipse
1074 3050 1111 3111 de
1127 3050 1178 3112 25.
1188 3049 1270 3112 Julii.
1289 3047 1365 3125 ,Sed
1378 3047 1477 3122 video,

136 3143 162 3196 te
177 3157 297 3202 cansam
323 3139 472 3221 opinionis
494 3139 670 3222 parenthesi
693 3140 966 3221 comprehendisse.
1011 3137 1092 3202 Sunt
1114 3139 1193 3200 enim
1214 3140 1291 3202 haec
1306 3145 1361 3200 tua
1374 3137 1478 3211 verba,

138 3224 179 3288 18.
186 3227 244 3290 Jul.
268 3225 401 3310 (octava
418 3247 458 3290 sc.
475 3229 523 3290 die
546 3235 618 3290 ante
642 3228 721 3290 diem
739 3222 905 3310 2555111).
950 3219 1069 3290 Tritum
1087 3227 1146 3291 hoc
1165 3235 1303 3290 veterum
1323 3226 1477 3308 ipsiusque

138 3311 246 3380 Eudoxi
260 3317 400 3380 habuisti
416 3317 446 3379 in
459 3317 567 3392 animo,
584 3317 718 3382 solstitia
725 3319 756 3380 in
766 3319 884 3380 octavis
893 3318 1032 3399 partibus
1043 3318 1196 3398 signorum
1212 3317 1326 3380 confici.
1356 3317 1404 3379 Ex
1420 3315 1478 3378 hoc

137 3421 164 3464 es
177 3413 409 3487 argumentatus
424 3407 455 3469 in
470 3407 550 3469 hunc
565 3409 701 3470 modum:
725 3407 891 3470 solstitium
912 3427 983 3470 vere
1000 3407 1215 3470 conficiebatur
1236 3407 1402 3469 scientibus
1418 3404 1478 3467 illis

137 3492 265 3558 zetunii
281 3503 318 3559 et
339 3496 371 3558 in
387 3503 498 3558 octavo
515 3509 548 3562 ee
564 3515 602 3558 ex
617 3495 735 3558 illorum
757 3497 907 3578 opinione.
952 3496 1051 3576 Igitur
1072 3515 1112 3557 ex
1125 3496 1246 3558 illomm
1266 3495 1406 3576 opinione
1423 3493 1478 3557 Sol

137 3581 265 3649 resumi
282 3591 336 3649 est
349 3586 381 3648 in
396 3580 435 3648 8⁰
451 3599 494 3660 Θ,
510 3585 560 3648 25.
575 3585 648 3648 Julii
664 3585 695 3648 in
710 3580 750 3648 8⁰
766 3590 805 3662 523
829 3585 955 3668 proinde
978 3585 1027 3647 18.
1040 3584 1115 3647 Julii
1135 3585 1166 3648 in
1182 3580 1221 3648 0⁰
1237 3589 1271 3662 il.
1316 3583 1432 3647 Statim
1446 3583 1478 3645 in

134 3671 220 3752 prima
234 3675 426 3740 assumtione
440 3683 594 3756 peccatur.
623 3675 704 3739 Nam
721 3676 779 3737 etsi
796 3676 915 3758 quidem
930 3675 962 3736 in
977 3693 1056 3737 anno
1065 3675 1197 3750 iuliano,
1210 3674 1256 3737 uti
1270 3674 1297 3736 is
1314 3672 1477 3737 aCaesare

135 3763 260 3840 primitus
275 3765 338 3828 snit
353 3763 522 3839 institutus,
536 3765 692 3826 verissime
709 3765 874 3828 solstitium
888 3765 969 3826 circa
984 3763 1117 3827 2b.Julii
1131 3764 1303 3826 incidisset:
1327 3763 1360 3826 id
1374 3770 1478 3825 tamen

134 3869 187 3913 nou
201 3853 291 3916 scivit
313 3853 438 3934 vulgus,
460 3853 731 3916 non'lassnmest
751 3855 874 3935 vulgus:
897 3853 1021 3934 putavit
1042 3852 1137 3928 enim,
1160 3853 1266 3916 diebus
1287 3851 1477 3934 Sposterius

135 3937 198 4003 ieri.
239 3943 323 4006 Huic
345 3941 480 4024 opinioni
502 3943 609 4005 sarens
631 3941 763 4018 Caesar,
784 3951 820 4005 ut
840 3941 965 4024 pulchre
988 3942 1124 4024 explicat
1145 3939 1300 4023 Scaliger,
1323 3941 1478 4006 calendas

136 4047 227 4094 omnes
242 4031 328 4096 circa
343 4038 471 4094 octavas
487 4032 642 4113 signorum
656 4031 770 4110 retuht
789 4040 825 4095 ut
841 4051 937 4095 annus
954 4031 1106 4094 sciliceta
1120 4031 1203 4113 vulgi
1218 4031 1326 4094 fictitio
1342 4029 1477 4095 solstitio

135 4117 222 4182 iniret.
267 4119 462 4204 Quamquam
476 4121 525 4184 hio
539 4122 637 4183 multa
657 4122 789 4202 interjici
806 4123 954 4184 deberent
973 4121 1015 4183 ad
1029 4121 1149 4185 Eudoxi
1164 4122 1362 4186 traditionem
1377 4118 1476 4200 expli·

136 4209 263 4272 modam*
307 4211 385 4273 Tres
408 4209 488 4272 enim
509 4218 640 4291 possunt
661 4211 793 4273 existere
815 4211 982 4292 opiniones.
1027 4211 1131 4274 Prima
1152 4211 1260 4273 nititur
1282 4229 1357 4273 voce
1373 4219 1477 4288 apaan.

137 4293 182 4360 Sol
195 4298 287 4379 igitur
302 4299 370 4362 dies
383 4299 423 4362 14
434 4307 517 4362 stare
532 4305 667 4382 putatur,
683 4293 703 4363 7
720 4307 791 4364 ante
807 4321 846 4364 aa
860 4321 979 4379 nenpu,
995 4295 1016 4364 'l
1031 4307 1112 4380 post,
1140 4308 1250 4362 octavo
1266 4299 1330 4374 die,
1354 4316 1420 4360 cum
1445 4295 1477 4357 in

137 4393 235 4450 octava
248 4397 340 4471 parte
363 4389 443 4469 signi
465 4395 604 4452 acentro
627 4389 756 4452 bmmali
777 4391 826 4452 vel
851 4390 969 4452 aestivo
986 4389 1143 4465 consistit,
1161 4389 1227 4470 jam
1248 4387 1356 4469 incipit
1370 4384 1477 4448 sentiri

136 4467 251 4557 irpouq
273 4475 401 4559 diesque
417 4478 601 4541 sensibiliter
617 4467 766 4541 crescunt
802 4481 888 4542 Haec
903 4499 964 4542 una
987 4486 1036 4541 est
1058 4479 1113 4541 sed
1128 4479 1287 4542 imbecillis
1304 4474 1476 4556 explicatio.

137 4561 266 4630 Secunda
289 4567 422 4630 sumitur
449 4585 487 4628 ex
512 4568 608 4630 forma
634 4568 775 4650 loquendi
797 4568 953 4643 Romana,
988 4587 1077 4650 quam
1104 4569 1138 4630 in
1169 4565 1336 4633 Censorino
1368 4563 1476 4643 reperi.
1559 4603 1566 4622 .

137 4649 220 4718 Sidus
240 4655 425 4740 aequinoctii
447 4657 616 4720 conlectum
633 4657 732 4720 dicere
756 4658 909 4733 solebant,
933 4658 1052 4737 quando
1075 4663 1246 4738 tempestas
1261 4671 1375 4727 annua,
1397 4670 1475 4734 qnae

137 4742 211 4806 circa
231 4745 453 4828 aequinoctium
475 4747 595 4810 solebat
615 4745 653 4809 iis
676 4746 848 4810 climatibus
868 4747 1018 4820 incidere,
1041 4747 1250 4809 desaeviisset
1295 4741 1364 4804 Hoc
1385 4743 1474 4806 modo

138 4831 213 4898 ndns
226 4834 357 4912 brumae,
378 4835 503 4900 solstitii
518 4835 701 4918 aequinoctii
715 4836 747 4899 in
763 4836 882 4900 octavis
898 4835 1054 4917 signorum
1068 4835 1189 4910 conda,
1208 4838 1335 4895 sonmst
1348 4831 1474 4916 perinde
