3406 5542
169 277 177 293 *
223 301 287 372 288
588 357 592 369 .
723 319 946 376 samaram
958 323 1058 386 cuma

222 470 353 533 materia
367 469 449 532 varie
471 469 552 532 inter
573 485 607 530 se
623 466 791 547 digladiari.
820 469 901 533 Nam
915 476 950 530 ut
964 488 1003 531 ex
1018 467 1127 532 attritu
1142 467 1213 532 ferri
1229 477 1261 531 et
1274 467 1384 551 pyritis
1404 468 1567 546 scintillae,

222 557 267 622 sic
283 577 321 622 er
337 559 477 622 conflictu
493 557 711 621 sententiarum
725 559 840 621 veritas
863 557 988 620 elicitur.
1032 558 1235 638 Disputautes
1251 559 1330 622 enim
1346 560 1453 622 omnia
1472 559 1568 622 etiam

222 647 466 712 reconditissima
481 655 612 722 movent,
628 646 700 708 nibil
715 647 864 710 intactum
879 654 1084 728 praetereunt
1114 648 1224 730 Itaque
1239 647 1265 710 si
1280 647 1318 710 lis
1334 648 1463 731 denique
1480 667 1566 712 com-

220 743 361 818 ponatur,
384 736 409 799 si
425 735 507 816 parti
522 736 612 798 alteri
628 736 666 799 ab
683 737 781 798 altera
797 737 943 811 satisfiat,
965 737 992 799 si
1006 755 1066 799 non
1081 737 1196 817 pudeat
1214 737 1419 818 ignorantiam
1434 739 1568 821 priorem

220 827 320 902 fateri,
336 843 468 889 errorem
482 826 648 908 deponere,
669 826 801 888 vincenti
817 825 985 889 rationibus
1001 825 1175 902 concedere,
1197 832 1262 888 tum
1277 827 1395 891 demum
1410 835 1444 890 et
1457 834 1567 909 partes
1605 821 1611 832 ’

221 923 253 978 et
268 916 318 997 qui
332 932 451 997 pugnae
468 921 661 994 spectatores
677 915 757 978 fuere
774 915 911 978 demota
926 914 1103 996 quaestione
1120 914 1275 978 unanimes
1285 917 1450 992 laetantur,
1467 917 1566 998 deque

220 1005 330 1068 eruta
322 1024 352 1066 m
367 1004 465 1066 lucem
480 1003 611 1068 veritate
628 1003 684 1067 sibi
699 994 899 1085 gratulantur.
943 1004 1016 1066 Ideo
1032 1005 1119 1068 nobis
1134 1004 1223 1068 bodie
1245 1012 1334 1068 tanto
1355 1007 1454 1086 magis
1470 1024 1567 1087 opera

219 1093 320 1156 danda
335 1099 399 1166 est,
421 1111 511 1174 quam
526 1093 695 1170 veteribus,
717 1101 829 1174 quanto
845 1094 1022 1157 remotiores
1038 1093 1076 1158 ab
1094 1101 1198 1158 aetate
1214 1092 1330 1158 Christi
1346 1114 1458 1171 sumus,
1474 1113 1566 1198 quam

217 1182 296 1264 ipat,
330 1182 481 1244 Vanescit
510 1181 589 1244 enim
611 1181 722 1246 sensim
745 1183 777 1245 in
800 1183 951 1246 mentibus
975 1183 1089 1246 uostris
1111 1183 1304 1266 antiquitatis
1327 1184 1397 1248 idea
1421 1185 1566 1266 genuina,

217 1272 388 1352 labiturque
414 1279 548 1352 tempus,
573 1272 817 1352 agglomerantur
841 1273 959 1347 secula,
983 1291 1039 1334 nec
1064 1272 1139 1336 certi
1163 1291 1265 1336 sumus
1286 1273 1344 1337 boc
1367 1273 1435 1355 ipso
1458 1273 1564 1370 seculo

218 1360 413 1424 novissimum
426 1360 543 1423 instare
560 1361 647 1435 diem,
663 1361 745 1442 cujus
760 1362 964 1444 ignorantiam
978 1381 1038 1424 uou
1053 1361 1161 1464 puduit
1174 1361 1289 1425 filium
1280 1381 1379 1444 1psum
1393 1362 1454 1426 Dei
1468 1359 1564 1444 pra'e-

218 1450 358 1526 tendere,
381 1450 452 1531 quia
473 1449 614 1512 voluntas
629 1451 687 1513 Dei
709 1471 769 1515 non
785 1457 867 1526 erat,
889 1459 923 1513 ut
938 1449 1021 1514 illum
1043 1450 1196 1514 sciremus.
1239 1446 1478 1532 Evigilaudum
1468 1452 1565 1533 agitur

217 1545 267 1602 est
281 1539 368 1602 nobis
384 1558 400 1600 e
415 1539 496 1602 mille
514 1557 659 1601 annorum
672 1547 811 1616 veterno,
834 1531 1046 1603 connitendum
1068 1540 1106 1603 ad
1122 1546 1299 1606 accuratam
1320 1540 1564 1644 disquisitionem

206 1647 315 1714 ¹rerum
337 1629 497 1709 bonarum,
518 1647 590 1690 cura
611 1629 817 1710 posteritatis,
839 1649 876 1692 ac
899 1629 924 1692 si
946 1649 1097 1710 nunquam
1111 1629 1165 1693 illa
1179 1629 1315 1692 desitura
1330 1629 1381 1706 sit,
1406 1630 1497 1694 nobis
1513 1639 1564 1693 est

215 1699 423 1803 suscipienda,
456 1713 670 1781 occurrendum
692 1712 862 1782 calamitati
891 1718 1150 1794 luctuosissimae,
1179 1732 1268 1800 quam
1291 1718 1427 1782 intentat
1450 1737 1561 1784 mouu-

215 1807 326 1871 mentis
351 1807 484 1889 antiquis
507 1806 670 1872 hodiernus
694 1815 864 1872 contemtus
898 1815 931 1871 et
953 1807 1169 1886 convalescens
1199 1807 1333 1891 quotidie
1362 1809 1562 1874 novatianum

215 1897 356 1960 studium.

300 1985 355 2050 Ad
367 1985 495 2049 eundern
508 1985 610 2072 itaque
626 1986 728 2062 ιιιιιιιι,
748 1987 847 2050 lector
862 1986 972 2062 amice,
995 1973 1203 2069 comparatam
1218 2005 1286 2051 esse
1310 1994 1434 2051 censete
1455 1987 1560 2050 venti-

213 2073 359 2140 lationem
380 2075 459 2139 banc
481 2075 668 2157 quaestionis
689 2075 911 2152 nobilissimae,
933 2075 1047 2140 editam
1068 2076 1152 2158 prins
1174 2095 1253 2140 anno
1279 2074 1363 2138 1606
1371 2076 1465 2158 ,jam
1487 2096 1560 2140 vero

213 2183 322 2229 recens
336 2165 467 2228 revisam
482 2165 537 2227 et'
528 2185 560 2229 m
576 2165 807 2244 commodiorem
820 2165 956 2229 ordinem
969 2165 1136 2240 redactam,
1156 2165 1266 2247 quippe
1281 2184 1359 2248 quae
1375 2167 1561 2247 opponenda

214 2255 271 2318 fuit
293 2255 489 2340 explicationi
510 2254 755 2318 intricatissimae
782 2255 927 2319 Βοιιοιιι
948 2255 1085 2318 Helisaei
1107 2253 1226 2318 Rdslini
1259 2262 1292 2317 et
1316 2255 1559 2337 oppositionibus

213 2343 303 2407 Sethi
326 2335 452 2409 Calvisii
474 2343 647 2424 chronologi
670 2343 836 2420 nonnullis,
867 2363 905 2407 nc
929 2344 967 2407 iis
989 2342 1185 2406 offenderetis
1209 2349 1263 2406 aut
1287 2343 1443 2406 desertam
1467 2367 1488 2408 a
1511 2364 1558 2408 mc

212 2433 413 2515 patrocinium
428 2433 569 2496 veritatis
591 2435 730 2514 conqueri
744 2452 861 2515 posses.
907 2429 967 2504 Qui
987 2433 1106 2514 quidem
1120 2432 1241 2496 libellus
1261 2440 1385 2514 praeter
1403 2433 1558 2498 utilitates

212 2521 361 2586 hactenus
392 2521 561 2605 explicatas
578 2523 684 2586 ,etiarn
710 2523 790 2586 hanc
821 2521 876 2586 tibi
906 2522 1076 2598 exhibebit,
1104 2530 1140 2585 ut
1164 2521 1280 2585 habeas
1310 2523 1402 2604 quod
1419 2525 1558 2604 profanis

213 2610 439 2676 Christianismi
460 2611 630 2676 irrisoribus
652 2631 691 2674 ex
703 2611 826 2694 Epicuri
849 2612 956 2676 schola
968 2611 1182 2692 argutantibus
1203 2604 1344 2692 (quorum
1365 2611 1455 2676 hodie
1479 2613 1560 2676 inter

210 2701 347 2765 Judaeos
368 2699 573 2783 potissimum,
595 2701 648 2764 sed
664 2708 696 2763 et
710 2701 741 2764 in
758 2698 1000 2765 Christianorum
1020 2699 1233 2766 celebrioribus
1248 2700 1339 2775 aulis,
1358 2699 1391 2762 in
1405 2701 1560 2783 emporiis,

210 2791 243 2854 in
266 2790 422 2873 populosis
445 2791 568 2854 urbibus
596 2809 654 2854 non
678 2809 775 2875 parva
793 2797 843 2853 est
863 2790 1064 2872 frequentia),
1087 2790 1138 2853 ubi
1163 2809 1281 2852 errores
1306 2809 1397 2853 aerae
1421 2799 1560 2868 nostrae,

211 2887 357 2984 tanqpam
373 2881 594 2947 conclamatam
608 2897 731 2943 causam
747 2887 780 2942 et
794 2897 884 2943 ruens
899 2881 988 2942 Ilium
1002 2879 1058 2942 tibi
1074 2878 1249 2960 obJecerint,
1271 2897 1417 2961 opponas,
1439 2899 1559 2964 quoque

210 2988 272 3032 non
285 2969 361 3050 ipsis
376 2976 494 3032 tanturn
512 2989 546 3032 os
562 2969 614 3032 obt
601 2977 700 3044 t,ures
721 2968 775 3031 sed
791 2968 884 3030 etiam
899 2970 1005 3032 tuum'
998 2968 1102 3072 ipsius·
1108 2968 1239 3032 animum
1261 2968 1401 3031 obfirmas
1417 2971 1558 3073 exemplo

210 3059 298 3163 hujus
314 3058 494 3139 objectionis
509 3057 631 3122 tandem
646 3015 775 3121 feliciter
790 3057 962 3134 discussae,
984 3077 1041 3139 quo
1063 3057 1160 3126 minus
1182 3057 1233 3120 ille
1248 3057 1389 3134 vacillet,
1408 3058 1440 3122 si
1463 3060 1558 3122 etiam

121 3163 126 3186 ‘
210 3148 241 3210 in
266 3154 370 3210 cetera
393 3145 588 3212 Christianae
609 3147 764 3229 religionis
787 3153 902 3228 puncta
926 3147 1133 3230 sycophantae
1160 3147 1203 3210 illi
1226 3147 1383 3249 speciosas
1408 3149 1558 3229 quasdam

211 3237 405 3390 girbjectioues,
421 3255 546 3318 qnamm
561 3237 670 3300 solutio
687 3237 742 3300 tibi
758 3255 817 3340 non
834 3236 1098 3312 statimoccurrat,
1114 3237 1198 3300 velut
1207 3234 1320 3300 arietes
1337 3244 1559 3303 auttormeuta

258 3326 384 3389 crerint

658 3657 663 3662 Ι
780 3683 899 3784 Caput
924 3639 972 3756 11ss

251 3867 306 3931 Aa
319 3865 396 3930 toea
410 3871 497 3930 asma
512 3861 650 3946 conplices
664 3860 789 3946 aliquid
793 3868 957 3945 macoma-e
963 3855 1065 3944 poeste
1073 3859 1108 3926 ιιι
1116 3859 1301 3926 associatione
1315 3863 1514 3946 φιιιιιιιίιιιιι

339 3961 473 4028 masos,
488 3974 583 4036 quara
592 3953 777 4036 precamen
791 3953 892 4016 meuc
906 3957 1112 4016 emansores
1127 3957 1173 4016 tot
1183 3957 1268 4016 retro
1283 3949 1420 4016 κοιιιιι

294 4133 376 4206 Sunt
391 4140 501 4209 autem,
517 4132 623 4214 quibus
639 4132 802 4196 absurdum
818 4149 891 4210 essew
902 4129 1030 4205 videtur,
1045 4129 1159 4211 aliquid
1167 4129 1257 4194 bodie
1273 4125 1392 4194 demum
1407 4130 1440 4194 in
1455 4132 1556 4197 lucem

205 4224 333 4306 proferri
349 4224 386 4286 de
396 4221 631 4286 circumstantiis
646 4221 817 4285 nativitatis
828 4219 953 4293 Christi,
969 4218 1049 4301 quod
1063 4239 1118 4301 per
1135 4219 1266 4284 sedecim
1281 4221 1385 4284 secula
1395 4219 1553 4288 Christia-

207 4334 262 4377 nos
284 4313 417 4376 latuerit.
455 4308 572 4383 Quibus
594 4317 629 4372 ut
650 4312 865 4392 respondeam,
886 4309 974 4372 initio
997 4309 1116 4389 quidem
1131 4327 1244 4390 negare
1266 4329 1326 4373 non
1340 4329 1483 4391 possum,
1506 4319 1556 4376 tot

205 4402 423 4466 mutationibus
438 4419 598 4482 regnorum
614 4400 695 4463 orbis
711 4406 861 4466 terrarum
875 4398 945 4461 inde
961 4419 980 4459 a
994 4405 1067 4460 nato
1079 4397 1212 4476 Christo,
1227 4399 1372 4462 totnovis
1388 4400 1555 4483 insiugula

206 4511 282 4573 pene
299 4491 402 4554 secula
417 4488 621 4554 exorientibus
636 4489 819 4564 nationibus,
833 4489 949 4568 linguis
955 4494 987 4550 et
995 4487 1136 4563 moribus
1153 4489 1293 4552 effectum
1302 4509 1381 4564 esse,
1395 4497 1432 4552 ut
1441 4498 1476 4553 et
1491 4491 1552 4554 cir·

207 4580 408 4644 cumstantits
431 4587 600 4660 temporum
621 4578 687 4641 nati
703 4576 820 4641 Christi
841 4577 939 4640 miuus
961 4576 1051 4639 hodie
1073 4577 1164 4658 vulgo
1187 4577 1394 4659 intelligamus
1416 4586 1451 4642 et
1473 4599 1553 4644 nora

116 4725 121 4730 .
206 4669 339 4750 quotidie
363 4668 417 4730 sed
439 4667 572 4730 absurda
593 4667 789 4730 fundamenta
812 4666 961 4729 eruendae
990 4665 1133 4730 veritatis
1156 4685 1310 4749 novasque
1332 4670 1606 4754 persuasiones

206 4759 374 4832 afferamus,
389 4757 495 4837 quibus
510 4775 560 4820 res
576 4755 656 4818 illius
672 4756 765 4820 seculi
779 4775 937 4837 perperam
952 4757 1125 4819 metiamur:
1149 4757 1256 4838 quibus
1278 4757 1315 4819 de
1339 4759 1444 4824 causis
1459 4759 1551 4823 intri-

206 4847 303 4909 catior
317 4845 406 4910 hodie
421 4845 506 4909 facta
521 4851 571 4908 eat
584 4844 661 4908 haee
676 4845 814 4928 quaestio
830 4862 920 4928 qnam
935 4853 1003 4908 erat
1018 4845 1097 4910 olim.
1142 4843 1207 4910 Sed
1227 4854 1260 4910 et
1273 4845 1348 4911 illud
1362 4847 1455 4912 facile
1471 4869 1550 4913 con-
