3412 5538
234 250 296 318 136
709 265 816 331 Kepleri
826 265 912 319 studia
923 265 1105 334 ahrmohgtca

233 414 270 476 dc
287 411 468 494 captivitate
493 412 534 475 10
550 409 696 487 tribuum,
718 427 808 492 quam
824 409 918 474 etiam
932 409 1046 476 Tobiae
1060 397 1250 474 reversuram
1265 403 1429 494 praedicit,
1451 430 1583 476 consea-
1696 433 1697 470 ι

230 509 325 566 tanea
347 502 450 564 diceus
466 499 618 565 vaticiniis
632 498 746 562 Esaiae
769 505 802 562 et
817 498 928 563 Oscae.
957 500 1053 564 Porro
1069 499 1145 564 haec
1156 500 1222 582 jam
1238 501 1331 564 'etiam
1345 502 1384 566 de
1400 500 1583 584 captivitate

232 600 265 656 et
286 591 388 655 reditu
403 591 559 655 Manassis
580 588 711 670 intelligi
732 595 868 670 possent.
906 589 989 652 Sane
1006 609 1071 668 cap.
1081 588 1111 664 4,
1127 591 1156 654 2.
1178 590 1323 672 templum
1344 598 1379 654 et
1396 591 1471 656 urbs
1486 591 1584 654 adhuc

232 682 320 746 salva
343 687 422 745 sunt
465 679 597 745 Notabis
619 697 692 741 vero
715 685 747 740 et
769 678 958 742 vicinitatem
980 679 1109 744 nominis
1123 679 1241 744 Achior
1256 680 1295 742 ad
1309 681 1440 758 Anioch,
1462 680 1514 762 qui
1529 680 1585 745 sub

230 761 319 852 hujus
335 769 417 850 regis
432 768 612 851 Babylonici
628 767 688 831 filio
704 776 956 832 commemoratur
971 789 991 832 a
1004 769 1131 845 Dan.·2,
1147 767 1199 832 24.

321 873 439 948 Quarto
456 875 626 958 quaeritur,
647 876 796 957 quomodo
811 876 940 940 Juditha
963 877 1083 940 dicatur
1105 874 1301 940 consenuisse
1322 876 1355 940 in
1377 877 1467 940 domo
1481 877 1587 941 mariti

195 1031 198 1042 ,
231 974 265 1030 et
287 966 429 1046 attigisse
453 983 564 1028 annum
588 965 660 1029 105.
682 965 782 1041 vitae,
805 971 839 1028 et
852 984 915 1048 pax
930 966 1024 1029 fuisso
1039 965 1143 1028 multis
1160 965 1247 1029 annis
1262 973 1335 1048 post
1355 966 1420 1048 ejus
1439 974 1585 1030 mortem:

232 1075 300 1120 cnm
315 1061 418 1118 tamen
435 1054 522 1118 annis
539 1048 581 1117 27
597 1055 764 1136 posthanc
783 1055 833 1117 13.
848 1055 1107 1138 Nabopolassaris
1122 1056 1295 1118 Jerusalem
1310 1055 1471 1121 destructa
1484 1056 1585 1119 fuerit

229 1144 428 1225 Respondeo:
445 1144 520 1206 nihil
536 1144 651 1219 obstat,
668 1163 758 1226 quam
773 1145 853 1226 quod
866 1146 1002 1208 vetulam
1017 1144 1179 1209 admodum
1194 1145 1288 1208 fuisse
1304 1146 1448 1229 oportuit,
1463 1147 1585 1228 quando
1696 1227 1697 1230 Ἴ

92 1267 105 1300 ι
229 1233 453 1317 pulchritudine
477 1253 532 1296 sua
547 1233 664 1315 placuit
683 1233 852 1297 Holoiemi.
881 1235 929 1299 At
950 1234 1137 1316 impossibile
1156 1254 1217 1298 nou
1241 1241 1303 1311 est3
1326 1235 1512 1299 miraculosa
1527 1234 1586 1298 fuit

228 1323 405 1388 Holofemis
426 1323 630 1400 dementatio,
653 1322 756 1404 quidni
779 1329 813 1385 et
832 1323 1017 1388 miraculosa
1037 1323 1183 1388 Judithae
1198 1324 1402 1404 pulchritudo,
1418 1344 1511 1407 quam
1526 1325 1585 1387 ad-

224 1409 306 1494 juvit
330 1412 424 1476 etiam
445 1413 514 1476 fuco
538 1407 613 1494 (10,
635 1405 755 1494 2-5),
777 1412 829 1476 ubi
852 1431 995 1495 expresse
1018 1413 1143 1488 dicitur,
1164 1414 1327 1478 Dominum
1349 1415 1394 1478 illi
1417 1415 1585 1478 contulisse

229 1502 430 1584 splendorem
482 1501 549 1567 Ant
578 1503 621 1565 sit
645 1521 720 1566 sane
745 1502 885 1584 sphalma
908 1503 940 1566 in
964 1521 1088 1568 numero
1113 1523 1260 1569 annomm
1284 1504 1399 1568 aetatis
1431 1505 1497 1586 ejus
1528 1523 1587 1568 ex·

116 1613 124 1622 ·
199 1663 205 1684 .
228 1599 354 1655 tremas.
773 1629 777 1640 ι
805 1634 810 1646 .

317 1697 458 1780 Denique
472 1697 551 1775 ride,
573 1698 653 1780 qnod
664 1698 730 1780 jam
744 1698 834 1761 modo
851 1698 978 1776 dictum,
1001 1720 1041 1763 an
1057 1699 1198 1782 scriptori
1214 1700 1351 1764 fueritin
1367 1699 1468 1766 animo
1485 1705 1589 1766 status

227 1787 375 1863 Jn'daeae,
390 1787 441 1868 qui
457 1787 512 1850 sub
527 1789 673 1851 Manasse
689 1788 747 1851 fnit
763 1783 853 1870 (aera
868 1782 959 1871 303).

317 1894 404 1958 Aera
419 1894 526 1974 templi
547 1888 628 1969 3793
652 1895 772 1958 Nabon.
791 1888 863 1958 127.
899 1894 1095 1958 Ptolemaeus
1117 1896 1213 1958 refert
1235 1895 1362 1977 eclipsin
1384 1894 1590 1977 3digitorum

229 1982 317 2066 quasi
333 1983 530 2046 observatam
552 1987 572 2045 a'
584 1983 773 2065 Babyloniis.
809 1983 852 2046 Et
874 1983 931 2046 fuit
953 1985 1074 2065 quidem
1095 1984 1167 2048 talis
1184 1985 1334 2066 21.Apr.,
1357 1985 1413 2048 sed
1426 1985 1587 2068 Babylone

228 2071 359 2135 medium
369 2071 498 2153 ejussub
508 2073 635 2135 Terram
650 2073 748 2149 cadit3
758 2081 798 2146 ‚et
813 2073 900 2135 addit
909 2093 947 2134 ex
957 2075 1057 2138 relatu
1064 2082 1315 2151 astronomorum,
1330 2075 1423 2138 fuisse
1434 2073 1464 2138 t.
1475 2096 1588 2140 annum

124 2237 128 2244 .
228 2161 380 2243 Nabopol.
401 2169 493 2244 atque
510 2181 549 2224 ex
563 2162 622 2224 lide
639 2163 763 2224 tabulae
779 2162 1003 2226 astronomicae
1026 2183 1123 2226 annus
1141 2158 1214 2227 127.
1229 2163 1349 2228 Nabon.
1365 2171 1416 2228 est
1430 2165 1461 2228 3.
1476 2165 1586 2229 Nebu-

169 2247 172 2252 “
231 2249 437 2314 cadonosom's.
474 2247 547 2314 Jure
572 2271 644 2332 ergo
659 2251 909 2332 pronunciamus,
929 2252 1140 2316 Ptolemaeum
1162 2253 1254 2316 fuisse
1276 2254 1412 2336 lapsum,
1434 2253 1468 2316 id
1482 2261 1589 2318 tamen

164 2379 167 2384 -
230 2340 309 2403 citra
325 2340 474 2404 damnum.
506 2339 587 2411 Quia
610 2349 714 2404 tamen
730 2341 832 2422 aliqua
847 2341 1002 2423 emphasis
1025 2343 1057 2405 in
1071 2344 1130 2406 hoc
1146 2339 1211 2419 est,
1232 2343 1312 2425 quod
1325 2342 1524 2408 Ptolemaeus
1539 2343 1589 2409 his

228 2429 326 2493 utitur
347 2429 466 2493 verbis:
501 2429 605 2506 „Hora
623 2430 672 2492 ll.
689 2429 847 2494 desinente
871 2431 973 2514 coepit
986 2428 1075 2496 Luna
1090 2431 1228 2508 deficere,
1252 2432 1422 2514 defecitque
1438 2438 1475 2495 ut
1488 2433 1587 2516 pluri-

228 2538 309 2584 mum
324 2526 435 2601 quarta
449 2537 522 2600 pars
538 2519 577 2583 ab
599 2518 735 2595 austro“,
749 2553 795 2564 —
810 2519 858 2584 eni
874 2519 1081 2585 observationi
1101 2521 1241 2604 principii
1256 2522 1453 2586 Ptolemaeus
1475 2530 1589 2606 postea

228 2609 480 2674 ratiocinationes
497 2628 569 2672 snas
585 2609 622 2672 de
638 2608 737 2672 medio
754 2610 946 2692 superstruit,
962 2609 1048 2693 quasi
1058 2611 1177 2676 omnino
1193 2610 1288 2674 verba
1302 2612 1462 2675 retulisset
1477 2613 1588 2677 obser-

230 2706 381 2774 vatomm,
398 2719 475 2781 quae
491 2699 575 2779 ipsos
592 2698 629 2762 de
644 2699 702 2763 hoc
719 2706 879 2777 excusant,
901 2700 981 2782 quod
994 2701 1126 2765 medinm
1142 2701 1264 2783 eclipsis
1281 2701 1335 2765 sub
1351 2703 1479 2766 Terram
1495 2703 1589 2780 cadit,

231 2789 341 2870 quippe
353 2787 563 2864 nonmedinm,
579 2789 633 2851 sed
642 2788 821 2870 principium
832 2809 864 2851 se
881 2789 985 2855 dicunt
1001 2791 1191 2868 observasse,
1205 2824 1251 2838 -
1264 2791 1333 2856 ideo
1349 2791 1478 2858 tentabo
1495 2793 1589 2856 aliam

229 2877 475 2942 conciliationem
489 2877 660 2941 Ptolemaei
677 2897 743 2940 curn
759 2878 866 2943 tabula
886 2881 1106 2957 astronomica,
1128 2900 1167 2944 ex
1189 2901 1248 2963 qua
1269 2887 1507 2945 consentaneum
1530 2889 1588 2960 est,

163 2957 166 2970 '
227 2967 438 3031 Ptolemaeum
453 2967 553 3048 ipsum
571 2987 642 3030 suas
660 2965 891 3032 observationes
907 2970 1106 3052 excerpsisse.
1144 2970 1181 3033 Id
1197 2977 1299 3035 autern
1315 2971 1359 3034 sic
1375 2971 1538 3048 succedet,
1561 2973 1588 3036 εἰ

229 3075 267 3122 ex
289 3057 540 3139 Nabopolassaro
561 3056 733 3121 Ptolemaei
760 3063 899 3120 nostrum
926 3059 1274 3137 Nabuchodonosorem,
1308 3077 1347 3122 ex
1376 3061 1482 3144 quinto
1512 3082 1587 3126 vero

228 3145 294 3228 ejus
310 3165 389 3210 anno
412 3166 468 3210 nos
485 3145 609 3209 tertium
626 3145 821 3210 effecerimus.
851 3147 894 3212 Et
917 3147 1066 3231 deprimo
1083 3149 1204 3230 quidem
1225 3153 1286 3213 no'n
1302 3155 1352 3212 est
1372 3169 1486 3232 magna
1502 3151 1586 3226 didi-

228 3235 342 3311 cultas3
374 3235 480 3300 crebro
503 3237 585 3317 apud
605 3235 780 3314 Juditham,
800 3236 968 3318 Josephum
993 3245 1025 3302 et
1045 3238 1225 3316 Eusebium,
1249 3239 1385 3322 adeoque
1408 3247 1442 3306 et
1464 3248 1587 3306 ceteros

228 3323 366 3390 Graecos
383 3332 607 3390 commutantur
621 3324 699 3387 haec
715 3326 773 3388 dno
789 3327 919 3390 nomina.
944 3329 979 3390 In
996 3328 1128 3392 secundo
1144 3329 1265 3392 facilem
1278 3328 1378 3392 habeo
1393 3327 1588 3412 Scaligerum

228 3421 260 3477 et
276 3415 451 3478 demonstro
468 3415 602 3479 camillo
619 3415 776 3479 exBerosi
791 3414 901 3493 verbis,
915 3415 1247 3482 Nabuchodonosorem
1263 3419 1502 3500 regemfactum,
1518 3441 1588 3485 cnm

175 3521 184 3546 ¹
225 3511 316 3586 peter
331 3505 429 3588 ipsum
443 3505 475 3568 in
490 3506 667 3587 Aegyptum
690 3505 844 3582 mitteret,
866 3506 975 3589 quippe
998 3529 1147 3586 ovcrqoac
1162 3531 1237 3591 μερη
1259 3529 1323 3571 arva
1344 3529 1396 3587 της
1417 3514 1584 3588 daromae.

225 3593 335 3676 Itaque
367 3596 393 3660 si
417 3615 473 3659 rex
497 3595 598 3659 factus
623 3602 696 3658 ante
729 3594 952 3677 expeditionem
981 3615 1059 3661 auno
1088 3598 1208 3662 Nabon.
1239 3599 1311 3662 123.
1341 3598 1400 3662 erit
1428 3599 1480 3664 hic
1512 3596 1585 3665 127.

226 3683 358 3769 quintus.

313 3792 400 3855 Aera
421 3791 528 3874 templi
550 3785 630 3855 387:
662 3797 789 3873 quartus
812 3789 969 3855 Sedeciae.
1005 3791 1149 3858 Ezechiel
1177 3788 1227 3878 (1,
1252 3788 1287 3877 1)
1309 3801 1451 3861 numerat
1473 3817 1586 3860 aunum

226 3881 278 3945 30.
295 3881 425 3945 obscura
441 3900 543 3946 causa.
575 3877 715 3962 Scaliger
729 3881 797 3944 vult
811 3880 863 3945 30.
878 3881 1038 3965 Nabopol,
1054 3884 1110 3947 sed
1123 3889 1242 3966 pugnat
1255 3885 1315 3948 hoc
1332 3903 1399 3948 cunr
1413 3885 1474 3948 fide
1490 3887 1583 3950 tabu-

224 3971 323 4034 larum
339 3969 606 4052 genethliacorum.
636 3969 700 4033 Alii
716 3991 736 4036 a
750 3969 908 4048 Jubilaeo,
931 3973 1010 4054 quod
1031 3991 1117 4036 meae
1140 3973 1276 4040 rationes
1291 3993 1467 4056 mecumque
1487 3975 1584 4058 pleri-

226 4079 283 4144 que
306 4067 468 4142 respunnt;
491 4059 694 4141 Hieronymus
717 4059 828 4123 alicubi
851 4059 892 4122 ad
916 4060 965 4125 18.
980 4061 1095 4126 Josiae.
1131 4063 1208 4145 Ego
1223 4084 1347 4142 censeo,
1370 4063 1455 4128 innui
1471 4086 1584 4132 annum

224 4148 403 4233 prophetae.
433 4149 546 4212 Forma
566 4148 723 4230 loquendi:
749 4149 833 4231 „ipse
858 4145 980 4232 (quinte
1002 4146 1120 4234 quarti)
1143 4161 1193 4217 est
1214 4174 1312 4218 annus
1334 4153 1457 4237 quintus
1473 4162 1582 4220 mans·

223 4237 416 4320 migrationis
430 4236 617 4306 Jechoniae“
642 4238 687 4300 ita
703 4247 803 4315 sonat,
824 4259 860 4303 ac
876 4239 903 4302 si
918 4241 976 4304 hoc
993 4241 1041 4304 die
1056 4249 1230 4307 verteretur
1246 4263 1352 4319 annus,
1368 4262 1426 4325 quo
1443 4243 1494 4308 die
1510 4253 1583 4310 ante

226 4349 322 4393 annos
344 4328 364 4391 4
386 4335 494 4408 captus
515 4333 599 4392 esset
618 4326 697 4390 iilius
716 4327 866 4392 Joachim.
910 4329 1055 4395 Ezechiel
1082 4351 1163 4396 nova
1187 4340 1279 4400 utens
1302 4351 1374 4396 aera
1394 4353 1459 4398 nou
1473 4341 1582 4400 mans-

224 4421 285 4484 fert
299 4425 406 4482 tamen
420 4417 566 4484 terminos
582 4417 653 4481 anni
667 4416 790 4481 Judaici
804 4419 882 4481 fixos
898 4420 1066 4502 antiquitus
1081 4421 1223 4505 inprime
1240 4423 1289 4486 die
1303 4421 1473 4506 paschatis.

313 4525 404 4599 Quod
425 4544 497 4588 vero
514 4523 718 4608 quantitatem
739 4525 854 4590 attinet
868 4527 1031 4605 mensium,
1051 4529 1215 4593 verisimile
1232 4537 1294 4608 est,
1316 4529 1401 4596 illam
1417 4554 1437 4594 a
1452 4532 1581 4598 Judaeis

224 4617 381 4699 Babylone
405 4615 586 4698 degentibus
600 4621 756 4696 receptam
779 4616 872 4679 fuisse
895 4617 1108 4701 aBabyloniis
1132 4619 1269 4686 dominis.
1307 4619 1462 4686 Solebant
1478 4629 1582 4688 autem

225 4706 268 4770 illi
282 4725 402 4771 menses
419 4705 573 4770 celebrare
590 4704 786 4781 tricenarios,
809 4706 874 4770 dies
889 4727 962 4771 vero
979 4707 998 4772 ὁ
1015 4709 1197 4774 Musteraka
1213 4711 1322 4787 dictos,
1337 4718 1373 4776 ut
1390 4711 1483 4776 docet
1498 4711 1580 4777 Sca-

224 4795 310 4875 liger,
325 4795 497 4878 appendere
513 4795 554 4858 ad
569 4813 636 4858 eum
650 4813 800 4872 mensem,
823 4797 873 4878 qni
895 4798 1058 4864 claudebat
1079 4800 1176 4864 vitam
1196 4808 1231 4866 et
1251 4819 1380 4884 regnum
1396 4803 1581 4870 decessoris.
