3412 5538
244 286 310 356 150
721 309 921 376 nepum-eus
932 301 1112 377 55555555

186 487 189 505 ι
248 452 349 516 551555
373 459 436 515 est:
467 451 577 515 tertius
602 452 726 534 quisque
750 455 808 518 hoc
830 468 996 535 cognomen
1017 453 1130 522 habere
1148 451 1249 534 potuit
1271 453 1311 516 ab
1335 446 1510 531 'exemtione
1532 451 1593 515 diei

243 541 343 617 unici,
366 541 421 604 sed
437 543 508 622 qnia
522 541 614 604 tertio
638 560 754 624 quoqne
771 561 849 606 anno
873 542 1022 624 completo
1045 547 1225 605 excrescunt
1242 541 1336 605 horae
1354 541 1542 624 appendices
1560 543 1592 604 in

245 629 326 694 diem
349 637 382 693 et
403 631 544 712 amplius,
565 631 611 692 ita
629 637 664 692 ut
683 631 714 693 in
734 632 821 695 annis
842 626 884 695 57
900 631 1085 712 simplicibus
1103 633 1179 694 fiant
1200 631 1266 694 dies
1289 630 1328 694 19
1345 631 1540 712 etamplius,
1560 631 1593 692 in

157 777 160 782 .
243 720 374 784 totidem
389 719 547 784 Solaribus
563 717 628 784 dies
644 719 703 796 25,
722 731 790 784 555
810 729 913 786 tamen
926 739 1048 784 menses
1068 739 1171 783 eorum
1192 720 1231 782 21
1249 720 1435 784 intercalarii
1454 720 1540 801 pleni
1556 721 1592 782 de

243 809 291 872 leis
307 816 504 890 compensent
518 808 616 872 minus
631 828 721 891 qnam
738 803 818 894 107,
839 810 920 885 11555
940 816 1061 873 restant
1075 809 1168 891 igitur
1182 809 1334 872 inserendi
1349 817 1439 873 extra
1455 809 1594 872 ordinem

244 898 309 962 dies
326 898 445 961 circiter
463 897 512 960 lo.
550 897 615 962 Sed
636 899 706 980 quia
726 899 797 962 anni
819 894 861 962 57
878 919 938 962 555
954 907 1026 961 sunt
1040 899 1153 961 dividui
1173 898 1398 981 51555555,
1418 899 1445 962 si
1467 899 1593 981 quintus

115 1035 123 1044 .
244 989 368 1070 quisque
386 1007 482 1050 annus
505 987 562 1050 luit
576 981 774 1068 o‘nopppepor,
793 986 824 1050 in
845 983 887 1051 57
908 989 995 1050 55515
1014 989 1135 1069 5555551
1156 1007 1299 1064 5555555;
1328 987 1462 1051 51515515
1487 989 1593 1069 itaque

244 1077 419 1140 eximendus
435 1076 494 1139 erit
512 1077 663 1140 interdum
679 1077 744 1140 dies
759 1081 836 1140 5555
851 1085 941 1140 extra
956 1077 1103 1152 ordinem,
1125 1084 1217 1159 atque
1232 1078 1260 1139 is
1276 1078 1303 1140 51
1318 1097 1357 1140 ex
1376 1097 1435 1140 nno
1452 1077 1593 1140 5555551-

243 1183 357 1229 morum
378 1166 525 1228 mensium
544 1166 707 1242 eximatur,
725 1166 791 1246 'jam
810 1167 865 1229 fiet
886 1166 1015 1230 biduum.
1054 1163 1211 1236 Quomodo
1236 1184 1309 1229 5555
1332 1165 1456 1230 biduum
1480 1167 1539 1228 fiat
1563 1165 1593 1228 in

243 1255 407 1330 additione,
422 1254 554 1318 nondum
568 1255 626 1319 hac
640 1256 692 1319 ria
705 1262 803 1337 55555
832 1257 932 1319 Forte·
941 1255 1034 1336 igitur
1048 1256 1174 1337 politica
1189 1275 1283 1319 55555
1293 1256 1358 1318 1515
1382 1255 1428 1318 115
1443 1256 1470 1319 51
1487 1273 1593 1318 verum

119 1389 124 1400 ,
148 1339 151 1348 '
243 1343 390 1407 Petavins
408 1343 560 1408 divinaret
579 1346 617 1408 de
638 1344 772 1408 secunda
790 1344 1022 1408 Bobdromionis
1045 1341 1163 1426 semper
1183 1345 1364 1419 exemtibili,
1387 1344 1479 1427 idque
1503 1352 1594 1408 extra

133 1499 135 1510 ,
244 1433 380 1496 ordinem
400 1434 556 1516 plenorum
575 1442 608 1497 et
630 1453 784 1499 carorum:
812 1434 946 1497 vicissim
968 1434 1173 1515 Metagitnion
1196 1441 1286 1498 extra
1308 1433 1445 1497 ordinem
1468 1433 1592 1496 adscis-

243 1529 327 1586 ceret
349 1523 442 1586 diem:
473 1531 506 1587 et
527 1523 632 1606 quinto
655 1524 734 1588 lorte
757 1541 836 1586 anno
859 1524 1046 1587 adscisceret
1068 1523 1198 1587 alterurn
1220 1523 1258 1586 ob
1279 1523 1413 1600 Lunam,
1436 1531 1473 1586 ut
1498 1523 1590 1586 modo

243 1612 364 1676 dictum.
525 1635 532 1644 ·
609 1664 613 1672 ,

328 1701 378 1764 Elx
394 1713 458 1782 555.
476 1700 525 1764 15.
546 1701 708 1782 praevideo
729 1702 820 1766 aliam
839 1701 1053 1783 objectionem,
1073 1720 1161 1783 qnam
1175 1701 1322 1766 Petavius
1337 1702 1429 1778 texit,
1453 1701 1592 1782 urgendo

240 1790 336 1854 rerba
352 1789 486 1870 Gemini,
508 1809 544 1853 55
560 1791 586 1854 51
607 1792 634 1854 15
651 1792 687 1854 15
710 1791 847 1854 omnibus
867 1795 1006 1858 55555555
1027 1790 1179 1854 mensibus
1195 1792 1341 1867 affirmet,
1362 1793 1433 1855 illos
1455 1789 1502 1853 515
1517 1811 1593 1852 rasa

245 1881 365 1958 5555555
387 1886 488 1956 55555,
508 1886 620 1944 55555
642 1881 851 1963 discreparent
871 1879 993 1960 5111555
1014 1899 1124 1943 555555
1144 1901 1163 1943 5
1182 1881 1328 1961 phasibus
1353 1879 1591 1962 cognominibus

243 1969 340 2050 Atqui
360 1987 421 2032 non
439 1976 559 2032 tantum
579 1977 642 2046 555,
665 1971 744 2052 qnod
763 1971 838 2034 dicit
857 1968 1012 2032 Geminus.
1051 1969 1157 2032 Utitur
1181 1971 1261 2032 enim
1279 1971 1431 2052 particula
1454 1965 1592 2051 (1555555.

246 2055 356 2135 „Quod
371 2057 463 2133 enilu,
483 2058 593 2140 inquit,
614 2067 755 2122 accurate
772 2059 837 2122 dies
853 2058 1017 2121 secundum
1030 2058 1148 2122 Lunam
1163 2067 1309 2140 5555555,
1332 2065 1513 2140 argumento
1535 2065 1592 2134 est,

243 2146 323 2229 quod
332 2144 414 2209 Solis
431 2146 561 2230 deliquia
577 2148 730 2212 tricesima
746 2149 803 2224 die,
818 2149 923 2212 Lunae
939 2166 1011 2210 5555
1021 2153 1111 2210 nocte
1121 2148 1373 2230 illaoontingant,
1387 2167 1465 2230 qnae
1482 2147 1590 2211 dicho·

243 2235 394 2298 maenium
413 2237 598 2318 praecedit“
633 2235 670 2300 Id
689 2238 791 2319 potnit
807 2240 875 2318 ipse
895 2244 978 2300 recte
995 2236 1096 2300 dicere
1115 2237 1231 2300 155515
1251 2235 1456 2320 temporibns;
1480 2237 1520 2300 15
1535 2255 1591 2299 55-

243 2325 337 2388 555515
352 2326 488 2408 nequivit
502 2325 632 2408 5511555
647 2327 775 2391 Petavio
790 2327 952 2408 largiente,
972 2325 1176 2392 5555155515
1189 2326 1317 2407 primam
1337 2327 1430 2390 151555
1450 2326 1591 2390 51515515-

244 2413 359 2476 simam
391 2411 472 2485 Quid
491 2415 584 2506 igitur
603 2417 768 2497 exprobrat
783 2416 940 2497 Scaligero
962 2415 1132 2478 dissensum
1148 2437 1166 2478 a
1180 2415 1435 2479 Lunamensium
1458 2434 1591 2498 sequen·

244 2501 340 2566 tium?
371 2501 460 2574 Quod
482 2524 542 2569 non
559 2523 594 2567 5ο
611 2504 692 2581 dico,
712 2511 747 2568 ut
768 2499 1008 2586 Scaligerianam
1027 2505 1229 2569 5555555515
1249 2506 1422 2583 defendam,
1445 2505 1503 2569 sed
1521 2505 1592 2587 quia

244 2591 337 2656 otiam
354 2611 451 2667 meae,
471 2611 561 2674 quem
574 2594 731 2658 Romanae
751 2595 878 2658 similem
898 2595 973 2670 dixi,
992 2599 1102 2676 potest
1118 2593 1206 2674 objici
1227 2613 1267 2658 ex
1285 2603 1384 2676 parte.
1422 2593 1496 2656 Etsi
1512 2595 1591 2657 enim

243 2687 311 2745 toto
330 2681 403 2744 mihi
422 2682 544 2746 biennio
564 2690 721 2765 comparet
739 2682 827 2746 Luna
845 2683 951 2748 diebus
972 2685 1048 2759 suis,
1072 2691 1107 2746 at
1126 2691 1200 2764 post
1218 2683 1447 2748 intercalarium
1466 2684 1590 2766 brevem

243 2789 378 2835 mensem
394 2771 555 2860 dissentire
570 2771 684 2854 incipit

331 2861 377 2924 At
391 2879 463 2924 vero
479 2860 628 2926 sacrificia
643 2882 743 2924 annua
757 2861 922 2936 trieterica,
938 2859 1138 2924 tetrabterica
1150 2881 1211 2926 non
1227 2861 1463 2926 celebrabuntur
1479 2859 1589 2925 55155

242 2949 348 3012 Luna?
379 2949 471 3025 Esto,
493 2950 651 3014 dummodo
668 2951 774 3013 eadem
789 2951 836 3014 die
852 2973 872 3013 a
887 2958 973 3014 certa
987 2951 1092 3014 Lunae
1114 2951 1204 3032 phasi
1226 2951 1431 3017 denominata.
1460 2949 1507 3014 Et
1522 2951 1591 3034 quid

243 3039 275 3102 51
285 3058 346 3103 555
361 3038 462 3102 omnia
483 3039 602 3102 nonnisi
617 3041 773 3103 trieterica
787 3039 937 3122 Dionysia
950 3040 1057 3104 Lunae
1080 3039 1327 3115 celebrabantur,
1350 3059 1404 3105 seu
1418 3040 1525 3104 Diana
1539 3041 1591 3104 illa

245 3145 300 3190 seu
314 3128 433 3191 Hecate
456 3128 566 3192 inerit?
598 3127 679 3200 Quid
702 3129 743 3204 si,
764 3137 800 3192 nt
822 3130 861 3191 ad
876 3129 1065 3210 scaligerum
1078 3147 1127 3192 me
1143 3128 1275 3193 scribere
1298 3131 1435 3205 memini,
1459 3131 1511 3193 hic
1526 3129 1591 3211 ipse

243 3217 399 3280 dissensum
420 3217 526 3280 Lunae
549 3219 693 3282 coelestis
714 3219 868 3300 mysteriis
891 3218 1045 3282 trivultiae
1067 3219 1187 3282 Dianae
1210 3226 1407 3282 consecratus
1430 3219 1512 3282 init?
1549 3218 1592 3281 Ut

243 3306 314 3388 quia
334 3305 430 3386 primo
453 3324 532 3370 anno
555 3308 667 3371 festum
688 3307 762 3370 illud
776 3307 895 3370 Dianae
917 3306 1024 3370 babuit
1046 3301 1244 3383 novilunium,
1266 3309 1359 3372 tertio
1383 3302 1472 3389 (post
1492 3307 1592 3370 inter-

245 3394 389 3458 calarium
411 3395 533 3458 brevem
556 3397 598 3458 22
620 3390 751 3477 dierum)
775 3397 880 3458 eodem
901 3397 982 3459 festo
1004 3395 1093 3459 Luna
1116 3397 1304 3461 dichotomos
1326 3415 1415 3460 mane
1439 3397 1592 3480 apparuit,

244 3483 348 3565 quinto
363 3483 462 3565 plena,
479 3483 607 3568 septimo
624 3485 813 3551 dichotomos
827 3485 957 3567 vesperi,
972 3503 1050 3547 nono
1066 3505 1183 3548 rursum
1198 3505 1279 3550 nova
1293 3487 1365 3550 lere.

330 3572 380 3636 En
401 3573 570 3636 tiivnltiam
590 3571 699 3654 bffld.
730 3574 856 3638 Postica
878 3575 974 3638 vicem
995 3582 1136 3655 praestat
1151 3575 1256 3638 Lunae
1279 3595 1392 3650 novae,
1414 3575 1590 3658 55155515-

244 3662 441 3742 conspicuae,
462 3670 498 3725 ut
519 3663 573 3726 illa
594 3664 698 3727 antica
718 3671 767 3726 est
787 3664 896 3745 plenae
911 3661 1034 3739 Lunae,
1056 3664 1180 3740 dextra,
1202 3665 1327 3728 sinistra
1343 3671 1414 3729 sunt
1435 3685 1488 3743 της
1508 3671 1591 3748 διχο-

244 3773 349 3831 copon.

332 3841 426 3904 Aliud
438 3840 520 3904 'mihi
541 3841 599 3923 ipsl
622 3839 730 3922 objicio
752 3859 791 3904 ex
805 3841 969 3923 Dionysio,
990 3842 1042 3905 ubi
1057 3842 1136 3905 diem
1150 3842 1199 3906 1111
1214 3842 1313 3905 555551
1327 3842 1431 3924 555115
1450 3850 1593 3906 octavam

246 3927 432 4011 disparentis
455 3931 505 3994 23.
516 3931 742 4011 Τ155555115515,
766 3926 806 3995 17
829 3930 934 3994 debus
957 3938 1029 3994 ante
1052 3930 1232 4008 solstitium,
1254 3950 1321 3996 cum
1342 3939 1502 3995 restarent
1523 3940 1594 4014 post

245 4019 411 4084 solstitium
433 4019 498 4084 dies
521 4022 562 4083 20
585 4019 729 4083 adfinem
751 4020 830 4084 anni.
865 4019 997 4083 Videtur
1020 4021 1099 4084 enim
1120 4020 1151 4085 15
1173 4040 1252 4084 5555
1274 4022 1372 4084 555551
1395 4018 1593 4095 Graecorum,

244 4117 405 4191 quem'ego
422 4108 525 4185 doceo,
539 4128 599 4172 non
614 4127 705 4190 posse
721 4108 794 4185 11551,
809 4108 1128 4186 utlieoatombaeone,
1144 4109 1353 4174 tetraeteridis
1368 4110 1477 4191 primo,
1493 4132 1514 4172 5
1529 4109 1591 4173 sol·

245 4198 331 4262 stitio
345 4197 526 4278 incipiente,
548 4197 712 4262 solstitium
727 4199 759 4260 in
773 4198 834 4261 ullo
850 4197 1039 4279 sequentium
1061 4219 1208 4262 annorum
1227 4199 1320 4262 cadat
1336 4199 1384 4262 115
1400 4198 1429 4263 9.
1447 4198 1592 4262 Scirrbo-

243 4288 408 4370 phorionis.
438 4287 616 4351 'transactis
633 4285 798 4355 enimanni
812 4287 900 4368 primi
916 4287 1021 4351 diebus
1037 4288 1158 4364 35115
1173 4307 1252 4352 anno
1269 4291 1299 4352 2.
1312 4289 1593 4353 Hecatombaeonia

245 4377 405 4440 undecima
427 4376 591 4438 solstitium
613 4383 808 4457 assequetur,
830 4378 861 4439 in
877 4377 1017 4451 annot..
1040 4379 1159 4460 quando
1175 4376 1283 4459 idjam
1298 4378 1329 4441 15
1344 4377 1527 4442 1155555551).
1543 4379 1592 4440 22

245 4467 445 4528 transiturum
461 4473 560 4540 esset,
581 4464 693 4528 mensis
709 4465 823 4528 dierum
839 4467 880 4528 22
895 4465 1095 4530 intercalatus
1117 4467 1261 4530 restituet
1281 4466 1313 4530 id
1333 4467 1592 4532 151115555515-

247 4555 383 4620 basonis.
423 4551 510 4624 Quod
535 4553 573 4616 de
589 4555 617 4614 2.
633 4561 666 4616 55
681 4555 710 4616 3.
726 4553 855 4631 dictum,
876 4555 956 4619 idem
978 4555 1071 4618 etiam
1094 4554 1175 4617 154.
1193 4565 1225 4618 55
1240 4556 1269 4622 5.
1285 4557 1494 4637 repetendum
1528 4557 1593 4619 Re-

247 4645 398 4725 spondeo,
420 4641 599 4732 Dionysium
620 4643 819 4706 recentiorem
841 4663 925 4719 esee,
953 4644 1030 4708 vixit
1052 4644 1132 4706 enim
1154 4644 1255 4709 seculo
1278 4645 1435 4709 Christum
1457 4646 1593 4728 proxime

247 4731 450 4796 antecedenti
481 4728 561 4802 Ouid
577 4730 684 4810 igitur,
707 4732 733 4795 si
747 4731 879 4813 loquitur
895 4733 932 4796 de
955 4753 991 4795 ea
1006 4733 1212 4797 conversionis
1232 4733 1314 4798 Solis
1337 4733 1494 4816 opinione,
1516 4753 1592 4816 quae

247 4836 301 4884 555
317 4827 453 4903 tempore
468 4819 526 4884 init
539 4820 691 4884 Athonis?
723 4818 805 4894 Quid
820 4821 846 4885 si
860 4841 915 4906 555
929 4821 1008 4886 hanc
1022 4823 1224 4888 recentiorem
1245 4845 1294 4904 cpe
1308 4845 1422 4906 eponae
1437 4823 1532 4905 seond
1547 4822 1592 4886 551
