3310 5538
558 319 929 392 connumerassent.
1240 325 1242 334 ’
1342 294 1347 306 ’
1392 301 1412 370 t

79 462 181 539 Glari,
202 479 302 546 neque
319 464 435 542 cunei,
455 465 514 530 imo
534 483 573 528 ue
588 471 657 530 tote
671 465 791 551 quidem
812 466 889 530 coeli
910 465 1050 532 machine
1071 465 1181 530 solvet·
1223 463 1325 530 Etiam
1338 463 1415 530 illud
1487 475 1495 486 ’

78 557 189 619 nicrum
201 557 297 617 teneo
313 553 464 619 tirmiter:
486 572 592 636 parum
606 563 639 618 et
652 556 806 622 minimum
827 555 898 638 quid
914 575 981 620 esse
997 556 1221 622 commoditatis
1237 573 1276 620 ex
1291 573 1412 620 correc-

78 644 147 708 tione
165 638 207 724 (si
227 643 373 706 maxime
391 645 557 727 perfectam
571 640 734 728 tingamus)
755 646 928 728 paschatis,
950 644 1025 710 nihil
1047 645 1166 710 omuino
1189 665 1228 709 ex
1243 645 1413 709 exemticne

78 733 405 815 ltdinumseqnutae,
420 752 477 819 qno
494 753 527 796 se
542 735 703 799 venditare
711 736 780 818 jure
795 735 894 817 possit
904 733 1071 817 Gregorius
1087 736 1230 800 contrad.
1241 734 1415 800 Gaesarem.

77 823 166 904 sque
180 839 250 886 snm
263 821 301 886 iu
315 821 378 888 illo
393 821 475 887 inani
489 830 587 898 metu,
609 843 647 887 ne
662 824 790 889 mundus
804 844 841 887 ec
856 843 950 907 usqne
970 825 1074 900 duret,
1096 825 1167 888 dum
1180 824 1297 906 pascha
1310 824 1343 887 in
1357 844 1413 888 au·
1495 847 1498 866 ¹

74 921 193 976 nmunm
214 917 250 974 et
273 911 402 976 coelum
423 911 454 975 iu
476 919 590 976 terrem
611 915 711 979 cadat
757 912 837 986 Quin
857 913 917 976 imo
939 914 1009 977 hoc·
1021 931 1088 977 esse
1102 920 1177 996 puto
1197 913 1415 982 correctionem

74 1003 139 1064 leuc
152 999 250 1064 urrini
265 1001 414 1083 politico,
429 1001 508 1085 quod
522 1001 628 1084 quinta
642 1010 713 1068 rota
727 1003 833 1068 cunni.
862 1002 941 1068 illud
954 1003 1049 1091 etiam
1064 1002 1290 1084 cumtheolcgis
1301 1002 1415 1066 sentio:

71 1089 372 1172 ermnmiciendum
386 1091 479 1154 luisse
494 1109 555 1156 non
576 1093 705 1168 nucea,
727 1112 765 1156 ns
788 1110 847 1176 que
865 1092 965 1156 lateat
984 1092 1092 1174 anguis
1110 1091 1142 1156 in
1161 1092 1265 1156 herba
1308 1093 1415 1174 Neque

72 1199 113 1243 ne
126 1181 201 1260 iugit
214 1179 387 1261 politicum
400 1179 600 1262 magistratus
616 1181 787 1257 consilinm
807 1181 857 1264 qni
878 1179 1120 1246 adversariorum
1138 1180 1291 1264 ingenium
1306 1181 1414 1262 cogni-

71 1279 125 1332 tam
138 1269 249 1344 babet,
272 1277 312 1332 et
328 1277 464 1352 quautam
479 1269 525 1334 sui
541 1271 655 1336 tacitus
677 1272 759 1353 apud
772 1271 842 1348 illos
857 1277 1028 1336 contemtus
1051 1289 1090 1334 ex
1111 1271 1285 1352 receptione
1301 1269 1414 1335 Gelen-

71 1357 137 1422 darii
157 1365 328 1422 secutms
352 1359 410 1436 sit,
439 1358 620 1423 considerat
670 1361 794 1425 Mordet
815 1359 894 1424 enim
913 1360 963 1424 vel
985 1361 1052 1425 sola
1073 1359 1221 1442 cogitatio
1244 1359 1320 1426 victi
1341 1377 1414 1441 pro·

146 1536 235 1600 Haec
250 1555 329 1600 cum
346 1535 393 1602 ita
407 1543 543 1613 teneam,
564 1537 595 1601 iu
612 1539 723 1602 ceteris
737 1537 770 1601 iu
784 1555 896 1620 magna
911 1557 977 1602 sum
991 1538 1120 1604 haeresi.
1151 1535 1232 1611 Quid
1248 1537 1327 1602 enim
1342 1543 1417 1619 aget

15 1645 17 1676 t
71 1623 245 1690 Gemonias
271 1626 455 1692 dimidium?
493 1625 642 1699 Quamdiu
665 1625 827 1692 dissidebit
847 1627 886 1691 ab
907 1627 1031 1710 Europe
1052 1627 1188 1712 reliqna?
1222 1629 1337 1692 Festos
1357 1626 1416 1690 im-

71 1715 189 1780 mutavit
195 1715 354 1791 Bavaria,
367 1715 550 1793 Vindelicis,
563 1715 702 1793 Austris,
718 1715 833 1799 scyris,
847 1717 1004 1794 Bclremia,
1017 1717 1216 1781 meditullium
1225 1716 1417 1791 Germaniae,

71 1805 202 1887 Epsecpi
215 1804 373 1881 unirent
391 1805 550 1888 Hispania,
570 1805 683 1883 Gellia,
701 1805 803 1882 Italia,
820 1805 987 1887 Hungaria,
1005 1807 1141 1871 Polouia
1178 1807 1314 1871 Restant
1328 1824 1418 1888 reges

73 1895 303 1975 septentrionis,
325 1892 403 1958 mari
418 1915 438 1958 e
452 1895 539 1960 uobis
555 1895 652 1958 divisi
685 1894 859 1959 Facillimns
874 1895 963 1960 uobis
979 1904 1028 1960 est
1043 1895 1145 1960 aditus
1160 1895 1200 1959 ed
1215 1895 1418 1970 novationem,

73 1983 147 2046 nuda
159 1983 295 2066 amplior
319 1983 485 2048 metuenda
506 1984 650 2050 conlusio.
695 1981 777 2057 cmo
799 1985 1032 2066 exspectemus?
1061 1987 1143 2050 Num
1160 1993 1196 2048 ut
1209 1986 1295 2049 Deus
1310 1983 1418 2068 aliquis

74 2072 238 2137 susachim
259 2073 413 2156 prodiens
435 2091 539 2138 omues
558 2073 628 2164 illos
647 2074 846 2156 magistratus
865 2071 1027 2156 Evangelii
1046 2074 1113 2138 luce
1134 2069 1302 2139 illuminet?
1330 2074 1419 2148 bbtc,
1496 2139 1498 2146 ,

73 2161 240 2244 intingens
254 2163 324 2227 hoc
338 2183 436 2243 espec.
465 2164 545 2226 Num
558 2169 723 2244 propterea
732 2181 897 2245 speramus,
912 2163 982 2228 illos
995 2164 1186 2246 projecturos
1202 2163 1419 2228 correctionem

74 2251 156 2314 munel
171 2252 381 2334 susceptam?
409 2253 481 2316 Jam
502 2253 541 2316 ab
563 2251 651 2316 aunis
669 2251 731 2316 150
752 2243 932 2334 flagitarunt
953 2253 1136 2329 astronomi,
1157 2254 1222 2336 ipse
1246 2253 1339 2317 etiam
1352 2252 1418 2316 Ln-

74 2339 167 2404 tberas
181 2341 411 2406 maroneam
434 2341 591 2423 politicam
605 2341 646 2404 ed
661 2341 879 2406 correctionem
892 2343 972 2406 hano
983 2335 1019 2424 ¹).
1048 2341 1140 2407 Multi
1154 2343 1266 2407 multos
1282 2341 1419 2424 descrip-

76 2439 169 2494 serunt
187 2431 324 2507 modos3
347 2429 450 2495 nescm
472 2450 512 2495 au
533 2431 690 2514 qnisquam
710 2431 865 2495 meliorem
886 2439 978 2514 atque
998 2431 1027 2494 is
1048 2431 1114 2514 ipse
1137 2438 1203 2507 est,
1224 2450 1313 2514 quem
1333 2430 1421 2511 Papa

78 2518 216 2597 nstituit3
250 2519 324 2603 quis
345 2538 436 2602 porro
457 2520 611 2584 meliorem
638 2515 704 2603 (qni
726 2519 855 2584 inveniri
876 2521 1008 2584 fortasse
1034 2520 1123 2584 facile
1147 2516 1269 2604 potest)
1297 2517 1421 2584 audebit

78 2609 271 2690 mucosum
291 2610 482 2692 proponere?
510 2610 581 2674 Jam
596 2609 676 2674 enim
689 2629 751 2673 una
766 2610 914 2674 correctio
936 2609 1021 2672 iacta
1035 2617 1097 2672 est:
1121 2611 1250 2693 alteram
1263 2609 1296 2672 iu
1311 2607 1421 2689 exigua

78 2705 156 2778 parte
176 2699 329 2781 Emopee
351 2716 440 2762 nemo
463 2697 551 2762 facile
574 2703 607 2762 et
628 2700 693 2762 sine
716 2697 814 2763 turbis
834 2699 1015 2762 introducet
1052 2698 1226 2763 Retineuda
1246 2699 1340 2780 igitur
1362 2696 1422 2760 erit

16 2859 17 2874 χ
79 2788 194 2870 antiqua
207 2789 323 2864 lorme,
337 2785 594 2870 antGregcriana
608 2787 808 2870 suscipienda
838 2785 1052 2861 Quidautem?
1073 2789 1249 2871 lamperto
1264 2793 1420 2851 nostrates

81 2879 240 2942 auooomi
265 2897 301 2952 os
323 2877 542 2959 compriment?
578 2878 717 2960 querelas
739 2877 908 2954 facessent,
938 2897 1014 2961 quas
1035 2877 1312 2960 Regiomcntanns,
1338 2875 1418 2938 Pur-

17 2999 18 3032 ι
79 2965 210 3044 bachium
232 2966 354 3042 Maria,
375 2965 514 3042 Pitatns,
537 2965 688 3032 Stctlerus
711 2975 744 3030 et
758 2968 818 3032 duo
834 2968 940 3049 elapsa
962 2969 1066 3032 secula
1080 2965 1255 3031 usitaruut?
1286 2963 1362 3029 com
1376 2961 1419 3026 illi

80 3055 223 3138 arrigere
234 3056 405 3139 jusserint,
420 3075 476 3120 nos
486 3055 553 3138 jam
566 3056 811 3138 prohibebimus?
839 3057 922 3132 Alis,
937 3053 1051 3141 inquis,
1066 3062 1174 3120 nostra
1187 3061 1260 3117 suut
1274 3062 1421 3135 tempora,

18 3205 19 3230 ,
82 3144 207 3229 theologi
231 3145 314 3210 enim
325 3144 418 3227 juxta
432 3152 625 3210 astronomus
638 3152 784 3228 pugnent
820 3147 891 3210 Non
904 3145 1078 3210 indecorum
1093 3144 1153 3206 erit
1173 3141 1338 3223 astrologis
1354 3141 1419 3204 dis-

18 3231 20 3303 l
81 3235 219 3311 nedem,
242 3234 323 3317 qnod
338 3234 478 3316 religioni
498 3234 701 3318 perniciosum
716 3242 785 3299 erat
799 3235 938 3298 futurum
974 3234 1073 3297 Video
1095 3233 1172 3296 baec
1186 3230 1233 3295 ita
1247 3231 1307 3295 dici
1320 3249 1421 3312 posse.

19 3308 20 3334 ¹
81 3321 187 3388 Vemm
209 3323 237 3388 si
259 3324 318 3388 hcc
340 3330 424 3386 metu
444 3323 533 3388 liceri
555 3343 639 3400 esee,
661 3325 688 3387 si
709 3323 810 3389 medie
831 3324 962 3406 reperire
984 3311 1279 3405 possimus,'quibus
1301 3318 1421 3385 abunde

82 3412 160 3476 nobis
174 3419 301 3478 cautum
315 3413 367 3490 sit,
382 3411 454 3496 qnid
467 3420 532 3476 tum
547 3413 646 3478 adhuc
661 3413 783 3478 differet
797 3419 995 3486 astronomos,
1018 3430 1076 3492 qno
1091 3409 1189 3474 miuus
1205 3409 1422 3474 correctionem

86 3500 119 3564 ad
138 3503 287 3586 majorum
309 3521 433 3566 suorum
451 3501 622 3585 exemplum
642 3509 790 3586 urgeant,
812 3509 845 3564 et
864 3499 1347 3581 Gregorianamemendatioucm
1356 3499 1422 3580 jam

84 3599 279 3676 propagatam
294 3591 480 3674 approbeut;
503 3611 564 3655 uon
579 3592 699 3675 quidem
713 3599 748 3656 ut
762 3589 914 3693 qptimam,
930 3589 985 3652 sed
999 3595 1108 3654 ut‘uon
1124 3589 1244 3652 omnino
1259 3585 1423 3672 possinlam

85 3697 257 3844 lfflssffip
258 3687 452 3846 mm:
453 3680 663 3845 3103}ch
672 3687 866 3832 ῐοῗιῗῗιιιῒέἓξ
876 3678 1288 3843 ἒιίἱέἓιέἱῖῗυιᾭῗίᾟίῐᾘι
1297 3774 1425 3834 teneant

88 3868 203 3928 metrae
217 3867 326 3944 partes
348 3859 557 3923 incommoda?
592 3857 725 3922 Primum
741 3857 806 3940 jam
829 3855 941 3940 aliquid
955 3856 1045 3938 hujus
1061 3857 1131 3920 dixi.
1168 3857 1349 3922 Astrcuomi
1363 3879 1424 3923 uon

89 3954 199 4014 uotum
214 3951 255 4014 ad
269 3949 453 4028 utilitatem,
474 3946 641 4013 sedetiam
662 3946 702 4010 ad
724 3947 859 4010 ordinem
880 3952 913 4008 et
934 3946 1189 4027 pulchritudinem
1209 3947 1320 4012 intenti
1343 3954 1424 4023 snut,

87 4047 191 4104 natura
206 4039 414 4123 quantitatum
427 4038 474 4103 ita
488 4039 613 4101 ferente.
650 4035 729 4100 Nam
744 4035 771 4099 si
785 4035 853 4100 Dec
868 4035 1010 4100 mundum
1024 4036 1140 4118 placuit
1155 4055 1263 4102 ornare
1277 4036 1424 4120 periech

87 4129 319 4210 conductus,
342 4145 396 4192 cur
409 4148 470 4192 uon
485 4133 518 4191 et
532 4123 714 4192 astronomis
729 4125 831 4206 aliqua
852 4125 954 4188 etiam'
964 4125 1113 4207 perfectio
1128 4127 1252 4208 placeat
1265 4126 1297 4191 in
1313 4127 1422 4192 tastis?

88 4217 198 4282 Deinde
212 4217 322 4283 eadem
338 4215 526 4282 concinnitas
540 4233 661 4280 movere
677 4215 809 4279 debebat
823 4213 989 4296 principes,
1007 4221 1055 4291 ut,
1074 4216 1215 4298 quoniam
1228 4217 1347 4281 omuino
1359 4216 1424 4298 jam

88 4305 272 4374 timemus
294 4305 381 4373 orbis
402 4305 537 4387 suscepit
557 4302 812 4379 emendationem,
834 4302 892 4386 ipsi
913 4303 945 4368 iu
959 4322 992 4367 re
1007 4304 1108 4368 media
1127 4326 1187 4369 uon
1204 4305 1316 4370 diutius
1332 4305 1370 4368 ab
1386 4323 1422 4366 eo

89 4397 255 4464 dissideant
292 4394 404 4461 Faciet
417 4392 524 4478 nempe
540 4393 580 4458 ed
600 4393 712 4475 publici
727 4400 828 4458 status
844 4393 1015 4458 decentiam
1034 4395 1230 4460 conformitas
1245 4401 1421 4476 temporum.

90 4485 221 4554 Sufficiat
229 4486 297 4569 jam
319 4503 376 4568 per
391 4503 487 4550 anuos
500 4482 610 4566 viginti
624 4483 687 4546 lere
697 4482 923 4548 demonstrasse
932 4482 1037 4566 Papae
1045 4484 1220 4549 libertatem
1230 4503 1324 4548 suem.
1352 4481 1425 4545 Jaru

90 4575 216 4656 undet,
237 4594 354 4661 posse
368 4594 426 4639 nos
441 4582 474 4636 et
487 4573 584 4637 velle
600 4573 706 4649 etiam,
726 4572 753 4637 si
767 4573 855 4638 uobis
869 4571 981 4656 prosit,
1001 4572 1134 4638 retinere
1149 4574 1290 4655 antiquos
1306 4571 1422 4634 laetos:

91 4667 163 4750 qnod
184 4677 287 4734 autem
309 4664 506 4730 emendemus
527 4669 563 4728 ut
584 4661 650 4746 ipse
674 4661 859 4738 emendavit,
882 4681 943 4726 non
974 4661 1041 4744 cogi
1066 4663 1122 4726 sed
1145 4663 1191 4728 ita
1214 4661 1323 4724 bonum
1348 4677 1421 4726 cen·

92 4775 151 4824 sere

151 4799 269 4932 'Tarde
284 4841 350 4912 etei
365 4839 441 4908 nibil
456 4841 576 4909 werel
589 4840 677 4909 nobis
690 4841 839 4908 hmtenus
860 4839 918 4906 bac
939 4839 978 4906 de
993 4859 1087 4906 causa
1106 4835 1248 4919 moene:
1274 4841 1376 4902 tamen
1389 4839 1422 4906 in
