3412 5538
635 293 676 346 Da
689 293 813 362 Scallgarl
826 293 999 362 (throuolcgla.
1431 280 1493 350 167

129 432 332 499 nascentibus
342 435 515 502 vesceris“.
539 435 933 502 0661166161166166116
950 439 1114 522 6611163.
1132 440 1182 517 19,
1197 441 1254 506 291
1273 445 1418 518 „comede
1434 447 1492 510 hoc

134 520 400 609 (666-16666166)
412 541 505 603 anno,
526 547 601 609 quae
616 527 779 609 repereris,
797 529 829 590 in
845 530 874 592 2.
890 547 963 590 vero
980 549 1059 591 anno
1076 549 1152 611 quae
1169 539 1276 613 sponte
1293 534 1488 598 nascuntur.“

135 613 340 680 Goniirmatur
363 618 474 680 eadem
496 624 528 680 et
549 615 769 698 applicatione3
798 635 868 680 nam
883 618 1020 698 seqnitur
1033 618 1177 700 inEsap'a
1190 642 1218 683 v.
1234 621 1292 684 312
1319 630 1372 698 „et
1386 624 1492 687 611161

136 704 173 778 id,
186 703 267 785 qnod
283 705 445 770 66166166
460 707 551 769 luerit
566 706 604 768 de
621 707 708 768 domo
724 706 806 769 Juda
822 715 855 768 et
870 707 949 787 quod
964 708 1111 788 reliquum
1127 717 1184 785 est,
1199 710 1334 774 radicem
1350 712 1491 778 deorsum
1527 767 1532 782 .

139 801 168 856 61
180 793 274 856 iaciat
288 794 426 858 fructum
442 813 573 858 sursum:
598 796 669 876 qnia
691 796 728 856 66
743 796 914 859 Jerusalem
937 797 1063 860 exibunt
1084 799 1258 881 reliquiae.“
1283 800 1381 862 Vides
1398 801 1492 866 etiam

136 883 165 945 16
179 882 268 960 signo
283 883 379 964 hujus
387 886 441 960 rei,
457 884 536 966 quod
550 885 751 964 praemissum
758 892 808 948 est
816 905 844 946 v.
853 885 906 960 30,
922 885 1042 948 omnino
1053 887 1166 968 aliquid
1182 889 1275 952 etiam
1291 889 1405 952 dictum
1422 911 1491 954 6666

139 971 193 1048 ,66
207 971 360 1055 reliquo“‚
383 975 421 1037 de
437 973 575 1056 reliquis,
598 974 835 1058 deprocnlcatis
858 996 877 1037 a
897 973 1117 1039 Sennacheribi
1140 978 1490 1056 exercitunihilominus

135 1061 381 1143 germinantibus
397 1070 430 1125 et
444 1064 575 1127 fructum
589 1063 768 1138 serentibus,
783 1070 818 1126 61
833 1082 869 1127 eo
886 1066 1080 1127 comedentes
1096 1068 1228 1130 saturari
1243 1067 1373 1148 possint.
1406 1068 1490 1134 066-

135 1152 273 1214 lirmatur
289 1153 385 1214 tertio
399 1152 463 1215 ista
477 1153 569 1215 lectio
586 1152 679 1216 etiam
694 1153 752 1214 hoc
769 1159 931 1218 commate:
951 1153 1002 1230 „in
1017 1174 1096 1217 anno
1113 1161 1216 1218 autem
1231 1157 1324 1219 tertio
1341 1159 1490 1222 seminate

136 1247 166 1303 61
179 1239 324 1304 menta&
356 1239 443 1314 Quae
466 1261 560 1305 causa
581 1250 665 1304 66661
680 1241 769 1323 hujus
790 1243 947 1324 praecepti
969 1243 1007 1305 66
1023 1263 1103 1306 anno
1124 1245 1233 1321 tertio,
1255 1245 1314 1308 nisi
1338 1247 1489 1310 secundus

134 1329 299 1394 habuisset
313 1330 509 1394 interdictum
531 1331 698 1394 seminandi
714 1338 747 1393 et
760 1329 911 1406 metendi,
932 1333 962 1394 h.
978 1351 1004 1395 e.
1019 1333 1078 1396 6161
1093 1333 1293 1398 sabbathicus
1307 1335 1430 1411 fuisset,
1454 1355 1490 1399 ec

134 1419 263 1502 proinde
279 1419 330 1482 hic
349 1420 397 1483 14.
414 1427 520 1483 sextus
536 1421 645 1484 fuisset
659 1420 877 1484 hebdomadis?

223 1507 368 1572 5666666
378 1509 518 1591 Scaliger
533 1510 682 1573 excidium
690 1510 711 1573 J
712 1511 950 1592 erosolymorum
965 1509 1088 1591 conjicit
1102 1511 1133 1576 in
1148 1531 1258 1576 annuum
1267 1511 1491 1576 sabbathicom.

133 1597 269 1662 116666
284 1598 325 1663 ab
344 1599 397 1662 illo
413 1599 577 1663 dissentio:
608 1619 669 1662 non
691 1600 771 1662 enim
791 1600 819 1663 is
841 1620 953 1675 annus,
976 1619 1034 1681 quo
1057 1601 1168 1664 cecidit
1189 1603 1262 1665 urbs
1284 1619 1351 1665 cum
1367 1603 1491 1684 templo,

135 1687 336 1752 sabbathicus
352 1689 424 1763 luit,
447 1689 502 1751 sed
517 1689 702 1752 antecedens
721 1690 770 1752 16.
787 1688 936 1754 Sedeciae
956 1689 1015 1752 fuit
1028 1689 1190 1768 jubilaeus,
1212 1691 1291 1754 unde
1308 1692 1435 1766 lactum,
1456 1699 1492 1756 ut
1558 1739 1567 1756 .

134 1779 163 1840 in
178 1777 240 1840 fine
256 1778 428 1841 vindemiae
443 1778 523 1842 festo
539 1777 804 1842 tabernaculorum
817 1779 1060 1860 proclamaretur
1075 1800 1171 1844 annus
1186 1781 1350 1856 libertatis,
1369 1781 1492 1844 interim

135 1867 203 1930 dum
212 1867 502 1931 Nabuchodonosor
516 1868 672 1930 obsideret
679 1868 882 1950 Jerosolyma.
904 1868 988 1950 Ergo
1004 1869 1148 1934 circuitus
1163 1887 1309 1933 annornm
1327 1869 1400 1962 luo,
1416 1889 1491 1951 quos

134 1955 277 2038 Scaliger
300 1975 340 2020 ex
355 1957 443 2020 aunis
458 1957 618 2038 Ezechiae,
633 1957 791 2020 Manassis
807 1959 860 2021 166.
883 1959 1011 2032 conflat,
1033 1957 1142 2039 incipit
1163 1981 1182 2022 a
1198 1959 1227 2022 6.
1243 1959 1442 2024 hebdomadis
1458 1966 1492 2021 et

134 2045 247 2110 desiuit
261 2046 295 2108 in
310 2047 439 2128 primam
453 2047 673 2110 hebdomadem
687 2047 842 2110 inclusive.
872 2048 943 2110 Non
958 2055 1030 2110 sunt
1044 2047 1138 2129 igitur
1158 2049 1314 2112 statuendi
1334 2049 1405 2112 anni
1428 2048 1491 2112 126

133 2135 317 2210 intermedii,
332 2137 404 2218 quia
418 2135 451 2198 hi
466 2143 538 2200 sunt
556 2136 597 2199 18
613 2135 729 2200 solidae
745 2137 960 2212 hebdomades,
975 2137 1031 2200 666
1046 2146 1100 2200 661
1118 2137 1180 2200 122
1197 2145 1251 2201 661
1268 2137 1331 2200 111
1347 2145 1402 2202 661
1419 2138 1491 2201 108.

134 2226 238 2306 Atque
253 2241 313 2306 ego
329 2225 498 2289 rationibus
515 2225 583 2289 eliis
593 2225 848 2308 iusuperadjutus
864 2234 967 2289 statuo
983 2227 1244 2292 intervallumhoc
1254 2245 1400 2304 annorum
1418 2227 1491 2290 168.

133 2317 212 2379 Nam
227 2315 311 2378 hunc
326 2315 425 2397 ipsum
442 2315 617 2378 1166661.
639 2315 717 2379 iacio
735 2316 942 2392 1.Manassis,
965 2315 1016 2398 qui
1031 2335 1098 2379 cum
1113 2316 1143 2380 6.
1159 2316 1359 2379 hebdomadis
1380 2317 1490 2379 2166-

135 2405 234 2468 nassis
251 2405 314 2468 erit
329 2404 490 2486 septimus,
512 2425 549 2468 ac
563 2405 689 2487 proinde
705 2405 912 2468 hebdomades
928 2405 1131 2472 terminantur
1146 2405 1213 2468 cuni
1229 2405 1318 2468 annis
1333 2403 1490 2468 Manassis

135 2493 342 2570 29,16...
364 2493 417 2558 51.
450 2494 610 2558 Biennium
632 2514 705 2557 uero
726 2494 856 2558 Amonis
879 2495 1035 2558 committo
1059 2513 1126 2556 cum
1148 2494 1254 2558 ultimo
1276 2494 1433 2558 Manassis
1458 2501 1492 2556 et

136 2585 231 2666 primo
239 2584 261 2646 J
263 2584 359 2659 osiae,
375 2583 521 2665 exemplis
533 2584 623 2647 claris
639 2603 677 2646 ex
692 2585 823 2648 historia
837 2585 972 2664 Regum
996 2585 1040 2647 616
1056 2591 1091 2646 61
1106 2591 1269 2665 sequentes
1284 2583 1491 2648 hebdomades

136 2673 337 2737 terminentur
350 2674 384 2736 in
398 2674 487 2738 aunis
500 2674 607 2737 Josiae
623 2674 653 2749 3,
672 2674 720 2748 10,
739 2669 788 2748 17,
810 2675 862 2749 24,
881 2674 912 2736 16
928 2681 978 2736 661
991 2673 1024 2736 16
1040 2673 1127 2735 66616
1143 2673 1172 2748 b,
1195 2674 1236 2736 12
1251 2672 1491 2754 praedicationis

135 2762 302 2838 Jeremiae,
325 2770 358 2825 61
372 2763 417 2825 616
431 2763 464 2826 16
481 2763 531 2840 19,
546 2762 589 2828 26
604 2763 841 2844 praedicationis
863 2763 966 2844 hujus,
989 2763 1080 2826 61616
1095 2781 1149 2844 per
1163 2763 1227 2826 166.
1243 2762 1295 2838 21,
1311 2762 1341 2825 3.
1354 2763 1388 2825 in
1403 2760 1491 2824 66616

136 2852 448 2916 Nabuchodonosoris
467 2854 504 2928 4,
529 2852 585 2928 ll,
609 2852 665 2928 18,
689 2869 747 2934 qno
768 2873 847 2916 auno
863 2853 952 2934 hujus
967 2853 1150 2915 monarchae
1165 2851 1366 2932 Jerosolymis
1381 2871 1490 2914 manu-
1561 2849 1565 2858 ’

136 2943 218 3006 missi
233 2942 328 3016 servi,
345 2958 412 3006 cum
427 2949 574 3024 sequente
593 2942 641 3006 19.
657 2943 836 3006 Ν6166166
850 2942 1043 3024 Jercsolyma
1059 2951 1236 3024 expugnata
1251 2940 1350 3004 fuerit
1384 2940 1492 3014 Vides,

136 3031 207 3096 mihi
222 3039 301 3113 post
315 3032 405 3094 11666
422 3032 639 3107 1116661166,
655 3032 705 3115 qui
720 3034 750 3094 2.
766 3041 815 3096 661
829 3033 994 3108 Manassis,
1010 3032 1171 3096 succedere
1192 3031 1401 3094 1616666666
1418 3029 1491 3093 soli-

137 3123 190 3186 das
208 3121 261 3196 15,
278 3139 357 3202 quas
373 3121 609 3197 6616661165,
625 3123 763 3184 adfinem
772 3122 852 3198 anni,
869 3121 901 3186 in
917 3139 975 3203 quo
991 3121 1167 3184 manumissi
1175 3121 1264 3195 servi,
1280 3120 1388 3202 quibus
1404 3119 1492 3194 adde,

136 3232 209 3294 quos
225 3211 377 3274 adsciscit
391 3211 540 3293 Scaliger,
558 3212 608 3275 14.
624 3219 656 3274 61
668 3211 886 3287 1111661166,
903 3220 935 3274 61
953 3211 1002 3274 11.
1013 3209 1171 3286 Sedeciae,
1187 3210 1329 3274 conficies
1345 3227 1494 3272 summam

135 3319 284 3366 auuormn
301 3300 375 3364 108.
1459 3345 1461 3360 .

221 3390 345 3453 Eadem
360 3390 488 3453 dicenda
504 3397 576 3453 sunt
592 3391 684 3453 etiam
700 3390 737 3452 de
753 3390 843 3454 simili
858 3397 1052 3470 argumento,
1075 3389 1155 3470 qnod
1171 3387 1323 3469 seqnitur,
1344 3386 1396 3450 ubi
1413 3385 1493 3450 Sca-

134 3483 211 3563 liger
226 3480 268 3543 ab
284 3495 416 3542 excessu
430 3479 528 3543 Musis
544 3480 689 3543 adfinem
703 3479 810 3561 templi
826 3499 923 3542 annos
939 3479 1056 3560 colligit
1070 3477 1145 3554 868,
1161 3477 1212 3560 qni
1228 3482 1300 3538 sunt
1315 3477 1404 3540 hebd.
1422 3477 1494 3541 124.

134 3565 215 3635 1166
230 3589 333 3652 aeque
344 3589 441 3632 annus
452 3587 596 3632 excessus
606 3570 704 3633 Musis
715 3567 1103 3657 estprimus'hebdomadis,
1119 3567 1174 3631 sed
1185 3562 1335 3648 lpotius,
1350 3574 1495 3647 respectu
1527 3603 1529 3608 .

136 3660 297 3743 6666611116
320 3659 438 3722 demam
459 3659 538 3722 initii
560 3659 823 3734 sabbathicornm,
849 3675 928 3720 anno
953 3653 982 3721 7.
1004 3659 1161 3737 ingressus
1183 3656 1215 3719 in
1237 3663 1366 3731 terram;
1397 3675 1495 3738 neque

134 3751 261 3814 ultimus
278 3748 400 3830 templi,
420 3755 458 3812 ut
473 3749 599 3824 dictum,
622 3748 820 3812 sabbathiens
837 3755 901 3822 est,
923 3747 1107 3828 sedprimus
1126 3746 1326 3810 hebdomadis
1332 3765 1341 3819 ;
1366 3745 1494 3826 denique

135 3857 232 3924 neque
248 3845 373 3902 tantum
389 3845 438 3901 661
451 3839 665 3902 interstitinmr
683 3839 738 3900 sed
752 3839 811 3902 166
825 3837 928 3918 potius
944 3855 1049 3903 verum
1064 3843 1121 3910 est,
1138 3855 1249 3898 annum
1264 3829 1294 3897 7.
1311 3835 1350 3896 61
1367 3852 1495 3896 excessu

135 3931 233 3994 Masis
252 3929 386 4012 primum
413 3928 506 3991 luisse
524 3928 691 4009 jubilaeum
713 3935 746 3990 61
765 3927 862 3990 ueluti
883 3926 1018 3990 radicem
1039 3926 1170 3988 omnium
1190 3924 1438 3988 sabbathicorum
1464 3929 1497 3986 et

131 4020 348 4103 jubilaeorum,
365 4037 475 4080 annum
489 4037 572 4093 uero,
588 4018 639 4100 qui
652 4017 824 4098 praecessit
838 4016 928 4080 linem
942 4016 1057 4097 templi,
1072 4033 1191 4078 rursum
1210 4013 1304 4076 luisse
1320 4013 1496 4094 jubilaeum,

134 4119 169 4174 nt
188 4111 238 4174 ita
252 4107 458 4172 interstitium
479 4108 571 4171 fuerit
592 4108 642 4170 rel
662 4105 727 4170 882
749 4105 888 4169 661863.
925 4105 968 4171 111
990 4125 1047 4186 ego
1062 4104 1161 4168 habeo
1183 4103 1265 4180 882,
1287 4103 1395 4185 quibus
1416 4102 1496 4165 adde

136 4195 283 4282 iprimos
300 4205 406 4260 terrae
422 4205 590 4279 occupatae
606 4204 765 4260 6166666
782 4195 905 4260 excisae
913 4195 1006 4272 urbis,
1022 4195 1192 4258 conflantur
1201 4192 1267 4259 890
1282 4213 1338 4273 pro
1355 4212 1401 4266 eo,
1417 4189 1496 4272 quod
1512 4195 1523 4218 ⁸

136 4289 279 4371 Scaliger
294 4285 482 4350 16161868.
511 4287 635 4352 Nullum
650 4286 744 4367 igitur
759 4293 968 4366 argumentum
990 4284 1077 4348 duxit
1092 4283 1233 4365 Scaliger
1251 4301 1292 4346 ex
1307 4277 1495 4346 sabbathicis

137 4387 244 4444 centn
260 4375 468 4459 disputatoris
483 4377 690 4457 interregnum
705 4375 854 4438 biennale.
1538 4430 1542 4440 ,

222 4469 348 4534 Verum
363 4466 484 4548 quidem
498 4467 556 4529 hoc
572 4466 731 4530 contendit
749 4464 898 4546 Scaliger,
918 4463 1032 4527 nullum
1045 4464 1136 4544 plane
1151 4481 1190 4525 ne
1206 4461 1359 4524 minimum
1376 4455 1496 4539 quidem

137 4560 350 4640 intenegnum
367 4573 437 4618 esse
458 4557 653 4619 statuendum
668 4557 700 4618 in
722 4555 811 4618 annis
832 4573 936 4635 regum
958 4553 1073 4628 Judae,
1102 4553 1157 4615 sed
1179 4570 1240 4614 non
1263 4548 1355 4612 solvit
1377 4543 1496 4646 nodum,

136 4649 288 4734 6666666
311 4647 375 4709 166
392 4644 503 4708 evitari
523 4645 624 4726 possit
643 4645 798 4708 stantibus
821 4643 950 4706 numeris
972 4661 1078 4722 regum
1093 4641 1233 4713 Israelis3
1265 4644 1299 4700 at
1321 4653 1377 4714 ego
1393 4646 1497 4697 6666

134 4742 231 4807 Judae
247 4756 311 4804 nee
326 4735 362 4798 in
375 4733 503 4798 Israelis
517 4735 639 4815 regibus
654 4736 861 4814 interregnum
877 4740 980 4796 statuo
996 4739 1029 4794 et
1043 4731 1154 4794 nodum
1170 4728 1264 4792 solvo.
1356 4809 1362 4824 .

216 4832 298 4897 166
312 4827 378 4892 166
394 4824 519 4906 mpedit
534 4823 681 4906 Scaliger,
697 4825 747 4907 qui
762 4825 890 4898 factum,
911 4830 946 4888 ut
959 4821 1089 4904 popolus
1103 4826 1178 4883 natu
1193 4815 1339 4880 minorem
1352 4829 1386 4874 m
1400 4827 1496 4892 regno
