3406 5542
597 315 681 382 cqos
690 315 748 368 vu.
772 314 954 368 61116666
1404 293 1466 366 tol

119 455 269 524 Eusebius
283 477 384 542 usquc
406 457 447 523 ad
461 459 551 522 6666
566 459 684 523 concilii
698 459 807 524 Niceui
826 458 892 524 636
908 475 1005 538 anuos
1021 457 1207 524 Graecorum
1229 459 1353 524 solidos
1381 459 1469 522 Fini-

121 557 184 613 tmn
199 555 250 612 est
265 549 428 613 concilium
443 549 494 612 22.
509 549 586 630 Maji
601 567 681 612 auno
703 567 793 611 aerae
808 549 932 614 nostrae
948 548 1022 612 326.
1044 554 1076 611 61
1090 547 1246 611 celebrata
1266 556 1316 612 est
1330 549 1470 631 sequenti

121 637 201 703 Julio
217 637 343 720 Olymp.
360 633 434 702 276.
448 645 587 702 currente
598 638 668 719 jam
672 656 758 702 cuno
775 636 960 702 Graecorum
975 633 1048 702 637.
1077 637 1176 718 Igitur
1188 637 1361 702 necessario
1377 637 1471 700 etiam

121 729 231 810 primo
229 747 320 792 anuo
342 727 536 796 Graecorum
545 725 704 810 Olympias
719 728 889 803 celebrata,
909 747 950 791 sc
975 722 1046 791 117.
1081 727 1127 790 At
1148 727 1261 807 primus
1284 726 1470 790 Graecorum
1530 743 1532 748 ’

122 817 233 882 dicitur
247 819 364 922 primus
380 816 500 900 Olymp.
518 812 596 892 117,
618 835 690 897 ergo
706 817 799 880 etiam
813 816 878 891 hic,
888 827 950 898 qur
942 815 1076 880 'dicitnr
1089 816 1203 898 primus
1219 815 1344 898 alicujus
1360 815 1469 936 Olym-

121 907 256 989 6161116·
247 925 276 969 16
292 906 468 970 extenditur
482 913 555 970 aute
571 905 813 988 Olympiadicum
827 905 937 970 ludum

209 993 260 1060 De
275 995 412 1077 Josepho
428 1013 487 1058 non
502 1013 593 1060 uuum
606 995 728 1076 aliquid
743 995 802 1059 dici
817 1002 934 1077 potest.
966 993 1173 1058 crediderim
1163 1004 1263 1075 rpsum
1276 1011 1332 1076 pro
1347 1011 1380 1056 re
1395 999 1471 1056 nata

120 1103 201 1150 nunc
217 1083 548 1168 Syro-Macedonicum
562 1099 645 1148 uuuc'
655 1084 814 1149 Judaicum
831 1085 901 1148 anni
916 1083 1092 1166 principium
1108 1091 1265 1164 spectare,
1287 1083 1406 1166 quaudo
1422 1083 1470 1146 al-

121 1175 210 1256 legat
227 1174 443 1258 Olympiades:
467 1174 541 1237 illud
556 1173 684 1255 quidem,
700 1175 798 1256 66666
813 1193 864 1238 166
878 1173 1096 1243 Macedonibus
1111 1179 1145 1234 et
1157 1173 1284 1236 Judacis
1300 1189 1471 1236 communes

115 1266 258 1339 fuerunt,
282 1283 358 1346 quas
374 1269 603 1338 6666666161,
631 1264 690 1326 1166
704 1281 793 1339 vero,
814 1265 866 1328 nbi
881 1264 1034 1345 Joeepbus
1051 1262 1187 1326 Judaeus
1208 1262 1327 1326 arbitrii
1348 1262 1394 1325 sui
1414 1267 1472 1324 661

120 1353 203 1416 11666
219 1353 376 1436 utriusque
391 1347 598 1434 1616166616.
629 1353 785 1434 Templmn
799 1353 992 1435 profanatum
1008 1351 1053 1415 ait
1067 1366 1170 1414 mense
1184 1349 1346 1415 Decembri
1362 1348 1471 1432 Olym·

120 1441 214 1525 piade
236 1443 307 1518 163,
321 1441 496 1524 intelligens
511 1441 661 1522 integrum
678 1442 913 1524 quadriennium,
927 1449 963 1504 nt
972 1441 1076 1505 solent
1082 1441 1255 1522 scriptores.
1276 1441 1355 1504 Erat
1371 1446 1472 1503 autem

120 1549 207 1596 more
221 1532 422 1595 Macedonico
444 1528 542 1604 annue
557 1532 706 1594 secundus
722 1529 842 1615 Olymp.
859 1531 898 1595 ab
913 1537 1070 1605 autumno,
1091 1547 1163 1594 nam
1182 1529 1376 1594 antecedenti
1390 1527 1472 1593 Julio

123 1620 284 1684 celebrata
298 1621 356 1684 init
371 1619 539 1702 Olympias,
554 1639 651 1683 annus
667 1619 854 1686 Graecorum
872 1620 942 1684 146.
958 1627 1034 1684 erat
1063 1619 1142 1683 Post
1156 1626 1221 1682 tres
1237 1619 1351 1683 solidos
1366 1637 1472 1696 611666,

127 1729 210 1776 66116
221 1709 410 1774 Graecorum
427 1709 499 1786 148,
514 1709 619 1772 eodem
628 1711 790 1774 Decembri
804 1711 950 1792 templum
959 1709 1112 1792 expiatum
1122 1708 1175 1783 ait,
1191 1709 1280 1790 idque
1291 1707 1472 1791 Olympiade

129 1799 209 1874 164,
234 1817 301 1861 cnm
315 1805 417 1862 tamen
440 1799 579 1882 sequenti
595 1800 712 1862 demum
726 1797 808 1864 Julio
829 1801 985 1863 celebrata
1006 1797 1098 1862 tuerit
1112 1797 1271 1880 Olympias
1297 1797 1368 1861 164.
1413 1797 1471 1860 Hic

124 1890 220 1970 igitur
234 1889 404 1951 December
425 1897 498 1951 ante
512 1887 660 1952 ludicrum
680 1907 763 1952 more
777 1889 974 1952 Macedonico
996 1889 1130 1970 pertinet
1151 1887 1191 1951 ad
1213 1903 1324 1950 anunm
1345 1888 1473 1969 primum

124 1977 331 2060 Olympiadis:
355 1985 423 2040 erat
442 1977 551 2060 quippe
567 1978 738 2042 Antiochus
753 1977 867 2053 bostis,
889 1978 927 2040 de
942 1978 1037 2060 stirpe
1052 1977 1264 2052 Macedonica,
1284 1976 1394 2058 Syriae
1407 1993 1473 2050 rex,

121 2070 154 2132 16
170 2086 231 2149 quo
246 2083 341 2148 regno
359 2065 410 2130 hic
423 2085 489 2130 mos
504 2067 681 2131 numerandi
704 2068 871 2131 obtinebat
906 2069 953 2132 At
969 2065 1158 2148 Olympiadis
1183 2061 1254 2130 177.
1277 2085 1356 2129 anno
1376 2065 1472 2129 'tertio

124 2155 258 2221 collocat
273 2155 361 2220 Ooss
376 2156 535 2220 Metellum
553 2163 586 2218 et
606 2157 818 2233 Hortensium,
840 2157 890 2238 qui
904 2165 1007 2220 tamen
1029 2156 1160 2218 inierunt
1182 2164 1219 2217 eb
1242 2155 1312 2218 anui
1327 2161 1473 2238 tempore,

124 2265 186 2329 quo
198 2245 419 2310 Macedonibus
432 2245 599 2326 incipiebat
614 2252 740 2330 quartus
756 2245 956 2328 Olympiadis.
994 2245 1053 2308 Hic
1067 2245 1160 2325 igitur
1175 2245 1335 2308 continuat
1349 2245 1473 2310 tertium

124 2333 320 2416 Olympiadis
333 2351 427 2414 usqne
451 2334 491 2398 ad
504 2335 683 2417 principium
699 2337 769 2398 anni
784 2335 917 2410 ludoici,
937 2353 1031 2398 verno
1046 2343 1196 2415 tempore:
1231 2341 1373 2396 versatur
1394 2334 1473 2396 euim

121 2425 155 2488 in
170 2423 302 2486 historia
316 2441 398 2486 mers
411 2423 550 2486 Judaica
580 2423 633 2488 Sic
649 2423 853 2506 olymplttt.
868 2425 958 2487 1166.
972 2418 1130 2488 Caluinum
1147 2430 1179 2484 et
1192 2422 1361 2486 Pollionem
1377 2422 1474 2498 Coss,

124 2531 251 2595 quorum
274 2531 353 2576 anuo
376 2512 532 2576 celebrata
554 2519 604 2576 eet
626 2511 804 2596 Olympias,
826 2513 958 2576 collocat
978 2512 1009 2576 in
1026 2511 1208 2594 Olympiada
1233 2511 1311 2587 184,
1332 2512 1403 2593 quia
1423 2511 1473 2574 hic

87 2651 99 2682 ,
123 2603 192 2666 linit
215 2601 400 2706 Olympiada
422 2620 489 2664 cnm
509 2602 568 2664 666
590 2602 661 2666 auui
676 2601 796 2666 Judaici
817 2603 907 2684 paulo
928 2609 1001 2684 post
1023 2599 1258 2684 aequinoctium·
1288 2619 1355 2664 cum
1382 2601 1473 2683 paulo

124 2699 215 2766 aute,
238 2691 320 2754 circa
342 2710 383 2752 sc
400 2689 633 2773 aequinoctium,
655 2691 794 2754 Herodes
809 2691 926 2755 Romae
940 2709 996 2754 rex
1012 2690 1184 2754 declaratus
1207 2696 1305 2766 eseet3
1330 2709 1473 2772 quaeres

122 2783 236 2844 iterum
249 2780 385 2845 Judaeoe
401 2780 535 2854 attinuit,
550 2781 814 2844 nouMacedouas.
837 2781 905 2844 Huc
920 2799 1028 2864 posses
1044 2781 1157 2842 reterre
1173 2786 1206 2841 et
1219 2779 1286 2842 boc
1294 2781 1473 2862 exemplum,

122 2870 204 2954 quod
220 2868 398 2934 (1166161166
414 2876 447 2935 61
460 2861 628 2933 Antonium
644 2868 732 2934 Cosa.
747 2869 872 2933 rciert'
864 2889 895 2932 rn
912 2869 1095 2952 Olympiada
1113 2861 1190 2944 179,
1211 2868 1262 2951 661
1284 2870 1474 2932 consulatum

123 2965 289 3064 gesseruut
302 2957 367 3039 ejus
375 2975 460 3032 auno
476 2959 506 3033 2,
520 2958 700 3040 inceperunt
715 2977 794 3042 61166
809 2959 906 3041 primo
922 2956 1113 3042 Olympiadis
1135 2913 1259 3020 delinito
1274 2959 1472 3022 66161666-
1538 2963 1544 2976 '

121 3051 180 3112 166.
227 3045 406 3128 Quanquam
426 3045 481 3110 bio
492 3065 568 3130 opus
589 3067 650 3112 nou
665 3056 718 3111 661
726 3049 786 3118 bac
802 3047 989 3125 subtilitate,
1012 3065 1079 3111 cum
1101 3054 1199 3110 totam
1215 3045 1399 3129 Olympiada
1413 3047 1471 3112 Jo·
1603 3056 1606 3067 ·

123 3137 238 3220 sephue
253 3137 412 3218 exprimat,
427 3144 461 3199 ut
477 3136 549 3199 alibi
564 3157 624 3200 non
640 3137 743 3201 semet
767 3137 820 3201 Sic
836 3138 915 3202 euim
930 3145 1022 3222 capta
1038 3136 1283 3217 aitJerosolyma
1292 3135 1474 3219 Olympiade
1498 3179 1502 3190 ·

125 3227 199 3302 186,
214 3225 390 3306 intelligens
406 3225 472 3305 ejus
486 3245 597 3289 aunum
611 3225 641 3288 4.
671 3226 740 3290 Uno
755 3227 822 3290 loco
838 3227 978 3308 sphalma
994 3226 1185 3308 scriptorium
1200 3225 1341 3302 occurrit,
1364 3225 1474 3308 Olym·
1571 3265 1575 3270 -

121 3317 215 3398 piade
240 3313 382 3396 162616
399 3313 589 3396 Olympiadis
614 3313 684 3378 161.
701 3333 781 3378 anno
797 3318 826 3378 2.
863 3315 966 3379 Trium
981 3316 1061 3378 euim
1076 3332 1222 3378 annorum
1243 3331 1375 3378 errorem
1392 3315 1475 3379 circa

122 3405 179 3469 illa
193 3413 334 3484 tempora
348 3403 380 3466 in
393 3403 530 3484 Joseplro
547 3403 694 3485 suspicari
709 3422 796 3468 nemo
812 3404 912 3468 debet

217 3491 309 3564 Quod
322 3491 415 3574 igitur
422 3491 576 3574 Josepbus
591 3493 691 3556 tenuit
700 3493 735 3556 16
750 3493 842 3556 rebus
855 3492 1002 3567 Judaicis,
1017 3491 1097 3555 idem
1113 3490 1257 3554 credibile
1272 3499 1322 3554 est
1336 3491 1474 3556 imitatos

128 3583 225 3647 ctiam
247 3581 471 3646 ecclesiasticos
494 3582 653 3645 nonnullos
674 3581 840 3663 scriptores
860 3581 892 3644 iu
906 3581 998 3645 rebus
1013 3579 1177 3655 6661661661
1199 3581 1310 3662 quippe
1332 3581 1381 3662 qui
1402 3582 1474 3646 anni

121 3670 304 3755 principium
324 3669 486 3734 Judaicum
504 3670 742 3734 inordinatione
765 3673 910 3734 festorum
932 3671 1130 3733 retinuerunt
1173 3670 1282 3751 ltaque
1302 3670 1474 3746 videndum,

124 3761 222 3826 sicubi
244 3759 361 3824 iaciunt
380 3759 563 3822 mentionem
586 3758 815 3842 Olympiadum,
836 3765 937 3824 utrum
959 3760 998 3822 ab
1014 3765 1170 3833 autumno,
1193 3757 1344 3835 abruma,
1365 3781 1386 3822 a
1401 3777 1473 3822 vere

123 3848 337 3926 antecedenti,
359 3867 399 3911 au
422 3848 491 3913 66
482 3867 549 3930 ipsc
564 3847 680 3912 ludicro
702 3855 891 3932 computent,
914 3855 947 3912 61
961 3866 1037 3931 quas
1059 3845 1186 3930 quilibet
1200 3849 1336 3912 rationes
1359 3847 1475 3912 habeat

124 3959 170 4004 sur
160 3937 305 4004 'calculi

211 4025 344 4092 Romani
358 4025 546 4107 temporibus
566 4025 785 4110 antiquioribus
795 3975 929 4092 Octobri
943 4025 1066 4090 Julisno
1080 4031 1163 4088 retro
1179 4033 1307 4091 extenso
1323 4031 1474 4107 computo,

124 4117 241 4185 Obristi
265 4134 339 4180 vero
360 4121 495 4197 tempore
518 4113 585 4180 (161.
606 4115 745 4180 Jauuarii
766 4115 822 4180 snb
850 4117 986 4180 brumam
1006 4115 1207 4196 magistratus
1234 4121 1419 4180 renovarunt
1441 4123 1475 4176 et

125 4207 214 4274 Ooss.
230 4205 465 4280 constituerunt,
481 4225 501 4268 a
515 4203 622 4287 quibus
644 4224 715 4269 auur
706 4205 927 4270 'denominari
926 4211 1004 4268 sunt
1019 4205 1102 4268 soliti
1125 4204 1218 4267 ctiam
1233 4205 1289 4269 666
1304 4205 1473 4286 imperato—

123 4299 215 4362 ribns.
245 4297 357 4376 Ituque
371 4293 500 4376 legimns
514 4293 594 4375 apud
609 4293 757 4370 Tacitum,
777 4293 943 4360 Annalium
957 4294 1034 4358 libro
1049 4293 1105 4357 111.
1120 4293 1197 4357 1616·
1220 4293 1266 4357 Μ.
1283 4292 1474 4359 61166666

123 4381 314 4452 commta
327 4379 506 4448 consulatus
525 4383 672 4446 bonorum
681 4383 892 4490 principibus·
898 4383 1009 4466 petiuit
1023 4383 1165 4466 1116116116
1177 4403 1237 4466 pro
1251 4383 1417 4456 6611166116,
1439 4387 1475 4444 set

121 4475 258 4584 66111616
269 4473 466 4558 privatisque
478 4473 682 4538 6666166116
703 4473 749 4537 ud
762 4473 945 4537 mensorium
963 4481 1137 4556 temporum
1156 4491 1219 4536 6611
1241 4469 1401 4536 culmem
1413 4489 1474 4534 66-

121 4563 532 4650 mpraeaoibcrentuo,
553 4562 732 4626 6611661661
745 4583 799 4645 666
794 4562 1010 4627 1116611166
1022 4569 1204 4646 potestatem
1214 4567 1357 4644 perorent
1371 4553 1473 4641 (prin-

88 4725 98 4737 ,
123 4658 221 4740 cipum
235 4648 343 4738 puta),
367 4650 516 4715 illiberim
534 4671 606 4716 6666
628 4652 773 4716 decr-etur
794 4653 830 4716 66
846 4652 1043 4716 6166611166
1056 4652 1167 4716 Drusi
1181 4656 1367 4734 potestatem
1386 4667 1473 4712 cere-

119 4748 246 4812 666166
261 4739 658 4824 commutescerent
678 4760 786 4824 nempe
807 4759 921 4805 morem
942 4741 1119 4804 numerandi
1142 4757 1287 4804 annorum
1302 4737 1405 4819 spatia
1417 4757 1475 4820 per

123 4833 207 4902 Ocea.
222 4835 391 4914 abrogare.
433 4829 503 4894 11161
521 4828 642 4896 interim
664 4829 814 4908 obtinuit,
833 4839 871 4896 ut
890 4829 1076 4914 principibus
1090 4827 1275 4912 reipublicae
1296 4827 1472 4909 inscriptio-
