3390 5542
718 289 746 340 ln
767 255 970 340 stereometriam
992 291 1120 340 Doliorum

946 475 973 516 et
991 467 1023 516 ab
1041 468 1162 518 alterutro
1174 471 1280 520 termino
1292 468 1408 520 diametri
1422 471 1446 520 A
1458 468 1581 521 ducantur

943 538 1008 587 dnae
1028 547 1113 589 rectae
1133 539 1185 598 ΛΟ,
1202 542 1258 598 ΔΒ,
1276 543 1460 592 intersecantet
1479 543 1580 592 easdem

942 611 1162 672 perpendiculares
1180 613 1207 661 in
1224 613 1324 675 punctis
1337 613 1368 671 Β,
1381 613 1417 661 Ε;
1437 621 1513 662 ernnt
1524 614 1581 670 ΔΒ,

942 680 995 738 ΔΟ,
1014 681 1070 739 ΑΒ,
1089 682 1133 732 ΔΒ
1152 684 1268 732 continue
1287 684 1494 746 proportionales.

1032 751 1096 802 Sunt
1107 755 1175 803 enim
1187 755 1275 820 anguli
1288 754 1366 811 ADG,
1379 755 1448 803 ΔΕΒ
1459 756 1579 818 aequales

942 822 1035 887 angulo
1054 823 1138 881 Ave,
1165 832 1191 874 et
1214 825 1322 891 angulus
1348 824 1382 875 ad
1400 826 1424 875 Δ
1443 829 1579 874 communis

941 900 981 942 est
1006 894 1142 944 etidcirco
1169 897 1298 961 ninngula
1321 895 1396 956 ABG,
1414 895 1495 954 Act),
1513 894 1581 945 sni:

945 971 1005 1014 sunt
1022 966 1201 1031 neqninngnln
1663 965 1664 982 ¹

1030 1035 1405 1102 Estojamlatuacubiinscripti
1414 1036 1459 1086 ΟΒ
1468 1033 1582 1100 (lipsi)

942 1113 969 1154 et
981 1107 1026 1155 BD
1037 1105 1168 1171 diagonins
1178 1108 1245 1157 basis
1255 1107 1402 1173 quadratae.
1413 1117 1440 1157 et
1452 1117 1583 1156 sumantur

945 1177 989 1225 CV
1002 1177 1109 1226 altitudo
1127 1180 1336 1244 parallelepipedi
1352 1189 1379 1228 et
1390 1169 1437 1228 ΜΒ
1450 1178 1581 1248 diogenius

947 1247 1029 1297 basis:
1055 1252 1104 1311 ajo,
1122 1250 1213 1298 cubum
1235 1265 1290 1300 esse
1316 1253 1437 1313 majorem
1463 1249 1581 1312 parellel-

947 1318 1060 1382 epipedo.

1037 1390 1102 1440 Nam
1121 1389 1167 1440 BV
1185 1397 1211 1440 et
1229 1391 1276 1441 AD
1300 1395 1462 1441 continuatae
1481 1405 1582 1439 mnem-

949 1467 1008 1510 rnnt
1025 1463 1051 1510 iu
1070 1460 1105 1518 Ο,
1125 1469 1331 1512 et·connectatur
1349 1462 1406 1520 ΟΟ,
1435 1469 1462 1510 et
1479 1461 1583 1510 mentor

950 1531 993 1580 Vl·
1017 1533 1142 1595 parallelo
1166 1534 1296 1592 diametro,
1320 1541 1347 1582 et
1364 1533 1411 1583 BD
1438 1536 1583 1583 continuent

951 1609 1020 1651 secet
1041 1601 1091 1652 Vl*-
1107 1607 1134 1652 in
1157 1603 1195 1654 tt:
1223 1613 1299 1654 erunt
1315 1605 1369 1661 ΟΒ,
1388 1603 1442 1660 ΟΥ,
1460 1603 1516 1661 Bv.
1535 1603 1582 1652 ΒΜ

950 1675 1156 1737 proportionales,
1174 1678 1234 1739 qula
1252 1677 1339 1741 anguli
1357 1676 1391 1724 ad
1402 1676 1426 1724 Β
1444 1684 1472 1724 ct
1489 1675 1510 1723 Ο
1528 1681 1581 1722 snm

892 1792 896 1801 ,
951 1744 1080 1808 aequales,
1098 1753 1125 1794 et
1142 1746 1224 1804 (WB,
1248 1747 1321 1796 BMV
1344 1747 1466 1810 neqnales
1492 1745 1581 1809 ungulo

951 1815 1029 1865 ΜΒΟ.
1061 1817 1125 1866 Etsi
1138 1819 1280 1866 inveniatur
1291 1817 1376 1867 medie
1393 1817 1582 1880 proportionalis

950 1887 1017 1935 inter
1033 1887 1080 1936 BV
1093 1894 1119 1936 et
1130 1885 1193 1936 Blll:
1212 1895 1286 1938 crunt
1298 1889 1350 1946 ΟΒ,
1360 1889 1413 1946 CV,
1433 1889 1582 1952 quadratum

951 1957 997 2006 BV
1021 1967 1047 2006 et
1067 1959 1217 2022 quadratum
1244 1959 1352 2018 mediae,
1379 1958 1581 2024 proportionalia

950 2028 983 2077 Et
1000 2029 1094 2078 solidus
1118 2043 1131 2078 e
1149 2031 1270 2093 quadrato
1287 2029 1341 2088 Bu.
1360 2030 1434 2080 ducto
1452 2033 1479 2078 in
1498 2029 1582 2078 altitu·

950 2099 1034 2148 dinem
1059 2100 1115 2156 CV,
1141 2101 1291 2165 aequabitur
1316 2101 1395 2150 solido
1423 2116 1437 2150 e
1462 2101 1583 2165 quadrato

950 2170 1048 2220 mediae
1067 2173 1093 2220 in
1112 2172 1270 2221 altitudinem
1290 2171 1342 2221 ΟΒ.
1375 2173 1422 2222 Est
1439 2181 1525 2222 nutem
1543 2173 1582 2221 liic

903 2234 907 2242 ’
948 2242 1043 2291 solidus
1061 2245 1141 2291 minor
1164 2243 1239 2306 duplo
1264 2245 1375 2306 inscripti
1395 2244 1466 2292 cubi:
1493 2244 1582 2292 idcirco

259 2319 286 2360 et
310 2311 375 2360 nlter
398 2309 491 2361 solidus
517 2312 555 2360 rel
584 2311 824 2376 parallelepipednm
850 2315 899 2362 erit
924 2315 1003 2361 minor
1029 2313 1117 2362 eodem
1142 2314 1205 2362 cubo
1230 2315 1364 2378 duplicato.
1411 2315 1473 2364 Ideo
1498 2327 1583 2364 antem

258 2377 323 2440 dl'co,
347 2381 453 2432 solidum
475 2397 530 2432 esse
548 2383 611 2433 cubo
630 2384 756 2447 duplicato
781 2387 917 2439 minorem.
941 2385 1002 2447 quia
1019 2384 1104 2432 media
1122 2385 1168 2432 illa
1185 2387 1250 2434 inter
1270 2386 1314 2434 BV
1333 2395 1360 2434 et
1377 2384 1428 2436 ΒΜ
1446 2395 1486 2434 eet
1504 2388 1584 2434 minor

259 2467 333 2517 quam
357 2451 411 2504 ΒΒ.
456 2453 501 2503 Est
523 2457 590 2504 euim
614 2455 661 2504 ΒΒ
692 2455 776 2504 medin
799 2455 989 2518 proportionalis
1015 2457 1080 2504 inter
1104 2455 1150 2504 BV
1175 2465 1201 2504 et
1225 2454 1285 2514 ΒΟ,
1309 2471 1355 2520 per
1372 2456 1398 2505 2.
1422 2457 1531 2514 lemma,
1556 2463 1583 2505 et

257 2525 303 2575 ΒΟ
322 2531 361 2575 est
378 2525 474 2590 longior
497 2540 571 2590 quam
589 2525 646 2576 ΒΜ.
684 2525 747 2574 Cum
773 2529 840 2576 enim
859 2526 900 2574 VF
919 2533 945 2574 et
961 2525 1004 2575 ΒΟ
1021 2528 1072 2574 sint
1088 2526 1239 2589 parallelae,
1258 2534 1285 2576 et
1300 2527 1345 2577 ot
1363 2537 1434 2576 secet
1452 2531 1581 2592 utriusque

258 2596 379 2660 trianguli
406 2597 501 2653 basim,
525 2607 599 2646 erunt
626 2607 759 2661 segmenta
780 2596 989 2661 proportionalia,
1017 2604 1044 2646 et
1067 2595 1114 2665 l'ii
1140 2599 1188 2646 crit
1211 2598 1289 2660 duplo,
1310 2606 1395 2648 rectae
1413 2598 1466 2656 NF,
1489 2607 1518 2648 ut
1537 2599 1582 2648 BA

258 2674 297 2716 est
315 2667 392 2730 dupla
410 2667 462 2717 AC.
490 2669 524 2716 At
542 2666 593 2718 ΝΜ
611 2674 650 2718 est
668 2669 748 2716 minor
763 2671 867 2717 semisse
880 2667 936 2726 NV,
956 2669 1048 2732 qniasi
1061 2668 1141 2724 ΒΒΟ,
1160 2669 1252 2717 cadens
1271 2677 1343 2718 extra
1360 2677 1509 2734 tangentem
1521 2669 1581 2726 ΒΗ,

258 2739 452 2796 continuaretur,
473 2737 551 2788 donec
564 2747 725 2789 concurreret
734 2753 790 2787 eum
802 2739 923 2788 diametro
936 2739 1091 2794 continuere,
1109 2741 1335 2803 intersegmentum
1348 2741 1414 2789 inter
1433 2755 1581 2790 concursum

259 2815 285 2858 et
303 2817 422 2872 punctum
441 2811 462 2858 A
483 2813 531 2860 erit
548 2815 629 2874 majus
649 2811 724 2874 duplo
749 2817 833 2858 rectae
844 2809 889 2860 AB
908 2823 953 2872 per
973 2809 996 2858 1.
1016 2809 1119 2866 lemma,
1138 2811 1273 2860 etidcirco
1288 2811 1335 2862 VN
1353 2819 1459 2874 superat
1477 2811 1581 2876 dupin·

256 2887 341 2929 rectae
360 2881 419 2938 ΜΜ,
439 2884 524 2946 igitur,
543 2895 599 2931 cum
617 2889 736 2944 punctum
755 2881 783 2930 M
801 2881 876 2930 cedat
894 2882 961 2929 intra
978 2889 1074 2930 rectam
1093 2875 1137 2930 OF
1140 2915 1146 2937 ,
1170 2889 1196 2930 et
1214 2881 1322 2946 anpulns
1341 2883 1374 2932 ad
1391 2883 1412 2932 Ο
1431 2884 1464 2930 sit
1482 2889 1580 2940 acutus,

256 2953 306 3000 erit
323 2955 466 3001 necessario
485 2951 529 3002 BD
548 2957 628 3016 nrajor
645 2966 720 3016 quam
732 2951 798 3008 BM;
818 2959 845 3001 et
862 2951 918 3008 BD,
936 2951 1021 3001 media
1038 2953 1229 3015 proportionalis
1248 2954 1315 3002 inter
1326 2953 1373 3002 BV
1392 2961 1419 3003 et
1431 2952 1486 3012 ΒΟ,
1503 2956 1582 3016 major
1663 2991 1664 2998 ,

256 3035 332 3086 quem
350 3023 435 3072 media
454 3025 519 3072 iuter
538 3024 585 3072 BV
604 3031 630 3074 et
648 3023 706 3072 ΒΜ.

344 3093 389 3142 Est
408 3096 485 3158 igitur
508 3095 601 3144 solidus
621 3110 634 3144 e
654 3094 776 3158 quadrato
794 3092 841 3142 BD
866 3094 892 3142 in
917 3101 1012 3143 rectam
1037 3093 1081 3143 ΒΟ
1106 3097 1185 3157 major
1209 3094 1288 3144 solido
1312 3108 1326 3143 e
1349 3095 1472 3160 quadrato
1491 3095 1537 3146 ΒΥ
1555 3099 1581 3145 in

255 3170 350 3213 rectam
369 3165 422 3222 VC,
441 3165 466 3214 ld
485 3172 524 3213 est
543 3165 621 3214 cubus
640 3165 781 3227 duplicatus
800 3165 879 3226 major
898 3173 937 3214 est
956 3165 1030 3228 duplo
1048 3165 1264 3229 pomllelepipedi.

344 3236 437 3285 Eodem
449 3236 522 3284 modo
535 3239 555 3287 si
568 3245 682 3285 sumatur
701 3236 832 3300 diogenius
852 3235 919 3283 basis
938 3236 1145 3299 parallelepipedi
1164 3236 1220 3293 BV,
1237 3240 1318 3300 ,major
1341 3251 1417 3302 quarn
1436 3244 1508 3287 recta
1524 3237 1580 3292 BD.

879 3365 880 3380 χ
941 3310 995 3368 ejus
1014 3306 1119 3356 altitudo
1132 3307 1175 3356 VC
1194 3315 1293 3358 tantum
1305 3311 1443 3364 minuetur.
1462 3317 1491 3357 ut
1502 3309 1579 3358 cubus

940 3377 1182 3441 parallelepipedum
1206 3380 1342 3442 superabit.
1384 3380 1449 3430 Sunt
1467 3382 1534 3428 enim
1553 3385 1581 3427 nt

939 3457 1017 3498 autea
1043 3448 1096 3504 CV.
1125 3449 1178 3506 ΟΒ,
1207 3450 1262 3506 BD.
1290 3449 1340 3500 ΒΜ
1374 3451 1579 3514 proportionales,

937 3519 1009 3568 Etsi
1027 3521 1061 3568 ait
1077 3522 1181 3569 inventa
1200 3521 1284 3570 media
1300 3522 1496 3585 proportionalis
1514 3522 1580 3569 inter

936 3589 983 3638 BD
1003 3597 1029 3639 et
1046 3590 1114 3648 ΒΜ,
1139 3599 1213 3640 erunt
1235 3592 1287 3648 CV,
1307 3591 1351 3642 ΟΒ
1376 3600 1403 3642 et
1428 3592 1578 3656 quadratum

866 3712 868 3715 ,
938 3661 994 3718 BD,
1006 3668 1032 3709 et
1042 3661 1193 3725 quadratum
1204 3664 1311 3720 mediae,
1322 3665 1525 3728 proportionalia
1548 3663 1581 3711 Et

863 3730 865 3739 '
937 3731 1015 3780 cubus
1049 3733 1189 3795 duplicatus
1223 3747 1236 3782 e
1263 3733 1385 3798 quadrato
1408 3733 1457 3782 BD
1480 3736 1506 3782 in
1524 3733 1578 3790 ΒΟ,

935 3801 1085 3866 aequabitur
1095 3805 1308 3868 parallelepipedo
1319 3819 1332 3854 e
1343 3805 1466 3869 quadrato
1478 3805 1578 3853 mediae

935 3883 961 3922 et
987 3873 1039 3922 CV.
1082 3875 1127 3924 Est
1154 3883 1240 3924 autem
1268 3876 1353 3924 medie
1381 3875 1447 3924 haec
1479 3876 1578 3939 longior

831 4001 839 4010 ι
936 3952 1006 3994 reeta
1024 3945 1078 3995 BV.
1121 3945 1159 3996 Sit
1182 3948 1248 3996 enirn
1274 3947 1337 3997 SVO
1362 3949 1578 4010 perpendicularis

937 4016 1072 4065 diametro:
1093 4025 1166 4065 erunt
1181 4017 1235 4074 BD,
1248 4017 1302 4075 BV,
1316 4017 1361 4068 ΒΟ
1381 4021 1501 4068 continue
1520 4034 1576 4082 pro-

252 4084 413 4146 portionales,
438 4095 483 4145 pcr
501 4077 526 4132 2.
546 4082 702 4140 lemma3'at
718 4083 761 4133 ΒΟ
781 4085 862 4133 minor
883 4093 922 4135 est
946 4100 1020 4151 quam
1039 4087 1104 4144 ΒΜ,
1130 4089 1265 4137 etidcirco
1283 4089 1329 4138 BV
1347 4091 1426 4137 minor
1446 4096 1485 4138 est
1503 4103 1579 4153 quam

253 4155 338 4204 medin
362 4157 427 4204 inter
450 4153 496 4202 BD
516 4160 543 4202 et
560 4154 618 4204 ΒΜ.
654 4155 711 4204 Fiat
729 4157 795 4204 enim
814 4156 879 4206 BOF
897 4165 995 4214 rectust
1020 4161 1069 4208 erit
1087 4159 1135 4208 DN
1160 4159 1238 4223 dupla
1260 4167 1344 4209 rectae
1362 4159 1414 4218 NF,
1433 4168 1462 4224 ut
1480 4159 1525 4208 BA
1546 4161 1579 4209 ad

252 4226 305 4283 AC,
324 4234 424 4290 propter
442 4226 632 4274 similitudinem
650 4227 833 4290 triangulorum
852 4227 918 4277 ΒΒΟ
938 4237 964 4278 et
981 4227 1057 4288 Dor,
1076 4237 1104 4279 at
1121 4229 1170 4279 DN
1188 4246 1236 4279 non
1254 4239 1293 4280 est
1311 4231 1388 4294 dupla
1413 4239 1499 4280 rectae
1517 4231 1577 4286 ΝΜ,

251 4299 312 4361 quia
330 4296 401 4348 DVG
419 4297 488 4346 cadit
510 4297 576 4348 intra
600 4303 746 4360 tangentem
765 4297 826 4346 Dll:
852 4306 878 4348 et
903 4299 995 4349 idcirco
1014 4316 1059 4365 per
1079 4301 1102 4350 l.
1130 4302 1224 4350 lemma
1242 4301 1282 4356 BS
1306 4304 1384 4364 major
1407 4311 1448 4351 est
1472 4304 1576 4350 semisse

253 4369 444 4433 intersegtnenti
463 4370 529 4418 inter
547 4375 666 4432 punctum
682 4369 699 4418 S
718 4375 744 4417 et
763 4383 908 4418 concursum
928 4379 1011 4421 rectae
1030 4371 1078 4420 ΒΟ
1101 4381 1127 4422 et
1139 4371 1254 4422 diametri
1274 4376 1485 4427 continuatarum.
1505 4375 1576 4422 etin

252 4441 379 4505 triangulo
398 4440 474 4489 simili
493 4437 568 4488 MVD
593 4439 680 4488 eodem
704 4439 779 4488 modo
798 4438 848 4489 MN
872 4444 952 4504 major
976 4451 1015 4491 est
1038 4445 1141 4493 semisse
1165 4452 1250 4493 rectae
1268 4443 1331 4500 DN,
1354 4449 1455 4492 etcum
1474 4443 1577 4494 illisit

251 4513 331 4573 major
349 4523 424 4575 quam
442 4508 493 4567 FN,
512 4518 538 4558 et
550 4510 616 4560 Dor
634 4510 667 4560 sit
685 4517 775 4566 rectus,
795 4513 843 4560 erit
861 4516 1003 4562 necessario
1016 4512 1060 4563 ΒΟ
1080 4516 1160 4563 minor
1177 4529 1252 4578 qnam
1263 4515 1321 4572 ΒΜ,
1340 4517 1436 4578 eritque
1455 4515 1575 4578 parallel-

251 4581 384 4646 epipedunr
409 4582 563 4645 equadrato
588 4581 686 4632 mediae
711 4587 737 4630 ct
755 4581 798 4631 CV
823 4579 859 4642 (id
885 4592 923 4632 est
947 4585 1025 4634 cubus
1049 4585 1191 4648 duplicatus
1216 4601 1229 4634 e
1249 4586 1370 4650 quadrato
1395 4585 1443 4635 DB
1469 4595 1495 4635 et
1518 4583 1574 4646 DC)

251 4655 332 4714 majus
349 4653 562 4717 parallelepipedo
582 4669 596 4703 e
616 4652 737 4719 quadrato
755 4651 801 4701 BV
820 4661 846 4702 et
864 4653 916 4712 CV,
935 4656 999 4719 quod
1018 4663 1074 4704 eret
1092 4654 1318 4706 demonstrandum.

340 4723 390 4774 Sed
408 4738 447 4772 me
467 4726 516 4773 ista
536 4725 633 4790 longius
653 4723 814 4774 detinuerunt
831 4739 906 4788 quam
926 4727 1057 4789 cupiebam
1069 4735 1114 4776 aut
1126 4730 1312 4777 constitueram,
1344 4727 1401 4778 Jant
1415 4727 1573 4778 liceetmihi.

252 4801 276 4844 te
296 4797 409 4859 promissi
435 4797 472 4844 tui
497 4795 635 4861 Hipparchi
659 4795 808 4852 admonere,
834 4811 907 4861 quent
933 4813 980 4862 ego
1005 4805 1031 4846 et
1055 4799 1098 4846 elii
1123 4799 1207 4861 plures
1229 4803 1282 4862 jam
1305 4814 1350 4862 per
1369 4799 1473 4863 aliquot
1496 4813 1573 4848 anuos

252 4867 423 4916 vehementius
443 4869 581 4930 expetimus
601 4875 626 4917 et
645 4876 827 4933 exspectamus.
865 4867 946 4932 litque
967 4877 994 4918 ut
1012 4869 1156 4934 intelliges,
1183 4885 1257 4934 quum
1276 4878 1374 4920 tuorum
1398 4869 1523 4921 studiosus
1541 4871 1572 4918 sit
