3310 5538
239 297 262 365 4
763 344 765 352 1
828 319 990 373 3111331111.

327 461 375 526 De
399 459 588 527 calendariis
603 463 797 545 quaestiones
813 481 976 545 aggressus
996 471 1046 528 est
1059 462 1186 544 primum
1206 461 1304 524 literis
1326 460 1366 524 31
1381 460 1582 524 Maestlinum

238 549 335 625 datis,
358 569 375 612 e
391 552 496 632 quibus
512 552 621 627 elucet,
635 553 796 616 inclinasse
811 553 974 634 Keplernm
989 553 1029 615 ad
1044 550 1248 634 accipiendum
1265 549 1478 620 calendarium
1493 548 1581 612 cre-

224 639 402 718 'gorianum
449 640 511 704 chr
530 660 601 705 vero
625 642 666 704 nil
682 643 719 704 13
732 639 795 704 1313
809 661 842 705 13
857 643 888 704 13
902 641 1053 724 publicum
1067 641 1210 715 emiserit,
1226 639 1315 702 facile
1330 639 1489 721 apparebit
1503 657 1581 720 per·
1650 635 1651 646 ’

238 729 575 812 113313311133,.31331
597 730 760 794 3131133113
786 731 892 794 animis
917 731 1052 794 homines
1074 730 1269 792 Lutheranae
1290 729 1434 792 formulae
1462 726 1581 790 addicti

238 835 347 880 novum
363 817 576 883 calendarium
590 821 805 895 recusaverint
850 819 993 900 ceterum
1013 820 1108 883 refert
1122 819 1294 882 Hanschins
1315 818 1346 880 in
1361 817 1426 880 vita
1440 815 1579 898 Kepleri,

238 905 411 988 Keplerum‚
431 927 497 971 cnm
512 928 590 972 anno
609 908 692 973 1613
709 910 748 972 ab
763 911 950 992 1333131313
964 910 1100 972 Matthia
1115 907 1238 972 comitia
1253 906 1369 988 imperii
1384 905 1579 969 Ratisbonae

237 1003 342 1058 essent
357 997 487 1074 indicta,
509 999 539 1061 in
555 997 661 1080 quibus
675 1000 755 1061 13131
777 1000 838 1062 3113
859 999 896 1061 13
916 998 1131 1062 reformatione
1148 995 1322 1061 calendarii
1346 995 1580 1058 consultandum

236 1093 383 1166 31311131
398 1088 529 1168 speciale
543 1088 719 1151 mandatnm
735 1083 779 1169 (1.
795 1088 823 1151 1.
839 1088 889 1151 29.
900 1089 973 1151 Dec.
992 1087 1085 1163 1612,
1100 1079 1236 1167 Vienna)
1252 1086 1361 1150 adesse
1372 1084 1491 1165 11133313
1506 1103 1581 1145 3333

236 1174 319 1236 311.
336 1176 386 1237 24.
396 1176 520 1257 Aprilis.
557 1177 727 1253 „Ascendit
740 1177 874 1258 itaque“,
889 1177 990 1258 pergit
1003 1177 1185 1250 Hanschins,
1203 1175 1252 1252 „in
1268 1174 1414 1238 comitatu
1431 1172 1580 1238 caesaris
1600 1205 1606 1218 ι

234 1262 448 1341 113113133313,
465 1273 528 1327 turn
544 1266 622 1329 euris
639 1266 878 1342 connubialibus,
898 1274 963 1329 tum
978 1266 1046 1328 31113
1061 1264 1191 1346 33331113
1208 1265 1247 1326 ad
1263 1262 1437 1339 calendarii
1452 1281 1579 1345 331133-

235 1353 347 1415 1133313
363 1355 572 1436 spectantibus
595 1348 671 1438 (qua
693 1356 731 1417 de
746 1375 778 1418 re
804 1353 1003 1436 „Dialogum“
1027 1353 1175 1436 prolixum
1198 1353 1236 1416 31
1257 1353 1419 1416 editionem
1417 1358 1579 1445 paratum

234 1437 370 1524 reliquit)
385 1444 431 1506 ita
446 1443 621 1520 distractus,
635 1451 671 1507 ut
686 1445 889 1508 astronomiae
903 1446 993 1526 plane
1010 1443 1100 1508 fuerit
1114 1441 1256 1506 oblitus“

323 1529 468 1603 Quamvis
490 1534 549 1595 hac
571 1534 608 1596 de
631 1553 723 1597 causa
737 1534 886 1615 Keplerus
909 1533 983 1596 nihil
1005 1533 1042 1594 13
1057 1531 1269 1596 reformatione
1287 1528 1475 1604 calendarii,
1497 1547 1580 1611 3333

233 1621 572 1702 temtemporismnltos
591 1623 732 1704 agitabat
751 1643 817 1686 enm
827 1623 911 1698 alios,
927 1630 991 1684 tum
999 1621 1221 1702 virosKeplero
1232 1619 1438 1694 amicissimos,
1452 1620 1578 1682 Maest-

234 1709 326 1772 linum
341 1718 374 1773 et
388 1710 644 1787 Hafenrellerum,
665 1712 884 1793 inprimendum
899 1719 1034 1787 curaret,
1057 1719 1160 1774 tamen
1176 1729 1242 1772 eam
1262 1709 1359 1790 ipsam
1374 1709 1412 1770 ob
1428 1726 1492 1770 1313
1508 1727 1525 1768 3
1541 1727 1578 1770 13

232 1799 319 1862 nobis
334 1819 402 1861 esse
418 1799 551 1876 videtur,
572 1801 712 1882 operibus
726 1801 851 1884 Kepleri
867 1800 1086 1881 chronologicis
1102 1800 1249 1881 quaedam
1269 1799 1307 1862 de
1324 1796 1505 1863 calendario
1522 1815 1577 1859 re-

231 1887 362 1950 formato
376 1889 582 1970 praemittere,
598 1890 645 1964 iis,
660 1911 737 1972 3333
752 1891 818 1971 ipse
835 1890 945 1954 dehac
961 1909 994 1954 13
1010 1889 1082 1970 egit,
1098 1889 1219 1951 additis.

300 1978 498 2041 ’1311333311
522 1998 581 2042 333.
603 1979 690 2042 XVI.
711 1999 771 2043 non
793 1980 990 2060 ignorabant,
1019 1978 1125 2059 quibus
1148 1977 1265 2040 mendis
1287 1983 1320 2038 et
1342 1973 1577 2040 difficultatibus

230 2066 413 2147 procedente
442 2075 578 2149 tempore
606 2069 704 2148 magis
730 2069 886 2150 magisque
915 2067 1138 2148 emergentibus
1161 2065 1376 2130 calendarium
1404 2063 1576 2145 antiquitus

230 2155 376 2218 traditum
391 2155 555 2220 laboraret.
590 2157 706 2221 Veram
721 2166 888 2240 temporum
903 2159 1051 2220 rationem
1067 2174 1155 2237 quum
1171 2154 1360 2237 opinionibus
1375 2153 1490 2216 usitato
1507 2151 1575 2216 ca-

228 2244 364 2307 lendario
381 2245 503 2308 traditis
526 2265 617 2328 saepe
633 2265 801 2329 repugnare
824 2248 978 2322 viderent,
1001 2246 1110 2308 dudum
1132 2245 1169 2306 de
1185 2244 1372 2306 emendando
1389 2241 1576 2306 calendario

229 2333 418 2414 cogitantes,
440 2335 501 2398 3113
517 2343 608 2418 atque
624 2336 685 2398 alia
701 2337 885 2412 suadebant,
908 2336 1005 2399 13333
1024 2333 1227 2415 Gregorius
1248 2333 1394 2396 Pontifex
1414 2332 1574 2394 Romanus

229 2422 362 2485 dissecto
377 2424 457 2486 nodo
473 2443 618 2488 novarum
640 2427 913 2489 controversiamm
934 2432 1042 2488 auctor
1063 2424 1219 2486 existeret
1263 2423 1397 2484 Petrus
1412 2419 1577 2494 Pitatns,

227 2511 424 2588 Veronensis,
439 2514 596 2596 professor
609 2515 868 2604 mathematicae
858 2534 890 2583 ru
907 2513 1063 2578 academia
1076 2512 1301 2575 Philarmonica
1315 2510 1392 2572 med.
1409 2528 1475 2572 333.
1484 2508 1577 2571 XVI.

228 2602 440 2666 astronomicis
463 2612 496 2666 et
520 2605 713 2685 astrologicis
735 2605 843 2668 studiis
866 2604 1022 2678 addictus,
1050 2620 1105 2683 pro
1127 2601 1206 2664 111111
1221 2607 1309 2681 parte
1333 2598 1576 2672 difficultatibus,

173 2686 178 2704 ¹
228 2710 303 2772 quas
320 2691 533 2756 calendarium
547 2693 700 2756 Julianurn
721 2694 904 2757 astronomis
920 2692 1059 2766 afferret,
1082 2709 1238 2754 occurrere
1254 2685 1382 2752 3333133
1398 2705 1575 2768 summoque

152 2777 154 2784 ⁴
227 2779 268 2840 ad
289 2800 352 2843 1331
375 2781 572 2845 dirimendam
601 2783 702 2845 studio
725 2799 886 2857 accensus,
913 2781 996 2850 haud
1023 2779 1218 2842 mediocris
1209 2777 1322 2859 1333311
1351 2785 1384 2840 31
1412 2775 1579 2839 doctrinae-

227 2869 393 2949 specimina
408 2870 518 2944 edidit,
540 2877 576 2932 ut
591 2889 666 2951 opus
689 2870 753 2949 ejus
775 2866 1009 2953 (compendium
1030 2885 1123 2949 super
1142 2885 1242 2932 annua
1258 2866 1375 2930 Solaria
1397 2865 1574 2948 313131111-

130 2997 134 3010 ·
226 2957 309 3020 uaris
325 2959 514 3038 quantitate,
536 2959 698 3022 Paschalis
719 2959 793 3022 item
815 2959 1009 3022 solennitatis
1026 2957 1118 3037 juxta
1138 2965 1260 3020 ueteres
1276 2954 1423 3018 ecclesiae
1438 2971 1575 3017 canones

226 3047 442 3126 recognitione,
457 3046 645 3128 Romanique
662 3045 837 3112 calendarii
851 3047 1080 3112 instauratione.
1094 3046 1238 3110 Veronae
1256 3038 1356 3126 1560)
1372 3044 1453 3107 haud
1467 3041 1573 3124 13113-

225 3153 296 3197 uum
315 3143 414 3209 esset,
438 3136 521 3216 cujus
544 3136 584 3198 ad
600 3137 769 3218 exemplum
786 3137 952 3216 Gregorius
969 3156 1025 3200 333
1040 3143 1174 3200 mutaret
1189 3143 1223 3198 et
1235 3135 1441 3209 confirmaret,-
1461 3147 1572 3214 quam-

225 3241 330 3304 quam,
348 3232 477 3307 atquae
493 3225 577 3306 operi
593 3225 715 3289 inerant
729 3226 809 3290 bona
824 3234 879 3289 ant
893 3247 953 3291 non
968 3227 1164 3307 vulgarentur
1179 3232 1233 3287 ant
1243 3224 1328 3304 justo
1343 3223 1440 3286 131333
1455 3221 1572 3303 proba-

224 3320 345 3389 rentur,
367 3313 478 3377 fusiore
495 3315 658 3396 eodemque
673 3316 863 3397 impeditiore
886 3315 1004 3380 dicendi
1026 3333 1137 3396 genere
1159 3315 1273 3379 factum
1295 3332 1363 3376 esse
1384 3309 1488 3392 negari
1509 3328 1573 3373 non

224 3409 337 3483 potest
381 3402 437 3466 Ille
454 3403 574 3485 quidem
588 3404 768 3468 Pontificem
781 3406 825 3468 Μ.
839 3405 926 3468 Pium
940 3405 995 3468 IV.
1011 3404 1163 3486 appellat,
1184 3411 1220 3466 ut
1236 3401 1448 3466 Calendarium
1463 3419 1571 3462 emen-

225 3492 291 3554 1311
306 3492 430 3572 jubeat,
455 3499 509 3570 ,ut
530 3493 612 3574 vulgi
634 3495 887 3580 murmurationes
909 3493 1083 3569 sustuleris,
1104 3493 1312 3555 Hebraeorum
1331 3489 1571 3554 blacteratiouea

224 3580 391 3644 obtrudas“
408 3582 461 3645 113
504 3579 613 3658 „Quod
627 3591 661 3646 tu
677 3583 764 3647 annis
779 3584 828 3647 his
844 3584 959 3647 duobus
978 3580 1173 3657 1561‚1562
1189 3581 1294 3644 diebus
1310 3587 1428 3661 septem
1442 3577 1473 3640 13
1488 3597 1581 3640 anno.

144 3673 154 3681 “
223 3671 409 3733 emensibns
425 3671 554 3734 13111313
574 3673 689 3739 1131313
704 3673 745 3736 31
764 3673 953 3737 31331331133
976 3680 1009 3734 31
1023 3671 1131 3734 furtice
1148 3671 1295 3751 surreptis
1316 3669 1436 3732 edicere
1451 3667 1571 3748 poteria

223 3765 256 3822 et
286 3759 324 3822 de
355 3781 434 3824 anno
468 3761 553 3824 1600
590 3782 628 3824 ac
657 3762 782 3844 reliquis
812 3761 948 3826 33313313
979 3761 1032 3824 duc.
1070 3779 1172 3824 curam
1202 3759 1334 3841 posteris
1364 3757 1571 3838 relinquens&
1650 3819 1651 3822 ,

222 3848 275 3910 Jo.
291 3842 1569 3935 8131133(1313113113Β31333311133(1311560),Β31111.831133311313133

223 3930 271 4017 (in
287 3936 436 4020 Computo
457 3940 670 4003 astronomica
698 3941 767 4004 Wit
769 3942 829 4003 1311.
847 3933 959 4021 1567),
977 3939 998 4002 J
1003 3959 1029 4002 o
1044 3935 1252 4012 Paduanns,
1274 3937 1371 4008 Pitati
1392 3935 1569 4016 disprulus,

222 4025 411 4090 Veronensis
427 4023 474 4111 (in
488 4029 643 4092 Viridario
658 4030 953 4093 Mathematieorum.
981 4029 1060 4092 Vera
1078 4023 1178 4110 1563)
1202 4027 1311 4108 aliique
1334 4025 1423 4088 simili
1438 4043 1497 4106 qua
1511 4023 1580 4086 Pi-v

222 4123 308 4178 tatus
329 4115 448 4180 ratione
472 4119 713 4182 emendationem
735 4119 952 4183 desiderabant
968 4117 1141 4182 calendarii
1159 4115 1288 4192 Iuliani,
1310 4123 1343 4178 et
1363 4113 1570 4196 implorabant

222 4204 275 4268 alii
296 4205 470 4287 Principes,-
492 4206 543 4270 alii
559 4207 753 4284 Pontificem,
775 4215 811 4272 31
831 4208 859 4272 J.
877 4208 1021 4273 caesaris
1043 4205 1179 4286 exemplo
1204 4205 1275 4268 anni
1296 4205 1445 4268 rationem
1460 4221 1567 4274 31333-

221 4294 340 4358 131331.
379 4295 624 4360 Schoenbornius
645 4298 737 4378 quasij
752 4297 919 4401 desperans
940 4298 1040 4360 addit:
1062 4295 1178 4358 Verum
1193 4295 1230 4356 da
1246 4294 1294 4356 his
1309 4293 1458 4376 inquirere
1474 4298 1567 4374 atque

220 4384 280 4447 hoc
293 4384 383 4447 modo
399 4385 549 4450 disserere
564 4385 680 4449 licitum
695 4387 768 4450 eat'
758 4406 790 4449 13
806 4387 927 4461 scholis,
943 4405 1067 4468 sperare
1082 4391 1184 4448 antem
1198 4382 1438 4446 emendationem
1448 4381 1567 4461 justam

220 4473 280 4536 hoc
295 4469 419 4561 1333331
436 4483 469 4537 31
482 4475 595 4538 infelici
611 4474 713 4538 seculo
736 4483 770 4539 et
790 4476 873 4539 tristi
893 4495 992 4540 rernm
1011 4473 1142 4538 omnium
1161 4473 1335 4537 confusione
1353 4472 1408 4535 vix
1425 4487 1570 4552 uuquam-
1642 4479 1646 4486 '

219 4562 397 4646 Aloysius
419 4564 551 4642 Lilius,
574 4564 771 4628 calabrensis
793 4566 927 4628 medicus
951 4574 984 4629 31
1002 4563 1251 4639 mathematicus,
1274 4560 1454 4641 Gregorio
1476 4561 1566 4624 XIII.

220 4650 361 4716 Pontifici
376 4653 514 4716 Romano
529 4612 729 4724 13313313311
746 4652 921 4718 0313313111
942 4655 1093 4719 rationem
1114 4653 1286 4734 proposuit,
1309 4668 1398 4731 quam
1420 4667 1487 4713 cum
1509 4669 1567 4732 per

221 4739 303 4803 alrcs
312 4743 546 4807 mathematicos
559 4743 715 4816 Romanos
732 4739 919 4826 (Ignatius
933 4745 1055 4820 Danti,
1071 4743 1134 4806 ord.
1150 4741 1182 4805 S.
1191 4739 1350 4814 Dommrer,
1363 4757 1490 4821 praeses
1505 4739 1567 4802 fuit

224 4829 342 4894 concilii
358 4832 389 4896 in
404 4831 483 4900 hunc
497 4834 587 4897 finem
602 4827 778 4916 convocati)
795 4841 860 4898 turn
873 4853 929 4916 per
945 4833 1252 4915 christophorum
1265 4827 1446 4908 clavium,
1465 4831 1582 4898 Bam-.
