3406 5542
583 322 666 388 Caput
676 323 718 376 xt
744 322 964 386 emarcuerat.
1175 341 1180 350 ·
1366 307 1444 378 Ι339

105 463 167 537 iste,
181 481 269 546 quan
283 463 424 528 Herodes
438 465 595 550 tetrarcha
610 466 725 540 tenuit3
739 466 894 548 Josephus
909 486 989 542 vero,
1006 465 1123 530 Christi
1136 469 1222 548 pueri
1237 471 1372 546 ulricus,
1387 471 1440 536 illo
1519 491 1524 506 ·

106 559 236 632 tempore
253 553 328 616 civis
344 561 412 616 erat
425 554 557 618 Herodis
573 554 603 618 in
619 555 728 636 oppido
746 554 905 633 Galilaeae
920 557 1151 631 Nazarethano,
1173 578 1232 620 non
1247 559 1394 624 Archelai
1409 560 1441 623 in

105 639 225 702 Judaea.
268 641 313 705 Et
333 661 400 705 cum
418 643 598 706 Matthaeus
618 653 651 706 et
664 643 766 706 Lucas
787 645 867 708 eirca
887 645 1047 711 historiam
1061 646 1309 718 incunabulorum
1324 648 1441 714 Christi

105 728 228 809 speciem
243 730 371 811 aliorp'us
388 731 543 795 dissensus
558 733 728 813 praebeant
743 734 871 798 eminus:
898 753 937 797 ex
952 735 1003 810 iis,
1027 754 1104 816 quae
1126 735 1177 797 alii
1197 737 1385 817 scripserunt
1401 737 1441 804 ad

104 817 301 882 concitandos
315 819 545 901 Evangelistas,
561 820 637 884 haec
652 824 715 884 sere
731 831 803 886 sunt
817 843 893 904 quae
908 823 981 886 mihi
996 823 1151 898 videntur,
1167 844 1243 906 quae
1254 846 1312 890 non
1322 827 1440 890 modice

104 906 238 970 differunt
253 909 293 970 ab
308 909 354 984 iis,
369 929 447 992 quae
461 909 630 974 Deckerius
647 919 680 974 et
695 910 828 993 Suslyga
843 912 892 976 hic
908 919 1073 993 sequuntur
1089 914 1242 994 atquibus
1258 915 1346 978 sbnul
1360 917 1441 996 quod

98 997 158 1076 jam
172 996 321 1060 affirmavi
337 997 375 1060 de
391 1017 484 1062 censu
498 1000 661 1081 posteriori
677 1001 788 1064 clarius
804 1001 1004 1082 explicabitur
1019 1009 1053 1064 et
1067 1002 1319 1082 comprobabitur.

182 1085 338 1166 Josephus
361 1089 484 1150 Herode
509 1090 675 1168 superstite
700 1091 775 1152 civis
806 1097 874 1152 erat
899 1089 1151 1154 Bethleemiticus
1182 1093 1305 1173 eiusque
1338 1094 1441 1174 oppidi

101 1171 256 1254 inquilinus
276 1183 331 1238 aut
350 1175 440 1240 vicini
460 1177 588 1257 alicujus
608 1179 682 1242 locis
708 1179 735 1242 ei
756 1179 908 1260 desponsa
927 1185 996 1242 erat
1014 1179 1100 1260 virgo
1115 1180 1215 1242 Maria
1230 1181 1260 1244 in
1278 1181 1437 1244 Galilaeae

102 1263 204 1344 oppido
225 1264 400 1340 Nazareth,
422 1267 503 1347 apud
524 1275 670 1347 parentes
684 1267 812 1350 Josephi
834 1276 981 1349 cognatos
996 1269 1154 1332 habitans:
1178 1269 1243 1332 lieri
1266 1271 1384 1353 potuit,
1406 1278 1442 1334 ut

101 1351 220 1432 pdmum
239 1353 310 1434 ipsa
328 1354 430 1418 Maria
448 1356 581 1418 nesebet
602 1357 640 1420 de
661 1357 910 1437 desponsatione,
932 1375 988 1420 nec
1000 1357 1115 1422 statim
1129 1357 1283 1438 Josephus
1302 1359 1386 1422 illam
1402 1378 1442 1422 ex

102 1438 237 1517 Galilaea
252 1443 285 1504 in
300 1443 449 1506 Judaeam
465 1445 584 1508 domum
601 1445 733 1508 deduxit.
763 1446 890 1509 Interim
904 1447 1018 1509 Martio
1035 1465 1139 1508 mense
1155 1447 1269 1510 micare
1283 1456 1330 1512 eat
1343 1469 1442 1530 orcae-

100 1525 145 1594 tae
159 1529 292 1595 cacat
306 1534 342 1596 ia
356 1533 511 1597 amitateen
526 1531 694 1598 Galilaeae
709 1535 870 1600 Nasareth
885 1535 930 1602 ud
942 1536 1096 1618 mairam
1108 1535 1255 1600 Mariam
1268 1537 1442 1618 desponsa-

101 1625 159 1682 tam
171 1619 311 1702 Josepho
327 1621 367 1687 de
382 1623 473 1686 aona
487 1623 640 1688 Durridia.
672 1621 758 1694 Quae
775 1625 979 1704 utconcepit,
993 1643 1032 1687 er
1048 1624 1157 1705 oppido
1173 1626 1330 1688 Nasareth
1347 1625 1439 1690 Gali-

100 1707 181 1772 laeae
196 1711 338 1789 proiecta
354 1711 449 1775 est-in
462 1712 588 1776 Hebron
604 1712 760 1777 civitatem
775 1713 866 1776 sitam
880 1713 912 1776 in
927 1713 1079 1778 montanis
1094 1714 1231 1777 iudaeae
1248 1713 1287 1778 ad
1295 1714 1440 1779 Elisabe-

100 1796 186 1860 tham·
195 1806 375 1880 cognatam,
390 1820 480 1882 quam
493 1802 651 1882 gravidam
665 1820 734 1866 esse
750 1801 876 1883 angelus
890 1797 1081 1868 iudicaverat
1094 1821 1229 1866 mensem
1245 1803 1364 1884 quidem
1374 1804 1441 1884 jam

100 1893 337 1969 erumperes
353 1909 443 1970 quam
457 1891 570 1954 mansit
584 1909 705 1954 menses
720 1897 798 1966 tres,
813 1899 996 1973 exspectaus
1011 1893 1117 1972 procul
1132 1889 1221 1954 dubio
1237 1899 1359 1973 partum
1373 1893 1439 1973 ejus

102 1994 198 2038 mense
213 1977 323 2053 Juni03
340 1986 413 2042 tunc
428 1997 552 2042 reversa
566 1980 598 2044 in
616 1981 736 2044 domum
751 1998 845 2056 suani,
859 1981 891 2044 in
902 1981 1045 2062 oppidum
1053 1981 1221 2056 Nazareth,
1236 1982 1349 2044 mansit
1359 1981 1442 2063 apud

99 2073 245 2144 parentes.
291 2067 419 2132 Interim
433 2068 589 2145 intumuit,
610 2070 687 2133 adeo
702 2077 737 2132 ut
753 2077 918 2150 appareret
931 2069 1090 2151 gravidam
1105 2089 1187 2134 esse:
1210 2077 1301 2151 atque
1317 2070 1375 2133 hcc
1391 2077 1441 2132 est

99 2171 159 2216 meo
169 2153 302 2234 judicio,
317 2158 440 2239 aperiet
452 2164 587 2234 meam,
609 2158 641 2221 id
657 2165 705 2220 est
720 2159 844 2222 dilatari
849 2178 859 2234 3
881 2177 938 2221 nec
953 2159 1016 2222 ulla
1031 2159 1218 2222 necessitate
1234 2159 1383 2238 adigimur
1398 2159 1440 2223 ad

101 2243 305 2322 explicandam
326 2245 420 2310 latius
440 2247 566 2327 phrasin
587 2247 680 2310 istam
705 2247 778 2310 Luc
802 2250 831 2310 2.
876 2248 1014 2310 Tandem
1034 2244 1187 2328 Josephus
1216 2248 1254 2309 de
1275 2248 1437 2311 Bethleem

99 2329 225 2396 iudaeae
241 2335 331 2398 venit
345 2335 376 2397 in
390 2336 548 2400 Nazareth
564 2336 737 2411 Galilaeae,
760 2336 881 2400 domum
902 2337 1085 2400 deducturus
1106 2355 1263 2416 sponsam:
1289 2355 1380 2418 quam
1401 2343 1436 2398 ut

100 2419 167 2483 vidit
184 2423 359 2502 gravidam,
381 2425 492 2488 statuit
511 2426 595 2488 illam
615 2426 755 2490 deserere
771 2433 804 2488 et
819 2427 898 2488 clam
914 2427 1033 2488 domum
1048 2426 1176 2500 reverti;
1202 2432 1343 2488 monente
1365 2443 1436 2488 vero

101 2511 198 2591 angelo
214 2519 339 2578 mutata
354 2515 508 2578 sententia
522 2515 642 2595 accepit
658 2514 817 2596 conjugem
832 2533 925 2578 suam.
968 2511 1036 2586 Quo
1052 2516 1133 2576 iacto
1149 2522 1286 2594 tempore
1302 2511 1438 2587 autumni

101 2597 211 2664 circiter
235 2603 347 2682 procul
371 2603 459 2666 dubio
490 2603 604 2666 mansit
627 2622 761 2667 mensem
785 2622 877 2666 unum
907 2606 999 2684 atque
1030 2604 1159 2666 alterum
1193 2603 1272 2682 apud
1298 2602 1437 2683 conjugis

100 2698 231 2768 parentes
251 2691 285 2754 in
300 2692 467 2768 Nazareth,
487 2692 610 2775 etquid
632 2691 659 2756 si
679 2692 828 2773 cogitavit
849 2691 891 2754 ibi
906 2692 966 2756 loci
981 2693 1072 2772 plane
1094 2691 1271 2754 considere?
1301 2691 1349 2756 At
1369 2711 1437 2754 cum

99 2775 208 2842 intedm
222 2781 451 2861 promulgatum
466 2789 551 2844 esset
567 2781 698 2844 edictum
712 2780 846 2862 Augusti
861 2781 902 2842 de
917 2781 1120 2861 descriptione
1136 2779 1276 2842 iacienda
1291 2788 1434 2862 essetque

99 2863 155 2944 ipse
170 2868 243 2932 civis
257 2870 310 2932 vel
325 2869 357 2932 in
371 2869 479 2952 oppido
494 2870 661 2934 Bethleem.
670 2871 721 2934 vel
734 2870 767 2932 in
781 2869 904 2944 vicinia,
920 2869 1029 2952 quippe
1044 2885 1121 2932 unus
1137 2869 1175 2930 de
1191 2869 1279 2931 domo
1296 2877 1329 2930 et
1343 2868 1435 2932 famia

99 2953 134 3016 lia
150 2955 263 3032 David,
289 2957 322 3020 in
349 2957 433 3040 cujus
456 2965 538 3022 sorte
559 2966 627 3022 erat
645 2959 754 3022 civitas
773 2959 946 3035 Bethleem,
969 2977 1040 3022 nam
1059 2959 1126 3043 lege
1149 2965 1271 3020 cautum
1291 2965 1373 3033 erat,
1396 2977 1435 3022 ne

99 3045 242 3110 territoria
257 3047 506 3110 abalienarentur
521 3069 541 3110 a
556 3049 690 3115 familiis:
707 3048 878 3110 necessitas
891 3048 950 3129 ipsi
965 3046 1141 3127 supervenit
1151 3046 1298 3108 redeundi
1314 3046 1434 3109 domum

99 3140 126 3194 et
138 3136 298 3214 profitendi
313 3135 395 3199 inter
410 3137 492 3214 cives
507 3137 574 3212 loci,
585 3156 715 3218 ,quorum
729 3155 746 3199 e
761 3155 884 3199 numero
899 3143 975 3200 erat.
1015 3137 1059 3200 lbi
1074 3136 1167 3216 igitur
1180 3154 1284 3198 mense
1299 3136 1433 3198 Decem-

97 3219 138 3284 bri
158 3222 302 3289 Christus
323 3233 414 3288 natus
438 3234 487 3288 est
509 3234 542 3289 et
561 3226 662 3292 Maria
683 3226 836 3306 transegit
858 3226 1062 3308 puerperium,
1087 3244 1144 3306 quo
1159 3225 1282 3288 finiente
1297 3224 1383 3305 Magi
1396 3243 1435 3287 ex

98 3309 202 3376 edente
217 3316 383 3378 adfuerunt
396 3315 428 3378 iu
441 3315 616 3390 Bethleem;
634 3315 779 3396 simulque
796 3314 887 3378 atilli
903 3322 935 3376 et
948 3315 968 3377 J
971 3315 1102 3395 asephus
1119 3333 1185 3376 cum
1199 3313 1300 3378 Maria
1316 3313 1434 3376 disces-

97 3411 191 3464 arunt
205 3423 245 3466 ex
260 3403 373 3485 oppido
388 3403 557 3478 Bethleem,
572 3404 615 3466 illi
630 3404 662 3466 in
678 3404 833 3478 orientem,
848 3402 1002 3484 Josephus
1016 3422 1083 3464 cum
1092 3401 1193 3464 Maria
1201 3402 1434 3483 lerosolymam,

96 3485 148 3568 legi
170 3493 336 3572 operaturi
380 3493 578 3574 ierosolymis
606 3493 699 3573 igitur
714 3499 967 3554 consentaneum
990 3497 1040 3554 est
1063 3490 1179 3552 somnio
1204 3491 1350 3552 monitmn
1373 3490 1433 3554 Jo-

97 3577 211 3658 sephum
225 3591 263 3644 ut
278 3583 413 3662 fugeret,
432 3582 632 3663 ierosolymis
647 3581 679 3644 in
692 3581 869 3662 Aegyptum
889 3581 1000 3642 abiisse
1021 3580 1103 3642 credi
1118 3597 1175 3660 par
1189 3586 1251 3652 est,
1273 3597 1310 3640 ne
1332 3578 1433 3642 reditu

97 3666 206 3746 quidem
219 3670 251 3734 in
267 3671 432 3735 Bethleem
445 3671 542 3734 iacto:
566 3689 622 3733 nec
637 3669 827 3743 incredibile,
847 3668 1007 3732 transiisse
1022 3669 1091 3732 illos
1108 3667 1250 3748 oppidum
1265 3668 1432 3744 Nasareth,

95 3767 248 3837 pergentes
267 3753 504 3834 Ptolemaidem,
532 3766 568 3822 ut
588 3759 657 3822 inde
680 3759 751 3821 navi
770 3764 968 3840 portarentur
992 3757 1023 3820 in
1045 3757 1231 3837 Aegyptum
1274 3757 1355 3820 Nam
1376 3775 1432 3836 per

95 3847 243 3925 augustias
262 3849 475 3912 Idumaeorum
494 3847 640 3911 montium
660 3854 693 3908 et
712 3848 829 3914 aridum
848 3847 908 3908 iter
927 3853 996 3908 erat
1015 3854 1047 3908 et
1061 3845 1263 3926 periculosum
1278 3845 1316 3908 ob
1332 3845 1430 3908 laho-

95 3931 171 3998 ciuia
215 3937 329 4019 Itaque
344 3936 393 4001 vel
408 3945 533 4019 propter
548 3937 628 3999 hunc
642 3937 807 4000 transitum
826 3953 880 4016 per
894 3935 1050 3998 Nasareth
1067 3933 1226 3997 Galilaeae
1242 3933 1291 3996 vel
1305 3942 1431 4015 propter
1476 3987 1478 3996 .

94 4019 128 4096 id,
141 4025 218 4104 quod
233 4035 310 4107 post
325 4027 453 4090 reditum
469 4045 508 4088 er
521 4027 666 4107 Aegypto
683 4028 798 4090 sactum
813 4023 878 4098 fuit,
893 4025 1021 4104 legimus
1035 4023 1138 4089 Lucae
1155 4025 1183 4084 2.
1199 4043 1278 4085 vers.
1294 4023 1353 4086 39:
1384 4021 1432 4084 Et
1531 4031 1533 4042 ’

93 4119 124 4172 ιιι
133 4116 334 4196 perseam
346 4115 565 4197 Hierosolymis
587 4115 693 4178 matria
707 4113 877 4184 secuudum
892 4111 990 4196 legem
1002 4112 1153 4186 Donata,
1171 4111 1288 4174 reversi
1306 4117 1377 4174 aroc
1396 4111 1431 4174 ia
1445 4117 1448 4124 '

95 4197 272 4268 Galilaeam
298 4205 334 4268 ia
360 4205 512 4268 maroam
534 4223 627 4270 erema
645 4203 817 4268 Nazareth.
861 4201 931 4264 Etsi
951 4221 1012 4265 non
1033 4202 1175 4265 institam
1193 4199 1325 4264 fabulam
1345 4217 1429 4262 ccm-

93 4299 188 4356 meuta
203 4301 254 4356 est
269 4293 451 4374 antiquitas,
472 4295 632 4357 transiisse
647 4300 792 4373 parentes
809 4291 925 4356 Christi
940 4291 1099 4372 augustias
1114 4289 1197 4364 illas,
1218 4297 1251 4350 et
1269 4307 1338 4350 cum
1350 4287 1428 4350 inci-
1509 4335 1513 4344 .

94 4375 200 4444 dissent
218 4383 251 4446 in
267 4383 406 4445 latrones
420 4383 559 4457 Arabes,
580 4401 672 4446 unum
692 4402 731 4444 ex
750 4380 875 4445 ducibus
895 4380 1044 4444 latronum
1060 4378 1254 4460 juvenculum
1273 4377 1428 4444 misertum

94 4469 170 4544 pueri
185 4478 218 4534 et
233 4489 405 4552 puerperae
421 4473 531 4535 ceteris
548 4479 703 4537 auctorem
718 4471 826 4544 trisse,
842 4489 880 4532 ne
897 4469 967 4550 quid
982 4469 1043 4532 illis
1059 4474 1216 4540 nocerent,
1238 4472 1329 4546 atque
1344 4463 1426 4566 illum
1497 4457 1500 4466 '
1550 4507 1552 4512 -

93 4564 157 4631 port
171 4579 269 4623 annos
285 4561 329 4624 35
351 4567 474 4641 captum
487 4581 548 4624 uua
563 4581 631 4624 cum
647 4559 771 4624 Christo
787 4560 881 4622 tuisse
898 4558 1070 4622 crucifixum
1086 4557 1172 4638 eique
1187 4572 1304 4616 nusum
1319 4571 1433 4632 poem-¹
1534 4635 1542 4642 η

93 4646 161 4708 tenti
176 4646 336 4712 Christum
351 4649 479 4711 dixisse:
505 4649 598 4713 hodie
611 4669 731 4712 amcam
745 4649 808 4712 eris
821 4649 857 4710 ia
867 4647 1033 4729 paradiso.
1055 4679 1099 4690 -—
1141 4641 1294 4722 Josephus
1317 4648 1426 4743 erecto

93 4750 162 4796 tino
176 4736 364 4820 iuAegypto
380 4757 448 4804 cum
462 4745 597 4802 mortuus
614 4745 699 4802 esset
712 4736 850 4800 Herodes
867 4737 952 4818 eique
967 4736 1050 4798 intra
1065 4740 1211 4798 semestre
1227 4737 1427 4792 successisset

91 4817 249 4890 iniudaea
264 4827 344 4892 lilius
359 4827 544 4895 mohelaus:
566 4829 702 4894 maaca
722 4829 761 4890 ab
777 4823 897 4909 negem
912 4825 1051 4890 martum
1065 4843 1146 4896 esee,
1162 4819 1216 4975 ppei
1230 4818 1428 4900 accederunt
