3400 5538
467 1020 1086 1268 Praefatio.

200 1628 374 1714 Keplerum
395 1630 468 1696 inde
487 1631 624 1714 aprimo
645 1635 796 1714 tempora
821 1649 886 1715 quo
907 1631 1121 1698 astronomiae
1143 1635 1176 1696 et
1190 1629 1435 1711 mathematicae

118 1739 149 1784 se
169 1719 347 1800 addixerat,
378 1719 568 1784 mechanicis
590 1729 717 1804 quoque
740 1720 863 1786 artibus
887 1741 1016 1802 operam
1038 1720 1170 1800 dedisse,
1195 1739 1267 1786 cum
1288 1739 1306 1786 e
1327 1721 1436 1786 multis

118 1808 195 1888 eliis,
218 1814 289 1874 tum
311 1829 329 1872 e
348 1808 456 1888 literis,
480 1829 559 1892 quas
581 1809 652 1874 Vol.
669 1809 693 1874 1.
713 1831 745 1893 p.
763 1815 804 1875 73
821 1830 862 1874 ss.
879 1808 1013 1887 exhibet,
1038 1815 1182 1892 apparet.
1219 1807 1436 1874 Planetarium

119 1896 201 1976 illud,
233 1895 324 1980 quod
354 1897 424 1962 duci
453 1898 624 1976 Friderico,
655 1905 690 1963 ut
717 1919 755 1962 ex
778 1905 911 1981 argento
934 1897 1149 1973 conficeretur,
1183 1897 1434 1977 commendabat

117 2006 177 2050 uon
198 1993 328 2050 tantum
339 1985 509 2054 delineavit
523 1993 730 2070 rotarumque
744 1986 855 2052 dentes
871 1988 1073 2070 computavit,
1090 1987 1146 2052 sed
1158 1987 1253 2052 otiam
1264 1992 1437 2070 protypnm

119 2095 155 2136 ex
170 2074 285 2140 charta
304 2074 489 2157 notulasque
503 2075 623 2157 ligneas
643 2095 701 2140 sua
719 2095 816 2140 manu
832 2074 976 2141 confecit.
1011 2074 1133 2140 Deinde
1148 2080 1309 2140 testantur
1323 2075 1436 2142 literae

117 2161 157 2225 ad
185 2162 268 2228 alios
298 2163 439 2228 fautores
463 2169 496 2228 st
517 2164 637 2228 amicos
666 2163 778 2244 datae,
809 2162 983 2247 Keplerum
1013 2163 1148 2248 posthac
1177 2185 1303 2247 quoque
1333 2169 1437 2230 artem

117 2251 333 2316 mechanicam
351 2273 414 2316 non
433 2251 529 2334 plane
552 2253 710 2340 abjecisse,
736 2272 808 2318 cum
823 2273 880 2335 per
898 2251 1023 2336 aliquot
1044 2273 1145 2318 annos
1161 2249 1202 2316 ab
1222 2273 1260 2317 eo
1281 2257 1435 2338 tempore,

117 2359 179 2421 quo
200 2341 329 2423 Pragae
351 2338 556 2420 versabatur,
585 2341 704 2425 passim
726 2342 833 2424 magni
862 2340 984 2406 faceret
1010 2347 1113 2406 artem
1142 2361 1225 2406 anno
1252 2345 1334 2407 1600
1358 2362 1379 2406 a
1401 2360 1437 2406 se

115 2428 273 2492 inventam
308 2428 625 2510 »aquaeductoriamn
653 2429 770 2514 (comp.
794 2429 864 2496 Vol.
887 2428 928 2494 Π.
951 2451 983 2512 p.
1009 2433 1051 2495 80
1073 2436 1107 2494 et
1127 2450 1179 2506 ea,
1205 2449 1289 2512 quae
1309 2429 1433 2496 addidi·

116 2536 185 2582 mus
207 2516 480 2598 Stereometriae),
509 2522 541 2582 et
562 2519 811 2584 instrumentum
834 2517 876 2583 ed
898 2515 1113 2584 observandas
1139 2517 1272 2601 eclipses
1298 2537 1434 2596 eqmmo·

115 2603 280 2669 dissimum
312 2603 353 2668 ab
384 2607 452 2688 ipso
481 2605 644 2671 inventum
673 2607 707 2671 in
738 2605 853 2691 Optica
890 2605 1084 2672 describeret
1116 2605 1170 2688 (Π.
1199 2611 1262 2672 340
1285 2606 1352 2690 ss).
1395 2607 1435 2672 In

115 2693 316 2758 conficiendis
339 2695 467 2776 quidem
489 2694 576 2760 tubis
600 2695 713 2778 opticis
735 2715 850 2777 parum
870 2694 1014 2779 profecit,
1036 2714 1070 2760 se
1088 2694 1165 2778 ipse,
1189 2715 1380 2778 comparans
1402 2715 1436 2761 se

113 2801 185 2846 cnm
216 2783 377 2862 Gaffleeo,
413 2782 568 2848 infelicem
597 2803 694 2848 manu
725 2783 844 2864 dicens,
862 2790 978 2851 ‚temen
1008 2783 1135 2866 saepius
1163 2804 1230 2850 rem
1258 2804 1434 2867 aggressus,

113 2872 286 2955 praecipue
318 2867 359 2936 ob
387 2873 514 2954 argenti
542 2873 681 2956 inopiam
711 2878 748 2937 ut
770 2891 914 2938 exercere
934 2877 1037 2938 artem
1058 2871 1158 2951 desiit,
1173 2871 1235 2940 .ita
1259 2872 1345 2956 leges
1367 2876 1436 2960 ejus

113 2964 144 3022 et
174 2961 336 3026 rationem
376 2966 578 3042 persecutus,
618 2960 753 3026 mathesi
793 2961 863 3026 sola
899 2960 1024 3026 innixus
1061 2959 1174 3026 tuhum
1210 2959 1437 3027 conficiendum

114 3047 232 3128 docuit,
258 3068 357 3131 quem
379 3048 511 3113 dicimus
534 3047 764 3134 Keplerianum.
810 3049 972 3115 Mittentes
993 3069 1040 3130 ea,
1072 3071 1153 3134 quae
1175 3049 1215 3116 de
1236 3048 1437 3116 conficiendis

112 3139 239 3220 mappis
279 3137 501 3220 geographicis
538 3145 571 3203 et
607 3141 729 3204 ratione
765 3137 1026 3204 dimetiendarum
1062 3139 1227 3222 regionum
1256 3140 1375 3223 passim
1404 3139 1438 3204 in

112 3223 212 3289 literis
224 3223 360 3308 Kepleri
371 3233 544 3292 occurrunt
556 3227 671 3311 (comp.
684 3227 754 3293 Vol.
766 3227 792 3293 l.
805 3249 835 3311 p.
850 3227 960 3304 19,1V.
972 3224 1069 3308 519.),
1082 3227 1275 3292 lucidentum
1281 3227 1438 3292 habemus

112 3314 335 3380 testimonium
369 3313 486 3396 ingenii
520 3317 580 3380 viri
612 3338 676 3381 non
710 3316 752 3380 ad
781 3315 1015 3399 philosophicas
1045 3320 1172 3380 tantum
1201 3314 1438 3383 lucubrationes

113 3403 417 3484 astronomicasque
443 3403 629 3486 hypotheses
656 3403 891 3469 constituendas
920 3403 1091 3486 aptissimi,
1123 3403 1298 3468 sedetiam
1323 3405 1367 3470 ad
1389 3425 1439 3486 ea,

113 3511 197 3574 quae
228 3492 368 3576 propius
398 3492 538 3559 attinent
557 3503 658 3556 'usum
678 3492 875 3576 ¹popularem
897 3496 928 3556 et
951 3489 1082 3572 civilem,
1106 3490 1225 3586 librum
1246 3497 1439 3576 sequentem,

110 3580 143 3644 in
164 3601 232 3663 quo
258 3580 420 3645 rationem
441 3579 535 3645 docet
558 3580 739 3646 dimetiendi
760 3578 848 3645 deba
869 3579 1003 3644 maaria.
1502 3647 1507 3652 ,

202 3671 277 3749 Qua
306 3667 432 3734 ratione
458 3667 603 3734 inciderit
632 3670 665 3732 in
693 3668 754 3734 hoc
780 3668 935 3746 studium,
963 3667 1060 3751 plane
1086 3663 1260 3734 abhorrens
1281 3690 1302 3735 a
1324 3669 1440 3736 studiis
1496 3695 1499 3702 ¹

113 3755 174 3822 huc
196 3779 309 3841 usque
332 3756 436 3835 cultis,
459 3757 526 3839 ipse
547 3757 644 3824 refert
659 3755 814 3842 Keplerus
835 3757 869 3822 in
887 3757 1084 3840 praefatione
1101 3777 1170 3836 sua,
1194 3753 1359 3840 quam-ob'
1371 3779 1441 3824 rem

112 3867 222 3930 pauca
245 3845 485 3931 praemittenda
507 3853 590 3911 sunt.
625 3843 695 3922 Quo
716 3852 857 3930 tempore
876 3844 1027 3928 inceperit
1046 3844 1351 3928 »stereometriam«,
1373 3847 1442 3932 ipse

112 3934 238 4000 indicat
272 3933 429 4017 Keplerus
465 3936 497 3999 in
531 3935 661 4002 exordio
694 3935 914 4018 praefationis:
958 3953 1049 3998 rcum
1085 3935 1240 4017 superiori
1268 3934 1441 4002 Novembri

112 4043 224 4090 mense
246 4043 368 4090 novam
389 4029 523 4106 nuptam
546 4023 672 4090 domum
694 4016 922 4090 deduxissem«
954 4019 1051 4102 Uxor,
1072 4041 1169 4108 quam
1183 4023 1273 4089 duxit
1286 4021 1441 4106 Keplerus

111 4135 197 4180 anno
226 4116 329 4190 1597,
351 4119 480 4177 mortua
495 4119 544 4178 est
560 4133 643 4180 anno
662 4115 742 4177 1611
761 4111 805 4191 (3.
820 4107 901 4194 lul.)
925 4117 957 4176 et
971 4109 1063 4177 viduo
1079 4108 1214 4195 Keplero
1237 4118 1302 4176 tres
1323 4111 1441 4176 liberos

110 4203 249 4286 reliquit
274 4200 419 4266 nondum
440 4201 571 4267 adultae
595 4201 720 4266 aetatis.
756 4197 799 4265 Ut
816 4201 867 4264 his
887 4206 1022 4266 matrem
1044 4198 1168 4283 sibique
1188 4222 1295 4266 rerum
1318 4199 1440 4266 domes·

110 4292 259 4356 ticarum
292 4288 438 4371 imperito
466 4290 663 4374 negotiisque
691 4288 918 4373 multiplicibus
948 4287 1064 4354 obruto
1091 4291 1207 4354 sociam
1231 4287 1377 4356 redderet
1399 4287 1442 4354 ad

110 4401 229 4444 curam
253 4376 437 4444 officiorum
459 4377 705 4444 domesticorum
735 4385 860 4462 aptam,
893 4377 1163 4460 circumspiciebat
1184 4375 1337 4459 Keplerus
1358 4377 1442 4442 inter

110 4470 267 4552 uirgines,
304 4485 386 4549 quas
416 4467 508 4532 amici
538 4467 655 4534 ducere
678 4468 708 4532 ai
724 4472 910 4542 ¹suaserant.
955 4465 1060 4549 Elegit
1088 4487 1127 4530 ex
1154 4466 1203 4530 his
1225 4485 1306 4546 eam,
1338 4487 1443 4550 »quae

109 4559 189 4624 vicit
204 4575 336 4633 amore,
356 4553 418 4619 fide
432 4554 631 4637 humilitatis,
652 4553 855 4638 frugalitatis,
870 4554 1059 4634 sedulitatis,
1079 4554 1195 4620 amoris
1209 4553 1442 4640 privignorum

109 4653 143 4712 et
174 4643 315 4731 placuit
343 4641 377 4708 in
405 4643 462 4709 illa
483 4643 604 4712 orbitas
626 4651 659 4712 et
679 4643 827 4710 desertio.
872 4643 1036 4710 Susannee
1064 4665 1183 4722 nomen,
1215 4647 1361 4726 parentes
1390 4641 1442 4709 Jo.

108 4737 317 4818 Reuttinger
346 4738 379 4798 et
399 4731 554 4813 Barbara,
584 4735 665 4802 cives
695 4733 805 4817 oppidi
826 4731 973 4815 Eferdiug
996 4729 1178 4816 (Ederding,
1201 4730 1326 4814 aliquot
1345 4731 1443 4798 milli·

1172 4837 1234 4889 85*
