3396 5540
665 263 773 326 Eclegae
794 264 939 315 Chronicae.
1397 273 1458 332 405

143 435 389 504 Nabepcllassaris.
420 455 469 494 nec
496 439 616 496 additum
637 439 721 496 luisse
745 445 791 496 rel
812 441 910 498 armum
932 446 974 498 sel
990 443 1060 498 diem
1074 447 1117 498 vel
1134 445 1216 500 otiam
1232 447 1327 502 lteram
1343 449 1460 514 amedia

143 521 222 570 nome
243 515 317 572 illins
329 514 480 586 'eolipseosz
506 519 588 577 facile
609 525 734 586 concedo,
761 525 946 578 Ptolemaeum
967 541 1088 588 errasse;
1110 542 1264 597 quanquam
1285 535 1376 582 tamen
1397 545 1459 582 earn

143 592 202 664 ejus
223 595 386 666 diligentiae
406 595 488 650 luisse
509 608 621 666 certum,
642 609 673 654 ut
693 601 716 654 si
735 603 848 656 vidisset
868 602 949 674 (quod
969 603 1019 672 ipsi
1034 603 1191 658 facillimum
1206 601 1321 670 luisset),
1342 609 1459 662 medium

143 673 223 742 huius
245 675 377 746 eclipseos
398 675 516 732 incidere
535 679 563 733 in
584 681 611 735 id
632 688 746 750 tempus,
768 685 876 754 quando
897 683 976 737 Luna
996 683 1047 736 luit
1061 683 1110 736 sub
1126 683 1277 747 horizonte,
1298 686 1381 742 aliam
1396 703 1458 756 pro·

142 756 186 807 enl
207 752 289 808 dubio
311 755 500 825 quaesivisset:
528 761 597 814 alias
618 761 754 814 subreniri
774 763 861 832 possit
879 763 1045 822 Ptolemaeo.
1071 762 1095 815 si
1116 765 1222 832 eclipsis
1243 783 1295 818 non
1316 767 1459 836 Babylone

142 835 190 886 sed
215 833 340 888 fortassis
367 836 393 890 in
418 837 500 906 Syria
525 839 753 896 rel¹Palaestina
784 842 830 908 (ea
855 841 926 897 enim
951 843 1174 911 Nabopollassari
1202 839 1327 914 subjecta
1353 843 1415 908 luit)
1443 861 1460 899 a

141 915 334 968 mathematico
354 915 522 986 Babylonico
541 920 688 986 observata
708 921 811 976 fuisset.
852 923 907 976 Sed
928 923 997 976 haec
1017 939 1070 977 non
1090 929 1173 986 muto,
1194 923 1246 978 nisi
1267 941 1302 978 aa
1315 940 1386 995 qnae
1402 925 1459 979 dixi

142 995 331 1048 &monstrata
350 995 460 1052 lherint.

231 1085 421 1170 Keplerns
449 1099 537 1166 (spus.
565 1101 642 1167 vul:
676 1093 715 1158 Ι).
745 1085 920 1167 illactenus)
950 1115 1002 1158 me
1032 1095 1241 1178 expugnavit3
1278 1096 1373 1161 credo
1403 1096 1459 1176 illi,

141 1174 305 1240 Christum
326 1195 457 1260 passum
480 1180 608 1246 Juliano
632 1185 683 1248 76.
722 1183 804 1247 Nam
827 1190 903 1247 tnnc
926 1181 1067 1248 crsloulns
1087 1183 1284 1250 ludaeorum
1306 1185 1374 1266 (qni
1396 1207 1459 1249 non

140 1263 202 1328 fuit
214 1265 467 1332 Alexandrinus:
483 1268 563 1334 alias
579 1289 642 1335 non
651 1265 863 1338 celebrassent
871 1272 1031 1338 interdum
1039 1293 1102 1336 uno
1114 1293 1197 1338 anno
1214 1271 1276 1336 dno
1292 1271 1460 1358 paschata)

141 1353 327 1436 anticipavit
361 1353 468 1435 biduo,
495 1363 576 1424 teste
597 1359 790 1444 Epiphanio,
825 1364 915 1445 cujus
951 1360 1056 1425 locum
1087 1381 1125 1424 ex
1146 1361 1271 1424 haeresi
1293 1363 1329 1426 L.
1353 1368 1387 1428 et
1408 1361 1459 1426 Ll.

140 1462 290 1603 pnplserepn
312 1441 443 1594 legerlp18
442 1446 576 1608 (praece.
622 1449 747 1547 Pragae
769 1449 845 1514 mihi
867 1450 989 1514 nullum
1017 1449 1197 1534 exemplum
1220 1456 1269 1514 est
1292 1453 1458 1516 Graecani.

204 1549 231 1594 θ.
268 1561 289 1592 ι.
309 1557 328 1592 s.
347 1559 372 1607 p.
444 1583 450 1594 .
914 1553 919 1560 ·

221 1652 397 1707 Calvisius
428 1655 517 1726 (Epist
537 1659 620 1727 VII.):
661 1657 763 1712 Scribis
777 1659 811 1712 D.
833 1664 861 1711 te
882 1673 1058 1728 expugnasse
1079 1663 1108 1712 et
1128 1664 1156 1712 te
1178 1657 1298 1722 credere,
1319 1657 1458 1714 Christum

138 1747 252 1801 passum
277 1744 348 1786 aune
374 1733 484 1788 Juliano
513 1737 557 1792 76.
577 1805 578 1810 Ἰ
598 1735 660 1806 Ego
688 1753 749 1791 eum
776 1754 828 1790 non
854 1738 915 1791 novi
941 1756 991 1792 nec
1012 1737 1076 1808 legi.
1118 1738 1172 1791 Sed
1193 1745 1284 1791 tamen
1305 1738 1374 1802 vide,
1395 1739 1459 1808 qnid

141 1827 221 1882 agas.
265 1813 375 1868 Certum
396 1813 466 1868 enim
488 1818 538 1880 est,
563 1815 664 1870 Tiberii
685 1833 785 1871 annum
808 1817 851 1872 15.
873 1817 991 1870 incidere
1012 1817 1039 1870 in
1060 1833 1160 1870 annom
1180 1817 1234 1871 Jul.
1258 1817 1302 1872 73.
1343 1817 1459 1871 Etiamsi

135 1891 196 1960 jam
217 1907 319 1946 minum
341 1893 415 1947 illum
435 1907 560 1948 numeres
582 1895 755 1960 eleuterio,
775 1901 807 1950 ut
821 1898 900 1960 soles,
921 1913 974 1952 non
989 1895 1210 1958 tamen'evinces,
1226 1895 1341 1964 primum
1355 1897 1460 1966 pascha

141 1989 174 2024 eo
200 1987 272 2025 anno
298 1979 360 2042 post
385 1973 549 2042 baptismum
575 1975 713 2030 accidisse.
759 1978 878 2034 Jeannes
904 1978 974 2030 enim
1000 1975 1118 2030 instituit
1138 1975 1300 2046 baptismum
1321 1993 1392 2030 anno
1416 1979 1459 2030 15.

141 2051 252 2106 Tiberii.
293 2053 365 2110 Num
388 2061 421 2108 tu
445 2055 529 2108 facies
549 2055 702 2110 Johannem
729 2055 880 2110 iristitnere'·
894 2055 976 2109 ritum
1002 2073 1109 2112 sacrum
1130 2056 1274 2109 lavationis
1295 2055 1414 2126 frigidae
1434 2056 1460 2108 in

141 2133 249 2186 hiemet
274 2149 363 2186 nonne
388 2133 534 2194 ludibrium
558 2135 697 2190 debuisset-
717 2136 856 2190 omnihus?
896 2138 1006 2192 Pascha
1026 2145 1119 2190 numm
1138 2135 1270 2190 iohannis
1291 2135 1405 2204 prhaurn
1425 2137 1460 2188 ad

141 2212 280 2266 minimum
300 2215 375 2266 ultra
394 2216 461 2268 dues
480 2216 526 2270 vel
546 2223 603 2268 tres
623 2209 728 2270 rnen'ses
749 2216 912 2286 baptismum
933 2216 1033 2270 Christi
1055 2223 1177 2270 secutum
1197 2222 1248 2268 est.
1277 2216 1396 2269 Necesse
1417 2225 1460 2268 est

141 2309 220 2364 ergo,
241 2299 274 2344 nt
294 2299 358 2346 ante
378 2293 495 2348 hiemem
514 2295 561 2348 ille
580 2295 649 2348 ritus
664 2295 809 2350 institutus
819 2296 861 2350 sit.
887 2296 916 2350 si
932 2296 1023 2360 infers,
1038 2302 1132 2366 patres
1147 2295 1275 2348 statuisse
1291 2295 1317 2349 6.
1326 2295 1460 2358 ianuarii,

141 2390 196 2427 non
217 2373 287 2426 adeo
308 2374 484 2443 repugnaho;
504 2374 571 2428 ritus
586 2375 617 2436 is.
639 2375 778 2433 institutus
793 2382 914 2446 tenpore
930 2375 1107 2438 convenient-i,
1128 2382 1240 2444 proptor
1253 2377 1460 2431 multascausas

141 2455 244 2508 durare
274 2453 364 2522 potnit
392 2469 478 2526 nsque
508 2455 543 2507 ad
572 2455 659 2508 minus
689 2455 859 2510 conveniens.
906 2455 977 2508 Sunt
1006 2463 1098 2507 autem
1127 2455 1154 2506 in
1183 2453 1330 2506 ministerio
1360 2453 1460 2508 Christi

141 2547 279 2602 expressa
298 2538 416 2608 quatuor
436 2535 570 2603 paschata
590 2537 634 2588 vel
656 2535 738 2588 etiam
759 2535 884 2605 quinque,
905 2535 928 2588 si
949 2542 1103 2588 assmnatur
1123 2533 1189 2586 illud
1210 2529 1271 2587 Joh.
1294 2535 1320 2587 5.
1355 2533 1458 2588 Admit-

141 2621 232 2666 tamus
259 2617 366 2666 tantum
387 2621 513 2683 quatuor,
540 2619 679 2667 ettamen
700 2631 772 2668 mors
793 2613 894 2667 Christi
916 2614 941 2668 in
963 2631 1062 2668 annum
1086 2615 1129 2668 76.
1152 2613 1266 2666 conl'erri
1288 2629 1340 2666 non
1360 2619 1460 2681 potest,

142 2709 204 2745 oum
229 2707 317 2746 minus
343 2693 389 2746 83.
415 2709 468 2748 non
488 2694 605 2763 recipiat
623 2695 738 2763 primum
758 2695 869 2764 paseha.
910 2695 952 2749 Ad
973 2694 1043 2747 haec
1064 2693 1229 2747 novilunium
1248 2694 1381 2761 paschate
1402 2691 1460 2760 ejus

142 2771 207 2826 anni
228 2772 322 2826 incidit
342 2773 370 2826 in
389 2773 485 2826 feriam
506 2775 659 2836 secundam,
686 2777 819 2845 quomodo
838 2774 938 2828 mensis
959 2774 1002 2826 hic
1024 2774 1142 2842 incipero
1162 2781 1291 2842 potesta
1310 2773 1381 2826 feria
1400 2787 1461 2840 sep-

141 2853 227 2906 tima?
267 2853 375 2908 Menses
399 2854 566 2908 ludaeorum
592 2854 615 2908 si
636 2855 800 2908 aberrarunt
822 2870 839 2908 a
858 2854 1004 2916 nov-dunin,
1025 2854 1112 2906 secuti
1132 2859 1196 2906 suist
1214 2853 1387 2912 novilunium,
1408 2869 1460 2904 nain
1563 2877 1568 2886 ·

143 2933 343 3000 anticiparunt;
374 2933 533 3002 inceperunt
559 2934 630 2988 enim
654 2949 718 2988 suas
744 2933 909 2991 neomenias.
927 2951 945 2988 a
964 2933 1044 2988 Luna
1063 2934 1136 2988 visa:
1167 2950 1235 3001 erge
1255 2949 1305 2984 nec
1325 2931 1460 2984 sabbatho

143 3015 326 3068 antecedente
350 3027 469 3068 mensem
493 3015 565 3072 huuc
589 3015 747 3084 paschalem
774 3014 892 3084 incipere
918 3014 1070 3082 potuerint,
1095 3029 1145 3068 nec
1165 3013 1300 3066 sabbatho
1321 3019 1460 3082 sequente.
1511 3028 1515 3044 ·

142 3101 257 3162 prepter
278 3092 434 3146 distantiam
454 3094 576 3158 nimiam
596 3095 671 3150 nullo
690 3097 769 3148 mode
790 3111 859 3164 ergo
880 3094 907 3148 in
922 3094 994 3162 hunc
1010 3109 1109 3146 annnm
1125 3093 1215 3160 passio
1231 3091 1331 3146 Christi
1346 3090 1461 3153 conferri

143 3191 224 3242 pesse
250 3171 366 3226 ridetur.
408 3171 483 3235 Quod
505 3180 595 3244 putas,
615 3183 728 3244 propter
748 3191 852 3228 risorem
870 3171 966 3230 calculi
988 3173 1095 3226 Judaici
1116 3173 1166 3226 hoc
1188 3171 1311 3224 accidere
1331 3171 1461 3240 potuisse,

143 3271 205 3308 cnm
226 3252 254 3306 in
275 3269 328 3306 une
349 3267 419 3306 anno
440 3251 481 3307 bis
501 3255 605 3323 pascha
625 3269 709 3322 saepe
730 3253 937 3316 celebraverint,
958 3253 1021 3306 nnihi
1042 3271 1095 3306 non
1110 3253 1225 3304 vide-tur.
1255 3251 1393 3304 Paschata
1408 3252 1460 3303 duo

142 3335 239 3404 procul
260 3331 342 3386 dubio
363 3332 503 3402 intelligis,
525 3333 548 3410 si
568 3351 660 3387 mense
680 3331 765 3402 primo
787 3339 816 3386 et
835 3343 933 3402 postea
952 3350 1043 3386 iriense
1063 3331 1220 3384 duodecimo
1241 3329 1339 3383 iterum
1358 3329 1462 3398 pascha

143 3415 315 3466 celebrator:
347 3411 372 3464 id
402 3429 464 3474 non.
493 3418 526 3466 nt
552 3413 679 3476 arbitror,
710 3413 867 3482 appellatur
893 3412 997 3482 pascha
1024 3411 1064 3464 bis
1092 3413 1118 3464 in
1145 3427 1215 3464 aluno
1242 3411 1383 3481 celebrare
1410 3415 1460 3462 etc.

142 3492 245 3546 Judaei
281 3507 345 3544 vero
372 3491 414 3545 bis
441 3493 546 3568 paseha
573 3493 600 3546 in
625 3496 678 3546 uno
705 3507 775 3556 ιιιιιιο
802 3494 990 3554 celebrarunt,
1017 3491 1039 3544 si
1067 3491 1171 3560 pascha
1196 3491 1351 3558 Tecnpham
1377 3489 1461 3543 Nisan

144 3574 340 3642 praecederet:
361 3575 425 3625 tnnc
447 3573 516 3625 enim
537 3573 689 3642 putabatur
709 3572 843 3626 celebrari
864 3569 1021 3624 duodecime
1041 3585 1146 3632 mense3
1168 3571 1215 3622 sed
1237 3569 1280 3622 hic
1301 3585 1376 3622 error
1396 3568 1461 3622 nihil

142 3654 211 3706 facit
234 3653 269 3706 ad
289 3667 395 3704 menses
416 3652 627 3715 constituendos,
648 3653 706 3706 sive
726 3659 758 3705 nt
777 3660 926 3722 propterea
947 3649 1130 3718 anticiparent
1149 3659 1254 3702 menses
1276 3649 1319 3702 die
1339 3665 1392 3704 uno
1414 3655 1463 3701 ant

143 3735 243 3786 altera.
284 3733 371 3784 Plane
392 3731 477 3801 igitur
498 3730 659 3794 nonvideo,
679 3735 813 3804 quomodo
830 3730 1052 3798 anticipationem
1068 3729 1141 3782 illam
1157 3730 1274 3798 probare
1285 3730 1366 3792 velim
1387 3728 1463 3781 sarie

143 3813 338 3866 intercalatmn
363 3812 456 3874 luisse,
483 3811 565 3865 facile
589 3814 722 3875 comedo,
749 3813 795 3866 sed
821 3829 927 3866 menses
954 3817 1046 3864 tamen
1066 3811 1189 3862 Lunares
1208 3817 1284 3862 recto
1303 3811 1463 3862 observatos

142 3894 229 3946 fuisse
260 3893 358 3967 credo,
386 3898 444 3944 tum
472 3893 543 3962 qnod
574 3890 656 3959 hujus
683 3893 724 3946 rei
751 3892 898 3946 ducendae
924 3897 954 3944 et
978 3891 1165 3942 observandae
1192 3890 1334 3958 plurimmn
1361 3903 1462 3956 operae

142 3972 340 4042 impenderint,
366 3979 424 4024 turn
450 3973 521 4042 qued
548 3971 657 4027 Judaea
681 3973 807 4040 pluviosa
831 3957 900 4042 rideo
927 3988 979 4024 non
1006 3979 1063 4032 est,
1088 3977 1119 4022 ut
1144 3971 1225 4024 Luna
1250 3968 1389 4024 observari
1410 3983 1463 4022 non

141 4053 237 4124 possit.
279 4051 463 4122 Epiphaniam
482 4069 536 4104 non
556 4049 622 4122 legi,
642 4069 730 4122 neque
751 4051 815 4112 scio,
837 4067 873 4104 an
892 4051 937 4104 hic
958 4049 1101 4104 habeatur.

233 4143 425 4227 Keplerus
448 4150 537 4220 (Epist
556 4155 655 4219 vall:
679 4145 749 4222 Quo
764 4145 868 4208 urinas
883 4142 958 4209 mihi
980 4147 1121 4206 metuam
1136 4140 1175 4208 de
1189 4163 1273 4206 anno
1295 4137 1462 4222 passionis,

142 4255 245 4302 causa
265 4239 326 4312 eet,
349 4233 427 4314 quia
447 4235 481 4298 in
493 4233 639 4300 «Iohanne
660 4231 784 4314 digesta
800 4239 878 4298 susat
898 4234 1025 4296 tantum
1047 4231 1111 4294 tria
1125 4231 1280 4313 paschata
1302 4245 1463 4310 expresse.

142 4329 263 4391 Cetera
286 4322 437 4387 dicuntur
459 4323 541 4387 festa
555 4322 762 4400 ludaeorum,
784 4319 895 4402 itaque
911 4325 987 4386 tnnc
1006 4319 1161 4384 tenendus
1176 4323 1256 4383 esset
1270 4314 1465 4398 Epiphanius

142 4413 182 4478 de
205 4411 266 4489 2¹12
296 4411 388 4476 annis
411 4411 664 4493 praedicationis.
694 4410 897 4493 Baptismnm
916 4431 990 4474 vero
1010 4410 1072 4474 sive
1089 4416 1118 4474 ι’).
1135 4406 1319 4472 Novembris
1341 4400 1465 4466 tribuas

142 4503 207 4567 sive
236 4507 268 4563 ti.
291 4499 454 4576 Jannmii,
478 4521 593 4584 parum
615 4501 761 4576 interest,
791 4497 878 4562 illinc
908 4499 990 4562 ratio
1020 4503 1103 4574 stat,
1134 4497 1207 4560 hinc
1233 4493 1409 4557 auctoritas
1432 4495 1466 4553 et

141 4590 285 4655 traditio,
325 4588 350 4652 T
352 4609 411 4654 nae
433 4609 506 4653 vero
529 4587 695 4673 objectioni
713 4587 797 4652 idem
819 4587 1005 4668 respondeo,
1028 4585 1115 4668 quod
1132 4605 1181 4648 me
1195 4581 1328 4646 mamam
1350 4585 1464 4676 movet.

141 4677 344 4764 Epiphanius
361 4697 493 4742 causam
512 4677 612 4742 tradit
627 4697 666 4748 ex
681 4675 769 4760 cyclo
784 4674 982 4740 decimarum
1005 4675 1087 4738 illins
1110 4669 1271 4754 temporis,
1294 4689 1353 4730 οιιι·
1368 4663 1464 4764 baino

138 4767 387 4852 anticipaverunt
419 4765 541 4832 Lasiam
571 4773 603 4830 et
633 4773 801 4848 praetcrea
836 4765 933 4832 eliam
968 4761 1189 4848 praevenerint
1222 4755 1463 4836 aequinoctium.
