3406 5542
299 861 389 926 Anno
406 879 496 922 aerae
513 857 755 926 Christianorum
770 861 1002 926 occidentalium
1023 861 1180 925 millesimo
1197 827 1417 924 sexcentesimo
1438 865 1555 942 quarto,

213 951 261 1014 die
280 951 328 1013 10.
339 949 482 1013 Octobris
506 949 577 1012 stilo
594 950 783 1032 Gregoriano
806 969 916 1014 novum
938 951 1020 1014 sidus
1037 951 1150 1014 effulsit
1171 951 1298 1014 eximiae
1319 949 1510 1013 claritudinis
1525 956 1557 1011 et

210 1037 456 1123 pulchritudinis:
490 1038 569 1120 quod
592 1060 652 1103 non
675 1046 740 1102 tam
765 1040 868 1103 oculos
892 1041 1044 1104 hominnm
1075 1041 1191 1104 corusci
1214 1039 1335 1104 luminis
1360 1039 1556 1113 amoenitate,

211 1148 300 1212 qnam
314 1133 433 1192 mentes
456 1126 613 1192 doctorum
634 1129 764 1193 virorum
787 1129 932 1212 temporis
954 1129 1184 1193 circumstantia
1205 1129 1236 1192 in
1252 1147 1285 1192 se
1302 1128 1464 1192 convertit
1501 1127 1556 1190 Illo

211 1237 338 1300 namque
354 1218 642 1299 temporeplanetae
659 1219 830 1300 superiores
839 1220 994 1301 congressi
1010 1227 1082 1282 sunt
1095 1219 1262 1300 primumin
1273 1217 1455 1299 Sagittario,
1471 1217 1556 1298 signo

125 1369 133 1386 ,
211 1307 323 1390 trigoni
338 1307 434 1388 ignei,
456 1308 536 1389 quod
550 1307 667 1371 initium
684 1315 751 1371 erat
766 1328 863 1372 novae
879 1309 994 1390 periodi
1010 1327 1156 1372 annorum
1178 1308 1436 1389 octingentorum
1462 1307 1556 1368 adeo-

211 1416 267 1479 que
289 1396 341 1459 illo
364 1396 431 1478 ipso
454 1396 502 1458 die
524 1393 669 1460 Octobris
692 1398 807 1461 decimo
829 1398 954 1479 planeta
969 1397 1069 1474 Mars,
1092 1398 1225 1462 velocior
1247 1393 1471 1478 superioribus,
1492 1411 1557 1458 cum

210 1486 372 1568 posteriori
388 1485 589 1567 superiorum,
609 1485 700 1568 paulo
723 1495 796 1550 ante
819 1487 1061 1568 conjunctomm,
1084 1487 1202 1550 scilicet
1217 1505 1284 1549 oum
1298 1485 1376 1549 Jove
1393 1491 1464 1547 erat
1484 1501 1557 1546 con-

211 1594 350 1657 gressus3
367 1575 494 1658 denique
505 1575 604 1652 stella,
619 1595 708 1658 quarn
718 1576 794 1652 dico,
809 1576 861 1639 illo
876 1577 943 1657 ipso
958 1571 990 1638 iir
1005 1576 1081 1652 loco,
1095 1577 1148 1641 ubi
1163 1576 1289 1640 stabant
1305 1572 1557 1655 conjunctiJupi-

211 1673 259 1729 ter
275 1672 307 1728 et
321 1665 416 1741 Mars,
433 1665 550 1728 scilicet
565 1665 596 1727 in
614 1661 673 1728 18⁰
689 1663 852 1747 Sagittarii
867 1666 994 1748 primum
1010 1667 1076 1728 visa
1092 1673 1150 1740 est,
1165 1673 1253 1728 tauto
1265 1666 1328 1727 lere
1343 1663 1559 1738 altiorhlarte,

218 1761 363 1836 quantum
377 1755 463 1817 Mars
479 1776 498 1817 a
512 1755 599 1830 Jove,
615 1755 695 1836 qnod
711 1763 779 1818 erat
793 1755 997 1837 perexiguum,
1013 1755 1158 1818 distabat
1180 1793 1205 1833 ,ι

161 1918 163 1926 1
300 1841 443 1925 Quisquis
460 1863 509 1918 es,
531 1843 581 1926 qui
596 1851 770 1925 portentum
786 1845 967 1925 stupendum
984 1845 1077 1908 oculis
1093 1844 1154 1906 tuis
1170 1863 1230 1906 non
1253 1841 1439 1924 adspexisti,
1463 1840 1560 1903 facem

210 1933 375 2015 imaginare
391 1933 448 1996 tibi
462 1933 730 2014 flagrantissimam
744 1934 864 1996 luminis
879 1933 1052 2015 purissimi,
1068 1933 1169 1996 ventis
1191 1931 1386 1995 validissimis
1407 1931 1560 2012 agitatam

210 2031 243 2086 et
258 2030 449 2105 quassatam:
472 2023 545 2086 talis
562 2030 630 2085 erat
644 2021 774 2086 vibratio
789 2023 918 2098 luminis,
934 2023 1006 2086 talis
1021 2023 1208 2086 flammamm
1224 2021 1369 2096 ebullitio,
1384 2019 1461 2082 talis
1478 2019 1559 2082 scin·

210 2111 345 2176 tillatio
337 2113 490 2194 ignivoma
504 2112 705 2193 rapidissima.

299 2201 375 2266 Cum
390 2202 483 2306 igitur
497 2203 572 2283 Imp.
589 2200 678 2266 Caes.
694 2200 848 2283 Rudolphi
863 2201 915 2277 IL,
938 2199 987 2283 qui
1003 2209 1075 2264 tunc
1091 2220 1191 2268 rerum
1205 2157 1389 2290 potiebatur,
1404 2195 1561 2279 stipendia

209 2309 356 2359 mererem
377 2291 496 2355 nomine
516 2291 725 2354 mathematici
748 2291 850 2354 aulici:
882 2309 948 2353 cum
969 2289 1101 2354 muneris
1123 2292 1181 2355 mei
1198 2285 1476 2372 contemplatione,
1498 2294 1561 2349 tnm

209 2401 281 2444 vero
303 2382 433 2444 maxime
448 2381 664 2444 Monarchae
656 2380 790 2462 imperiis
812 2380 956 2456 adactus,
978 2379 1106 2462 primum
1121 2381 1176 2444 sub
1200 2381 1288 2443 linem
1304 2399 1376 2442 anm
1367 2374 1561 2457 supradicti

210 2472 310 2553 quarti
329 2470 464 2533 libellum
483 2471 628 2533 idiomate
644 2469 820 2544 Teutonico,
835 2477 945 2551 postea
959 2469 1082 2551 plenum
1097 2477 1265 2533 tractatum
1279 2465 1419 2532 nundinis
1437 2471 1561 2528 autum-

209 2559 330 2624 nalibus
343 2559 666 2623 Francofordiensibus
682 2559 753 2624 anni
769 2559 849 2622 sexti
864 2559 896 2621 iu
910 2559 1008 2622 lucem
1023 2559 1106 2622 dedi:
1136 2579 1194 2642 qno
1210 2557 1452 2640 magnitudinem
1467 2553 1561 2618 mira-

210 2649 269 2714 culi
291 2649 435 2712 divinitus
458 2649 585 2712 exhibiti
606 2667 661 2730 per
683 2647 928 2712 circumstantias
949 2649 1105 2712 redeuntis
1127 2649 1240 2730 trigoni
1261 2647 1342 2728 ignei
1362 2665 1418 2728 pro
1439 2643 1561 2708 modulo

209 2738 323 2821 ingenii
339 2739 435 2802 aDeo
450 2739 523 2803 mihi
540 2738 677 2803 concessi
691 2739 843 2802 illustravi
854 2737 1126 2820 commendarique.
1152 2737 1430 2804 Cumauteminter
1442 2742 1562 2798 ceteros

210 2829 303 2892 etiam
317 2828 479 2892 Helisaeus
494 2827 638 2891 Riislinus
653 2828 820 2892 medicinae
837 2827 944 2890 doctor
960 2835 992 2890 et
1006 2828 1149 2908 physicus
1163 2825 1434 2910 Haganonensium
1451 2825 1491 2888 de
1506 2823 1562 2886 hac

209 2918 339 2981 materia
353 2917 488 2980 nonnihil
505 2917 688 2998 scripsisset,
703 2917 792 2999 idque
809 2916 954 2998 scriptum
970 2919 1034 2979 fato
1050 2918 1180 2998 quodam
1194 2916 1297 2980 libello
1313 2935 1380 2979 meo
1392 2911 1562 3002 Teutonico

211 3007 401 3088 subjunctum
424 3006 677 3070 circumferretur:
704 3007 773 3068 hinc
796 3025 902 3069 ansam
927 3027 983 3089 ego
1006 3006 1118 3088 arripui
1142 3007 1174 3070 in
1193 3006 1296 3069 libello
1313 3024 1380 3069 meo
1394 3003 1513 3078 latino,
1533 3003 1563 3066 in

210 3097 345 3160 rationes
373 3095 492 3160 Rdslini
516 3097 659 3160 libertate
687 3095 899 3179 philosophica
927 3095 1096 3180 inquirendi
1125 3115 1237 3178 easque
1268 3092 1447 3158 ventilandi.
1493 3092 1563 3156 Non

211 3183 329 3248 censuit
350 3183 495 3248 Rbslinus
516 3185 575 3250 hoc
600 3185 749 3250 intactum
770 3185 1087 3267 praetermittendum:
1118 3206 1155 3249 ac
1178 3185 1283 3249 oblata
1304 3182 1468 3248 occasione
1485 3201 1562 3246 auno

214 3273 307 3339 1609.
323 3293 391 3338 cnm
406 3275 443 3338 de
455 3273 584 3338 Cometa
599 3296 670 3339 anni
662 3271 781 3339 1607.
798 3273 954 3351 scriberet,
968 3274 1161 3357 potissimam
1174 3275 1244 3339 libri
1259 3280 1379 3357 partem
1394 3271 1562 3336 refellendo

211 3383 278 3427 meo
294 3371 431 3428 tractatu
447 3363 484 3427 de
501 3363 592 3427 stella
607 3385 687 3428 nova
702 3365 877 3429 consumsit.

297 3453 445 3518 Feceram
467 3461 570 3517 autem
584 3455 628 3518 illi
643 3473 709 3518 meo
724 3454 827 3518 libello
851 3459 884 3516 et
898 3453 1095 3536 appendicem
1111 3453 1148 3516 de
1165 3449 1282 3518 Christi
1298 3450 1469 3516 servatoris
1485 3469 1562 3515 anno

210 3543 363 3620 natalitio,
377 3551 478 3606 motus
492 3543 552 3609 hac
568 3563 616 3619 re,
639 3543 718 3648 quod
734 3543 916 3620 viderem,
892 3565 917 3606 ιι
933 3550 1106 3620 constaret,
1127 3543 1233 3607 Jesum
1249 3541 1405 3608 Christum
1419 3539 1564 3606 natum4

213 3639 267 3696 aut
288 3631 308 3696 5
332 3633 419 3696 annis
442 3639 497 3696 aut
498 3653 514 3696 e
530 3632 708 3716 principium
729 3651 819 3698 aerae
841 3641 982 3708 nostrae,
1004 3651 1093 3716 quam
1115 3634 1153 3696 ab
1176 3631 1385 3696 incarnatione
1402 3649 1562 3694 censemus

210 3741 385 3806 perperam,
408 3721 516 3786 stellae
539 3742 652 3798 novae,
674 3722 711 3784 de
735 3742 794 3805 qua
816 3722 1057 3798 commentabar,
1077 3741 1144 3785 cnm
1166 3721 1219 3786 illa
1235 3721 1339 3799 stella,
1361 3739 1437 3804 quae
1460 3719 1562 3802 Magis

211 3811 363 3894 apparuit,
378 3831 532 3876 commune
547 3812 606 3876 hoc
621 3813 762 3890 futurum,
777 3813 857 3894 quod
871 3818 1000 3917 utraque
1016 3831 1083 3874 cnm
1093 3811 1303 3894 conjunctione
1313 3829 1425 3892 magna
1441 3809 1560 3892 superi·

211 3921 295 3965 orum
309 3901 509 3983 planetarum,
531 3901 588 3964 tali
604 3897 732 3984 quidem,
754 3922 830 3985 quac
845 3901 1022 3984 principium
1038 3903 1155 3966 iaceret
1170 3921 1266 3966 novae
1282 3900 1400 3983 periodi
1416 3917 1567 3983 anuormn

213 3990 455 4072 octingeutqrum
471 4013 490 4055 a
505 3991 650 4072 trigono
641 4009 740 4072 igneo,
756 3992 947 4056 coincideret

299 4080 404 4143 Motus
425 4081 518 4162 igitur
540 4080 678 4162 exemplo
695 4079 871 4156 Censorini,
893 4101 943 4164 qm
935 4080 1029 4143 'olim
1052 4069 1259 4163 gratulaturus
1284 4102 1337 4146 suo
1355 4075 1393 4150 Q
1411 4075 1562 4142 Caerellia

214 4171 252 4234 de
269 4170 316 4233 die
333 4169 429 4234 natali
443 4170 603 4232 materiam
619 4171 790 4234 censuisset
804 4171 959 4248 idoneam,
982 4191 1041 4252 qua
1057 4189 1161 4236 omnes
1178 4169 1308 4235 omnium
1322 4169 1460 4272 gentium
1475 4187 1562 4231 aeras

212 4279 272 4324 uno
295 4259 382 4341 quasi
404 4259 548 4322 fasciculo
571 4260 733 4340 colligatas
757 4261 794 4324 ob
811 4261 914 4324 oculos
937 4260 1095 4324 exhiberet
1117 4281 1211 4345 eoque
1233 4261 1338 4324 labore
1359 4257 1578 4340 cognitionem>

110 4385 117 4402 ·
213 4359 382 4431 temporum
405 4347 581 4430 adjuvaret,
603 4369 664 4411 non
687 4350 817 4413 alienum
840 4371 859 4412 a
880 4369 946 4413 meo
969 4351 1127 4431 proposito
1150 4351 1214 4414 fore
1224 4350 1376 4431 judicavi,
1399 4347 1426 4410 si
1450 4347 1562 4428 etipse

214 4438 348 4502 natalem
364 4439 435 4500 novi
450 4437 567 4513 sideris,
584 4446 616 4500 et
626 4457 702 4520 qnae
713 4458 779 4500 cum
794 4439 846 4502 illo
863 4439 1035 4503 coincidens
1051 4446 1123 4504 tnnc
1139 4439 1358 4515 revertebatur,
1375 4436 1562 4518 triplicitatis

213 4530 321 4610 igneae
346 4520 421 4609 (qna
444 4527 599 4608 geminata
620 4527 798 4592 celebritate
818 4528 904 4592 Deus
928 4527 1000 4622 Opq
1016 4530 1099 4592 Mam
1124 4529 1273 4611 quendam
1295 4530 1381 4611 quasi
1398 4526 1560 4614 clavumin

216 4635 355 4698 supremo
371 4615 455 4679 coelo
471 4617 589 4692 meret,
604 4617 701 4680 lustro
716 4636 826 4699 magno
843 4619 1087 4700 octingentorum
1102 4639 1249 4682 annorum
1264 4620 1395 4695 condito,
1417 4617 1560 4698 ludosque

216 4705 311 4768 veluti
327 4706 480 4770 seculares
496 4712 529 4768 et
544 4707 720 4788 spectacula
740 4706 772 4769 in
788 4707 867 4770 circo
884 4709 1010 4772 coelesti
1033 4722 1087 4772 seu
1100 4709 1332 4790 planetadromo
1352 4727 1463 4789 magno
1478 4705 1560 4788 genti

216 4795 365 4858 humanae
385 4814 441 4877 per
465 4795 567 4858 orbem
583 4803 732 4861 terrarum
756 4796 929 4878 dispersae,
952 4798 1123 4880 cumprimis
1145 4817 1217 4862 vero
1239 4799 1292 4876 iis,
1314 4799 1422 4884 quibus
1439 4795 1491 4878 jus
1513 4803 1561 4862 est
