3428 5542
871 333 1006 400 B⁰¹s⁰¹³¹i⁰

356 478 437 551 Quid
452 486 486 543 tu
502 479 541 542 ad
555 475 652 541 haec?
675 473 813 551 Fateris,
833 477 1021 541 indefinitam
1036 495 1104 540 esse
1120 497 1225 540 vocem
1246 472 1314 542 dces
1333 483 1367 540 et
1387 475 1536 560 quandam
1548 473 1600 538 ad-

256 570 386 638 mittere
408 568 615 643 latitudinem,
637 573 672 629 at
694 586 790 629 annos
812 566 843 629 in
865 568 981 630 incerto
1003 567 1075 648 poni
1097 587 1157 630 non
1171 565 1322 632 concedis.
1355 565 1505 646 Exempla
1518 565 1601 628 affers

185 687 187 694 ’
263 659 340 735 ista,
362 678 429 722 cnm
451 657 576 720 dicimus
597 655 645 718 die
661 654 712 720 29.
728 656 804 737 Maji
826 656 947 720 circiter
968 675 1142 738 vesperam:
1165 657 1215 722 hic
1237 677 1298 720 uon
1319 657 1399 720 diem
1421 654 1473 720 29.
1489 653 1601 734 Majiin

263 749 353 828 duhip
368 748 439 832 poni
453 767 527 810 voce
543 745 673 822 circiter,
688 745 743 808 sed
757 747 865 809 horam
879 747 998 810 saltem.
1027 746 1175 830 Equidem
1189 767 1239 810 res
1254 747 1351 810 habet
1369 753 1405 809 ut
1419 744 1511 819 dicis,
1531 743 1562 805 id
1574 742 1601 807 iu

133 841 138 853 '
264 839 353 902 dubio
379 837 513 920 penitus,
542 835 623 918 quod
651 853 717 899 cum
744 855 818 898 voce
848 835 969 899 circiter
997 837 1191 900 construitur.
1243 837 1353 918 Itaque
1376 835 1425 908 hic
1449 853 1511 897 non
1535 832 1601 907 dies,

263 928 318 992 sed
332 929 408 990 hora
421 934 473 988 est
486 927 620 1001 incerta,
642 925 713 1009 quia
728 945 786 988 uon
803 926 844 988 ad
860 926 952 1001 diem
974 926 1029 990 sed
1045 927 1084 989 ad
1099 926 1207 991 horam
1221 925 1384 1007 apponitur
1399 924 1533 988 οἰνσίιεν.
1564 921 1603 986 Et

263 1018 307 1081 sie
323 1017 415 1080 etiam
430 1016 462 1079 in
477 1024 583 1080 nostro
600 1023 702 1090 textu,
725 1015 765 1078 ad
788 1035 884 1078 anuos
908 1017 952 1079 30
968 1017 1130 1098 apponitur
1151 1036 1211 1079 vox
1227 1017 1334 1098 quasi,
1357 1035 1416 1079 non
1433 1014 1474 1076 ad
1488 1031 1602 1075 menses

261 1108 311 1170 vel
326 1106 399 1169 dies.
424 1105 616 1168 Tricenarius
631 1104 724 1185 igitur
741 1124 886 1168 annorum
901 1124 1042 1170 numerus
1057 1105 1311 1169 inincertitudine
1320 1103 1465 1169 nonnulla
1479 1101 1604 1185 ponitur,

262 1205 296 1258 ut
310 1197 393 1278 prius
408 1195 485 1260 hora
499 1195 684 1276 vespertina,
701 1194 744 1257 sic
759 1201 795 1257 ut
809 1203 913 1260 tamen
927 1197 1018 1278 longe
1033 1215 1093 1259 non
1109 1195 1191 1259 absit
1206 1215 1262 1259 nec
1276 1194 1337 1258 illic
1351 1195 1428 1258 hora
1444 1193 1484 1256 ab
1500 1209 1608 1276 occasu,

261 1285 353 1361 Solis,
368 1303 424 1348 nec
439 1285 488 1349 hic
503 1285 661 1366 praecisus
675 1303 816 1347 numerus
833 1307 852 1347 a
866 1286 996 1348 rotundo
1012 1305 1135 1348 numero
1152 1285 1323 1350 tricenario.
1348 1283 1411 1347 Sed
1427 1281 1508 1346 enim
1522 1281 1603 1344 video

261 1375 332 1457 quid
354 1375 440 1438 velis.
484 1373 536 1438 Ad
558 1381 643 1438 tuam
665 1374 886 1438 ordinationem
907 1375 1054 1438 relaberis
1080 1376 1255 1438 vocularum
1276 1375 1307 1436 iu
1330 1381 1419 1439 textu
1439 1369 1603 1450 Evangelii,

260 1465 476 1547 quamdudum
497 1483 559 1527 nou
574 1471 694 1527 tantum
709 1464 766 1527 tibi
782 1483 838 1545 ego
855 1465 985 1539 extorsi,
1008 1465 1172 1529 sedetiam
1193 1472 1227 1527 tu
1242 1471 1327 1528 tuam
1348 1470 1457 1544 sponte
1473 1459 1602 1524 indubio
1695 1475 1696 1478 ’

258 1555 398 1637 posuisti,
414 1556 484 1617 dum
500 1553 565 1635 ejus
581 1553 767 1618 contrariam
787 1561 819 1617 te
835 1575 896 1617 non
910 1555 1087 1636 impugnare
1104 1554 1276 1618 asseruisti:
1295 1553 1362 1634 jam
1381 1559 1467 1614 tuam
1483 1549 1603 1614 resumis

258 1652 294 1707 ut
309 1644 532 1719 authenticam,
555 1649 588 1706 et
601 1662 707 1707 vocem
723 1645 815 1726 quasi
829 1644 992 1726 praeponis
1007 1645 1075 1708 voci
1090 1643 1258 1726 incipiens,
1280 1661 1358 1725 quae
1373 1641 1489 1723 inipso
1504 1640 1602 1702 Even-

259 1734 373 1815 gelista
393 1733 601 1822 praemittitur
622 1733 690 1796 voci
712 1753 867 1798 cumeum
880 1730 946 1810 30,
969 1734 1055 1816 quasi
1072 1734 1187 1798 diceret
1200 1730 1417 1814 Evangelists:
1442 1737 1514 1793 erat
1528 1729 1604 1793 eirca

258 1823 376 1886 initium
391 1824 462 1886 anui
477 1824 528 1888 31.
567 1820 634 1895 Quo
656 1824 740 1887 iacto
754 1825 909 1887 exclamas
931 1843 999 1888 cnm
1013 1823 1135 1900 fiducie,
1154 1826 1214 1886 hoc
1229 1842 1298 1886 esse
1313 1821 1408 1885 verba
1428 1819 1603 1901 simpliciter

257 1913 429 1995 intelligere
439 1913 531 1994 juxta
545 1913 765 1994 proprietatem
780 1914 916 1996 linguae,
937 1913 1017 1978 hunc
1032 1932 1100 1976 esse
1117 1931 1248 1990 sensum,
1263 1931 1350 1994 quem
1365 1907 1461 1974 verba
1477 1910 1603 1990 signant,

258 2003 289 2064 iu
303 2002 362 2066 hoc
377 2003 592 2068 auctoritatem
607 2002 785 2085 Scripturas
800 2004 889 2079 verti,
903 2003 984 2067 hanc
999 2001 1231 2080 auctoritatem,
1250 2003 1331 2066 hauc
1347 1999 1467 2064 scilicet
1483 1997 1602 2064 Calvisii

258 2093 536 2174 transpositionem,
552 2091 649 2155 ordini
664 2099 769 2158 textus
785 2091 980 2170 contrariam,
996 2100 1224 2157 sacrosanctam
1240 2111 1308 2154 esse
1324 2090 1444 2154 debere.
1491 2089 1539 2152 At
1551 2087 1603 2150 hoc

257 2181 360 2246 hercle
375 2183 493 2247 facinus
509 2190 566 2246 est.
598 2181 713 2246 Omnes
729 2183 780 2265 qui
795 2184 925 2246 alterum
941 2190 1089 2246 accusant
1111 2181 1258 2258 criminis,
1281 2181 1319 2244 ah
1335 2181 1386 2244 illo
1410 2179 1471 2242 sibi
1487 2177 1603 2243 crimine

208 2267 211 2280 '
256 2272 356 2353 legem
370 2273 507 2336 indicunt
521 2272 721 2336 innocentiae.
752 2273 798 2336 'l'u
813 2273 863 2355 qui
878 2293 925 2336 me
940 2272 1025 2336 velut
1035 2273 1203 2336 advocatus
1213 2271 1361 2335 ecclesiae
1377 2267 1517 2334 scandali
1527 2284 1604 2330 reum

257 2363 358 2444 egisti,
373 2363 460 2445 quasi
476 2361 589 2446 aliquid
604 2369 748 2438 statuam,
763 2363 843 2445 quod
858 2369 975 2444 pugnet
990 2381 1057 2438 cum
1072 2363 1225 2444 expressis
1240 2361 1341 2424 verbis
1355 2358 1529 2440 Evangelii,
1543 2355 1603 2438 ipse

256 2451 391 2515 vicissim
412 2451 509 2516 ordini
531 2459 636 2515 textus
657 2453 809 2517 violentas
829 2453 921 2515 affers
942 2471 1066 2528 manus,
1087 2471 1179 2515 voces
1201 2457 1254 2518 tuo
1276 2452 1422 2532 copulans
1447 2447 1603 2512 arbitratu.

257 2539 334 2613 Quis
349 2541 407 2605 hoc
422 2541 479 2604 tibi
494 2541 695 2605 concesserit?
724 2539 874 2605 Excusari
890 2550 1006 2623 posset,
1021 2549 1054 2604 et
1069 2541 1206 2626 quamvis
1221 2559 1282 2604 non
1297 2538 1432 2612 tolerari,
1450 2539 1484 2600 in
1498 2537 1603 2600 bonam

256 2637 359 2694 tamen
373 2639 493 2713 partem
509 2631 614 2713 accipi,
630 2631 656 2694 si
671 2631 729 2694 hoe
744 2639 837 2714 pacto
853 2632 1059 2696 te.consulere
1069 2651 1227 2714 sperasses
1238 2627 1418 2694 dissensioni
1428 2635 1603 2708 temporum.
1695 2625 1696 2628 ’

255 2721 302 2784 Αι
317 2721 458 2802 quiahoc
474 2721 591 2784 facinus
607 2729 815 2802 comparatam
831 2727 881 2784 est
896 2723 936 2784 ad
952 2722 1166 2785 destruendam
1183 2719 1441 2784 existimationem
1457 2717 1538 2799 ejus,
1560 2713 1604 2796 qui

254 2810 397 2874 veritatis
412 2830 473 2874 non
486 2829 607 2892 pugnae
624 2811 724 2874 studio
741 2812 895 2894 expendit,
910 2810 981 2894 quid
990 2812 1093 2874 Lucae
1110 2819 1213 2874 textus
1226 2811 1307 2877 ierre
1323 2808 1432 2891 possit,
1449 2802 1604 2870 excusatio
1695 2859 1696 2868 ,

256 2901 300 2962 tui
316 2901 427 2964 erroris
443 2907 475 2963 et
491 2901 636 2964 audaciae
651 2902 848 2964 tantominus
864 2908 922 2976 est,
937 2921 1028 2984 quam
1036 2901 1233 2984 meipeccati,
1249 2900 1275 2964 si
1291 2899 1361 2983 quid
1377 2905 1478 2961 esset:
1497 2900 1604 2979 quanto

255 2996 289 3052 tu
305 2990 417 3054 certius
433 2997 465 3052 et
481 2990 650 3056 evidentius
666 3007 757 3072 qnam
772 3009 829 3071 ego
846 2990 959 3054 crimen
973 2992 1078 3055 habes.

342 3081 510 3162 Postquam
524 3081 617 3161 igitur
632 3080 689 3144 tibi
710 3087 795 3143 tuam
810 3098 916 3144 vocem
930 3082 1084 3162 incipiens
1100 3079 1204 3162 eripui,
1225 3079 1308 3142 hanc
1319 3095 1393 3142 vero
1408 3094 1519 3140 vocem
1532 3071 1601 3137 lati·

254 3169 368 3232 tudinis
388 3165 457 3232 dors
471 3191 492 3232 a
506 3171 567 3233 tuis
584 3171 666 3233 ausis
682 3169 848 3245 vindicavi,
870 3178 971 3234 restat
991 3171 1065 3234 illud
1088 3170 1296 3252 dispiciamus:
1321 3184 1388 3230 cum
1402 3163 1602 3246 Evangelista

255 3259 396 3335 affirmat,
410 3260 516 3323 Jesum
531 3258 624 3322 icisse
640 3259 763 3323 circiter
777 3262 820 3324 30
837 3281 992 3337 annorum,
1008 3279 1079 3322 num
1094 3260 1232 3342 praecise
1248 3259 1291 3322 30
1307 3258 1370 3322 sint
1385 3255 1547 3329 credendi,
1568 3269 1603 3313 an
1695 3295 1696 3298 κ

254 3365 308 3428 pro
324 3350 471 3430 praecisis
487 3350 540 3426 30,
555 3351 635 3431 quod
644 3349 744 3413 Lucas
760 3369 816 3413 nec
832 3351 966 3414 affirmat
981 3369 1037 3414 nec
1046 3358 1150 3431 negat,
1165 3349 1296 3430 praecisi
1305 3347 1349 3411 33
1364 3345 1465 3426 accipi
1481 3343 1604 3426 possint,

254 3437 279 3500 si
294 3437 354 3502 hoc
368 3439 524 3522 requirant
539 3439 695 3504 historiae.
725 3441 805 3504 Nam
821 3439 847 3503 si
868 3441 942 3504 nihil
965 3440 1125 3503 obstarent
1147 3437 1293 3502 historiae
1315 3436 1514 3516 rationesque
1529 3441 1603 3495 tem·

252 3546 367 3609 porum,
383 3548 477 3592 causa
491 3528 576 3592 nulla
592 3537 684 3606 esset,
701 3549 753 3594 cur
767 3530 869 3612 potius
883 3531 952 3612 plus
969 3549 1057 3612 quam
1072 3529 1171 3592 minus
1187 3529 1230 3592 30
1247 3534 1467 3591 statueremus:
1490 3523 1603 3586 retine-

252 3637 353 3681 remus
367 3619 460 3700 igitnr
474 3619 577 3700 potins
593 3618 672 3683 hunc
686 3620 785 3702 ipsum
800 3620 962 3684 rotundum
976 3637 1139 3682 numerum.
1172 3615 1258 3690 Quae
1276 3615 1352 3680 adeo
1363 3634 1459 3678 causa
1475 3612 1542 3688 ruit,
1557 3627 1604 3674 cur

251 3705 363 3771 Patres
377 3708 430 3783 illi,
445 3727 521 3790 quos
538 3709 664 3791 allegas,
679 3717 801 3773 tantum
816 3709 953 3791 praecise
969 3709 1160 3785 retinuerint,
1176 3713 1322 3790 quantum
1334 3706 1436 3768 Lucas
1454 3700 1603 3784 expressit

252 3797 375 3860 rotundi
389 3798 505 3860 numeri
519 3817 609 3874 voce,
634 3819 694 3863 non
710 3801 790 3883 quod
805 3819 911 3870 vocem
926 3799 1081 3881 incipiens
1096 3799 1137 3862 ad
1152 3805 1288 3860 aetatem
1304 3794 1421 3861 Christi
1437 3794 1602 3862 traherent,

252 3887 307 3950 sed
329 3888 409 3970 quod
431 3888 588 3970 scrupulos
609 3889 840 3970 chronologicos
862 3907 923 3952 non
939 3890 1162 3971 expenderent,
1184 3887 1339 3968 inquibus
1362 3883 1532 3947 eximendis
1551 3897 1602 3942 nos

250 3976 341 4041 hodie
357 3978 514 4040 sudamus:
530 3978 614 4042 nulla
629 3979 722 4061 igitur
738 3999 831 4043 causa
846 3978 907 4041 illis
922 3979 988 4054 fuit
1005 3998 1057 4041 cur
1073 3979 1111 4042 ob
1122 3995 1309 4041 communem
1323 3974 1464 4037 voculam
1474 3969 1602 4042 circita,

252 4085 328 4148 quae
344 4074 409 4130 tam
425 4067 464 4130 ad
480 4086 639 4132 excessum
654 4071 759 4133 referri
774 4076 880 4150 potest
903 4087 992 4151 quam
1008 4068 1048 4130 ad
1064 4068 1217 4132 defectum
1233 4083 1327 4147 eoque
1343 4063 1437 4126 etiam
1453 4061 1602 4144 adipsum

249 4157 421 4239 praecisum
435 4177 599 4235 numerum,
613 4177 704 4221 unum
719 4178 794 4241 prae
810 4155 870 4221 alio
887 4157 1042 4239 elegerint.

338 4249 385 4311 At
398 4255 560 4328 postquam
576 4267 615 4310 ex
630 4249 768 4330 diligenti
785 4248 923 4311 examine
940 4254 973 4310 et
988 4239 1149 4312 cellatione
1173 4243 1386 4309 historicorum
1401 4241 1507 4324 patuit
1523 4237 1599 4302 veri-

249 4343 308 4412 tas,
322 4337 430 4418 religio
446 4337 528 4400 nulla
543 4337 601 4400 fuit
613 4339 790 4414 Maestlino,
805 4339 889 4401 nulla
903 4337 1055 4401 Decherio
1072 4337 1195 4419 ejusque
1212 4333 1316 4398 clienti
1331 4333 1501 4414 Suslygae,
1522 4329 1600 4393 nulls
1695 4397 1696 4422 ,

248 4427 330 4502 mihi,
347 4426 440 4489 salvis
450 4425 667 4508 Evangelistae
677 4427 779 4492 verbis
796 4428 834 4491 de
845 4429 932 4491 aunis
943 4419 1126 4503 circiter30,
1142 4426 1293 4489 affirmare
1304 4422 1428 4487 Christo
1445 4419 1598 4502 baptisate

249 4535 346 4580 annos
367 4516 535 4598 praecisius
558 4517 722 4580 subductos
746 4513 822 4599 (1111)
839 4517 898 4593 32,
922 4511 1010 4600 (ego)
1027 4517 1085 4580 33:
1110 4517 1220 4599 quippe
1243 4511 1487 4597 quieremplum
1508 4509 1598 4572 totius

249 4606 447 4670 occidentalis
463 4605 611 4669 ecclesiae
626 4597 785 4671 hahuimus
803 4607 840 4670 ob
856 4607 977 4682 oculos,
1000 4606 1106 4688 quibus
1130 4605 1235 4686 religio
1252 4603 1335 4666 nulla
1350 4601 1421 4676 fuit,
1442 4620 1499 4683 pro
1514 4595 1597 4660 annis

216 4758 219 4766 ,
249 4695 292 4758 30
308 4694 463 4758 statuendi
478 4695 527 4758 vei
543 4713 610 4759 cnm
618 4695 767 4780 Dionysio
784 4705 910 4760 auctore
926 4691 969 4760 27
983 4697 1033 4759 vel
1049 4715 1116 4758 cum
1130 4696 1277 4759 hodierno
1294 4693 1359 4774 ejus
1375 4685 1596 4755 intellectui&

250 4781 402 4869 Quidquid
417 4785 497 4848 enim
512 4793 562 4849 est
576 4785 657 4850 inter
672 4783 715 4850 27
732 4794 764 4850 et
779 4787 831 4864 33,
846 4788 878 4851 id
894 4793 944 4850 est
958 4785 1079 4850 circiter
1094 4785 1147 4850 30.

337 4871 418 4945 Quid
433 4876 626 4940 tumultuaris
640 4876 735 4958 igitur
743 4876 869 4954 Calvisi,
883 4877 955 4958 quid
970 4875 1133 4959 inceptas?
1161 4873 1223 4940 Gur
1239 4871 1359 4938 omissis
1375 4869 1544 4936 rationibus
1559 4863 1594 4928 ad
