3400 5538
285 263 348 324 548
876 260 1010 312 666666.

284 435 393 502 aribus
423 456 523 519 supra
552 434 696 500 lincium
726 434 768 500 ad
798 435 980 500 Danubium
1009 431 1140 515 situm),
1170 439 1264 518 pater
1293 431 1396 518 opifex
1419 435 1601 517 attularius,

285 525 408 590 dudum
437 525 557 589 mortui
585 523 693 590 ambo:
728 524 883 604 educatio,
919 544 1003 608 quae
1032 522 1102 588 loco
1132 522 1345 606 amplissimae
1374 523 1458 590 dotis
1489 525 1540 606 sit,
1572 526 1603 590 in

284 633 442 696 gynaeceo
465 611 715 696 Starenbergico,
739 613 837 678 totius
860 612 995 698 regionis
1017 611 1260 676 laudatissimae
1274 611 1471 695 disciplinae:
1494 614 1602 690 forma,

285 723 402 781 moros,
433 723 546 786 corpus
578 708 790 785 attemperata
816 701 858 766 ad
880 724 968 780 mea,
997 699 1105 765 nullus
1127 700 1241 780 iastns,
1271 701 1359 765 nulla
1384 703 1603 780 sumtuositas;

285 791 433 856 laborum
470 791 639 873 patientia,
678 791 809 856 scientia
838 790 1005 856 mediocris
1036 789 1192 872 regendae
1220 789 1348 868 domus,
1382 796 1473 854 aetas
1503 791 1605 854 media

287 880 474 961 animusque
506 899 609 964 capax
639 882 706 964 ejus
729 877 815 961 quod
838 879 944 943 adhuc
966 879 1084 942 deestu
1133 879 1173 960 (E
1194 876 1294 943 literis
1316 875 1444 962 Kepieri
1466 878 1498 943 d.
1522 878 1606 943 Eiet-

286 968 401 1050 dingae
423 967 454 1032 d.
480 971 533 1032 23.
557 968 625 1048 Oct.
654 973 736 1033 1613
760 966 803 1032 66
821 967 953 1032 Petrum
968 965 1140 1031 Hem-icum
1161 967 1320 1032 Batonem
1340 966 1605 1045 sStrahlendors,

285 1062 322 1121 ut
345 1054 526 1120 ilauschius
542 1055 716 1144 66166166)
740 1055 878 1142 Nuptias
895 1055 1066 1130 celebravit
1081 1075 1224 1120 reversus
1240 1053 1417 1120 Ratisbona
1431 1076 1449 1119 e
1465 1055 1605 1136 comitiis,

227 1199 230 1208 ,
286 1143 401 1230 quibus
419 1147 512 1228 jussu
533 1145 733 1229 imperatoris
756 1145 912 1210 Matthiae
933 1143 1085 1223 interfuit,
1115 1149 1153 1208 61
1169 1143 1325 1228 judicium
1345 1143 1443 1208 ferret
1465 1144 1506 1208 de
1528 1165 1606 1210 noro

286 1233 479 1300 Calendario
503 1233 700 1318 Gregoriano
723 1233 812 1316 (r..s.
837 1257 868 1318 p.
894 1231 948 1316 9.),
973 1231 1024 1296 616
1049 1235 1100 1298 30.
1126 1231 1196 1297 061.
1222 1236 1305 1297 1613
1328 1230 1534 1316 Efferdingae
1560 1233 1606 1298 uin

283 1321 415 1386 aedibus
431 1322 611 1401 Mauriciae,
637 1324 728 1404 cujus
749 1321 870 1405 insigne
882 1320 946 1388 Leo
962 1342 1108 1400 aureus«
1128 1326 1170 1400 61,
1191 1327 1228 1386 61
1242 1326 1313 1386 erat
1326 1321 1375 1384 rir
1392 1319 1605 1386 laboriosissi-

282 1430 368 1490 mus,
393 1411 505 1475 statim
527 1409 582 1475 ubi
604 1410 747 1476 Lincium
770 1431 844 1475 cum
865 1431 949 1476 nora
977 1415 1080 1494 nupta
1106 1430 1251 1474 reversus
1273 1414 1369 1488 esset,
1392 1409 1498 1474 missis
1520 1409 1607 1475 initio

282 1499 396 1564 studiis
409 1499 641 1578 astronomicis,
665 1521 744 1582 opus
756 1519 925 1582 aggressus
942 1501 991 1563 ast
1010 1498 1111 1564 abono
1124 1499 1209 1580 patri
1226 1497 1379 1562 familias«
1400 1497 1607 1563 commodius.

371 1587 504 1652 Praeter
530 1609 597 1651 rem
620 1588 722 1670 ipsam
744 1587 892 1653 movebat
908 1585 1081 1670 Kepierum
1096 1593 1133 1652 ut
1148 1586 1363 1651 conscriberet⁴
1380 1585 1502 1650 librum
1517 1607 1609 1651 suum

284 1675 347 1741 alia
366 1697 417 1740 res
434 1675 565 1741 minoris
587 1677 750 1758 momenti,
774 1697 873 1760 quam
888 1675 938 1741 his
952 1675 1055 1741 verbis
1070 1675 1236 1740 Maestlino
1251 1675 1398 1739 nunciat:
1425 1673 1608 1758 »Superiori

284 1785 366 1830 anuo
398 1764 654 1830 Stereometriam
683 1766 743 1848 egi,
774 1773 811 1830 nt
840 1765 978 1830 materia
1003 1763 1153 1848 populari
1179 1763 1426 1847 typographum,
1459 1763 1609 1846 quitum

284 1853 348 1917 huo
376 1859 516 1932 venerat,
543 1857 701 1939 jurarem,
733 1875 772 1919 66
798 1875 836 1919 ex
858 1855 933 1919 6616
956 1854 1113 1922 Caesarea
1141 1854 1340 1917 resisteretur
1372 1857 1440 1938 ejus
1471 1852 1538 1930 arti
1559 1853 1608 1917 bic

283 1941 506 2008 instituendae.
551 1941 602 2024 (In
623 1942 725 2007 literis
748 1943 790 2008 ad
812 1942 1005 2022 Blanchum,
1030 1943 1061 2008 d.
1084 1940 1133 2007 ld.
1157 1941 1234 2026 Apr.
1262 1946 1365 2020 1616,
1391 1940 1504 2006 eadem
1528 1941 1606 2006 reie-

284 2051 366 2108 rens,
401 2028 506 2094 addit:
544 2038 582 2095 ut
598 2031 691 2114 ,mihi
724 2030 757 2096 in
792 2039 955 2116 posterum
990 2037 1120 2113 praesto
1149 2029 1253 2110 66661.)
1300 2027 1504 2113 Scripseram
1534 2035 1608 2096 6616

285 2119 512 2201 sesquiannum
534 2119 576 2183 ad
600 2121 617 2182 6
640 2121 792 2204 paginas,
822 2141 894 2185 cum
915 2128 1031 2203 typum
1053 2120 1172 2202 incepi:
1206 2139 1315 2184 verum
1344 2119 1422 2184 adeo
1444 2117 1525 2183 mihi
1546 2139 1609 2183 nou

283 2207 504 2272 satisfecerunt
514 2207 580 2286 1116,
593 2215 631 2272 61
639 2230 750 2273 novem
761 2209 841 2293 proh
854 2209 945 2274 dolor
959 2209 1100 2291 integros
1111 2227 1232 2290 menses
1244 2207 1472 2272 consumserim
1486 2228 1606 2292 augen-

285 2297 342 2376 dis,
366 2297 543 2378 garmanice
565 2289 739 2378 vertendis,
763 2297 960 2362 emendando
984 2302 1077 2380 typo,
1110 2295 1303 2380 delineandis
1331 2295 1466 2360 rudibus
1489 2296 1609 2362 scilicet

284 2384 528 2450 schematibusu
571 2385 612 2468 (Ε
634 2386 736 2450 literis
758 2385 790 2451 6.
814 2386 916 2450 Lincii
944 2385 975 2451 6.
1002 2391 1030 2451 6.
1055 2385 1131 2470 Maj.
1160 2385 1267 2465 1616.)
1312 2383 1413 2462 Idem,
1446 2385 1538 2468 qnod
1559 2383 1609 2448 hic

288 2473 365 2538 dicit
386 2472 551 2558 Kepieras,
575 2473 748 2540 excrevisse
769 2475 852 2539 inter
873 2493 988 2538 66666
1010 2494 1089 2557 6666
1112 2475 1283 2556 inceptum,
1313 2473 1417 2538 elucet
1440 2493 1459 2538 e
1481 2473 1607 2538 conclu-

285 2563 373 2628 sione
387 2563 491 2644 operis
507 2562 616 2645 ipsius,
632 2561 687 2627 ubi
702 2562 794 2628 dicit:
815 2563 905 2647 liber,
921 2564 973 2648 virs
988 2561 1097 2628 decem
1110 2563 1201 2628 initio
1216 2561 1462 2642 theorematum,
1480 2567 1608 2645 praeter
1688 2587 1689 2606 ³

286 2650 464 2734 opinionem
487 2651 625 2715 excrevit
648 2650 704 2733 (ad
729 2650 796 2733 19).

264 2803 267 2815 ,
375 2739 521 2804 Ceterum
542 2739 632 2805 initio
650 2761 715 2804 non
736 2739 916 2825 respexisse
935 2739 1064 2805 ridetur
1078 2737 1235 2821 Kepierus
1259 2737 1499 2822 typographum
1521 2737 1609 2802 illum
1688 2797 1689 2822 ,

286 2826 489 2906 Linciensem,
515 2827 601 2910 qnod
623 2847 661 2892 ex
683 2828 732 2894 his
747 2830 847 2895 Marci
861 2828 996 2894 Welseri
1017 2827 1120 2894 literis
1142 2832 1248 2910 patet:
1272 2827 1365 2892 Salve
1385 2825 1444 2890 Vir
1467 2825 1554 2894 Nob.
1577 2833 1608 2892 et

161 2986 167 2996 ,
287 2916 477 2982 Clarissimo.
513 2916 750 2982 Pithometriam
766 2923 857 2983 tuam
874 2917 1027 3069 proximis
1042 2915 1260 3000 superioribus
1275 2915 1386 2980 diebus
1397 2921 1486 2980 recte
1500 2915 1608 3000 accepi

287 3011 320 3068 61
334 2995 443 3069 616116
453 3009 531 3069 ¹cum
546 3005 565 3070 J
567 3025 670 3070 66666
685 3003 830 3088 Kriigero
847 3005 881 3070 bi
903 3006 1022 3089 liopola
1036 3010 1148 3072 nostro
1163 3004 1203 3068 de
1219 3003 1352 3069 editione
1367 3004 1426 3086 egi.
1462 3004 1525 3070 Oui
1540 3025 1609 3068 cum
1688 3005 1689 3038 l

287 3093 375 3158 nulla
390 3095 513 3158 ratione
536 3093 732 3177 persuadere
745 3116 881 3178 possem,
905 3100 940 3159 ut
956 3115 1027 3159 eam
1042 3091 1178 3176 propriis
1194 3091 1352 3156 sumtibus
1370 3092 1609 3174 procurandam

286 3181 320 3244 in
342 3201 376 3246 se
398 3181 565 3264 reciperet,
590 3217 630 3228 -
654 3184 714 3248 etsi
734 3185 815 3248 enim
836 3183 964 3265 fatetur,
988 3183 1163 3266 gratiosum
1185 3187 1217 3245 61
1238 3181 1363 3246 illustre
1385 3181 1476 3264 apud
1500 3201 1609 3247 omnes

287 3269 433 3334 literatos
463 3268 591 3356 Kepieri
621 3293 735 3336 nomen
764 3271 875 3338 haberi
903 3307 944 3318 -
975 3269 1113 3354 negabat
1143 3275 1253 3335 tamen
1282 3274 1510 3353 argumentum
1539 3269 1611 3334 libri

287 3356 457 3441 plausibile
472 3367 504 3424 61
519 3359 674 3425 6666111116
689 3361 798 3442 rideri,
818 3361 920 3428 latina
935 3359 1127 3444 praesertim
1141 3359 1257 3442 lingua.
1292 3359 1407 3442 Itaque
1423 3379 1462 3422 6ο
1475 3359 1610 3424 tandem

288 3451 416 3512 coactus
446 3447 614 3527 descendi,
645 3455 682 3512 ut
704 3451 843 3514 auctoris
872 3449 1030 3532 sumtibus
1059 3447 1111 3512 hic
1133 3447 1314 3512 cudendum
1343 3451 1489 3526 amaret,
1524 3447 1611 3531 quod

287 3535 381 3602 facile
404 3535 532 3601 admisit
554 3544 586 3602 et
606 3557 642 3620 66
665 3537 706 3601 66
726 3537 961 3604 conditionibus
982 3537 1025 3604 ad
1040 3537 1241 3601 Dominicum
1257 3535 1429 3602 Custodem
1444 3534 1491 3618 (y)
1510 3538 1610 3620 scrip-

287 3629 398 3688 turum
419 3625 573 3706 promisit.
607 3623 697 3690 Vale.
716 3627 797 3710 Aug.
814 3627 907 3692 Viud.
935 3631 986 3691 11.
1010 3625 1061 3690 616
1076 3624 1169 3694 Febr.
1190 3629 1284 3690 1614.
1318 3623 1465 3688 166611.
1487 3623 1609 3690 Valser.

288 3711 321 3778 Si
347 3713 431 3777 hunc
460 3733 555 3796 quem
584 3711 754 3798 adscripsit
779 3713 941 3780 Welserus
972 3714 1055 3780 diem
1086 3713 1316 3796 comparaveris
1338 3733 1410 3777 cum
1433 3733 1489 3790 co,
1514 3733 1611 3796 quem

288 3801 446 3884 Kepierus
462 3801 652 3868 dedicationi
670 3803 848 3888 adscripsit,
872 3803 1051 3883 concludes,
1070 3801 1243 3885 Kepierum
1261 3801 1404 3866 nondum*
1420 3808 1553 3867 certum
1572 3803 1611 3867 66

287 3889 488 3974 typographo
510 3911 614 3975 neque
636 3890 731 3974 plane
753 3892 901 3958 absoluto
923 3913 1019 3975 opere
1046 3891 1164 3974 (comp.
1187 3891 1296 3956 literas
1319 3889 1361 3954 ad
1386 3890 1610 3972 Maestlinum)

288 3977 516 4044 dedicationem
545 3987 636 4046 suain
665 3981 888 4065 conscripsisse
918 3987 1016 4064 atque
1043 3979 1170 4063 optione
1191 3980 1277 4058 data,
1308 3985 1420 4042 utrum
1442 3979 1547 4044 Lincii
1570 4001 1611 4045 au

288 4065 450 4150 Augustae
492 4068 570 4132 suis
611 4068 798 4144 sumtibus
833 4091 914 4154 opus
957 4067 1175 4134 excudendum
1215 4067 1270 4147 sit,
1313 4067 1458 4132 Lincium
1497 4069 1608 4152 potius

288 4154 446 4221 habuisse.
492 4153 594 4222 Simul
618 4179 658 4222 ex
680 4158 730 4222 his
752 4179 881 4242 quoque
900 4157 1115 4224 testimonium
1137 4157 1346 4221 desumsimus
1366 4176 1490 4235 eorum,
1525 4177 1610 4240 quac

288 4245 464 4329 praemisso
485 4245 643 4312 volumine
665 4246 802 4312 diximus
824 4247 864 4312 de
884 4249 1008 4312 ratione
1028 4245 1157 4328 Kepieri
1178 4244 1276 4310 libros
1298 4265 1373 4310 suos
1388 4245 1611 4312 conscribendi

289 4332 411 4416 (Comp.
433 4332 502 4399 Vol.
518 4331 577 4398 111.
596 4358 627 4420 6.
649 4339 749 4400 5116.
768 4335 866 4417 tlt),
891 4349 1088 4419 quamquam
1110 4354 1174 4399 non
1195 4333 1382 4417 negligenda
1403 4337 1482 4396 sunt
1505 4334 1609 4420 ipsias

289 4419 417 4504 Kepieri
434 4421 531 4486 verba
550 4428 625 4507 post
643 4424 805 4489 theorema
819 4423 918 4504 XVII,
942 4425 1059 4507 quibus
1077 4428 1185 4487 66661
1209 4423 1403 4488 »Patronus«
1429 4421 1470 4486 de
1486 4423 1610 4488 dilatae

289 4509 435 4574 editionis
450 4531 548 4578 causa
571 4517 740 4578 61661616
762 4513 952 4598 auctiusque
972 4513 1058 4578 iacto
1073 4511 1191 4577 libello.
1225 4512 1382 4576 Monitum
1396 4509 1480 4576 illud
1495 4512 1608 4578 biblio·

289 4597 383 4681 polae
398 4596 614 4682 Augustensis,
638 4599 755 4665 librum
778 4601 879 4668 latina
900 4601 1009 4685 lingua
1030 4621 1145 4686 parum
1167 4599 1351 4666 vendibilem
1366 4617 1445 4680 esse,
1470 4602 1610 4666 movisse
1681 4657 1689 4668 ..

289 4686 413 4752 ridetur
427 4685 607 4771 Kepierum,
630 4694 667 4752 ut
685 4689 775 4754 illum
790 4690 821 4754 in
836 4689 975 4774 linguam
990 4689 1211 4756 Germanicam
1232 4689 1421 4760 transferret
1435 4689 1487 4754 vei
1501 4691 1609 4773 potius
1688 4673 1689 4732 l

289 4793 405 4841 nouum
438 4775 585 4844 conderet
614 4775 749 4860 librum,
780 4799 923 4846 sermone
955 4799 1032 4846 usus
1066 4778 1269 4858 Germanico,
1302 4777 1445 4863 ejusdem
1478 4778 1632 4863 quiden.
