3390 5542
561 238 740 316 Sterscmqtria
755 239 824 306 110111
841 242 975 294 Antinoi.

109 421 183 492 quod
203 421 257 476 duc
277 419 305 476 10
325 419 503 483 altitudinem,
523 421 599 476 venit
616 419 674 476 399
694 437 744 490 pro
764 437 876 492 corpore
895 421 978 492 hujus
1083 457 1123 508 ΗΟ

108 503 262 564 columnae,
283 501 310 553 in
331 499 531 570 comparatione
552 517 611 554 cum
632 501 737 554 ceteris.

199 579 254 634 Sed
275 580 302 634 in
321 579 405 648 priori
424 596 552 650 processu
573 579 691 644 attendi,
713 580 758 634 ubi
779 581 893 650 primum
913 598 975 652 con·
1068 585 1126 627 'uo

108 659 241 714 sisterent
270 659 437 730 quotientum
467 676 516 714 seu
543 676 686 728 corporum
722 659 905 720 incrementa,
941 661 976 713 ab

109 756 198 810 eoque
225 739 339 793 termido
360 739 458 793 iterum
482 741 685 802 decrescerent,
712 739 772 794 illos
798 740 883 812 igitur
904 739 977 794 sinus

108 818 212 872 notari.
261 819 333 880 Quos
360 835 420 872 cum
446 811 608 888 inteiposita
631 835 688 873 una
716 813 796 872 nocte
824 827 976 889 repeterem

108 899 160 951 sub
189 907 344 967 aspectum,
365 897 508 967 apparuit,
536 897 709 968 Gpunctum
734 898 976 959 circumferentiae,
1067 901 1071 907 '

108 981 184 1046 apud
205 979 275 1050 quod
296 978 443 1032 maximum
469 994 566 1047 corpus
590 979 803 1042 terminabatur,
825 995 977 1034 connexum

108 1075 171 1110 cum
191 1057 393 1126 reprimere
414 1059 478 1122 Gli,
504 1059 577 1112 latua
603 1057 666 1112 cubi
691 1057 719 1114 in
745 1059 891 1126 sphaeram
917 1058 977 1114 Alc
1101 1097 1102 1100 ¹

108 1137 250 1208 inscripti,
281 1144 310 1191 et
338 1137 384 1191 GC
414 1137 571 1208 diagonium
604 1138 679 1208 plani
710 1137 797 1193 cubici
826 1155 876 1192 seu
904 1140 978 1194 latus

109 1217 248 1272 utraedn
268 1217 296 1272 in
316 1219 419 1272 eadem.
432 1214 465 1288 ⁸¹)
713 1213 716 1218 ’

197 1379 235 1480 ld
250 1361 347 1462 igitur
363 1380 568 1473 sequentibus
579 1378 832 1482 theorematibus
849 1380 977 1483 demon·
1069 1432 1100 1481 11
1176 1430 1208 1486 17
1227 1463 1260 1474 -
1324 1437 1394 1490 3039

107 1467 274 1534 strabrtur.
317 1469 360 1534 Et
383 1476 475 1548 nota,
505 1469 592 1554 quod
613 1471 700 1536 hisce
727 1469 978 1536 theorematibus
1032 1505 1269 1571 ent-sanitaris.
1324 1508 1395 1560 3030

110 1557 263 1622 tradatur
575 1598 597 1652 ¹-
1070 1578 1103 1628 12
1175 1577 1215 1628 16.
1324 1574 1394 1630 000

265 1699 272 1712 ‚
515 1699 522 1714 ‚
590 1699 597 1714 ,
701 1700 715 1714 ⁴
874 1699 881 1714 ‚
1069 1647 1102 1698 1a
1175 1646 1258 1709 rs÷
1324 1650 1394 1702 suos

174 1697 301 1764 Retro
328 1706 622 1783 proportionis
652 1705 912 1766 usitataern
1070 1719 1103 1770 14
1176 1718 1259 1779 14ηι
1323 1721 1394 1774 0816

266 1785 432 1854 fabrica
462 1787 566 1856 dolii
596 1788 820 1856 Austriaci.
1031 1793 1133 1855 sequa.
1153 1792 1258 1922 lem·
1323 1793 1394 1916 ἓξὲξ

1175 1933 1216 1983 12.
1323 1933 1395 1986 2364

1177 2005 1207 2053 ll
1228 2032 1261 2041 -
1327 2001 1395 2057 1887

1191 2075 1209 2126 8
1227 2073 1257 2134 -l-
1326 2075 1395 2127 1368

1192 2145 1209 2198 6
1228 2143 1258 2206 -1-
1341 2142 1393 2198 741

1190 2219 1215 2269 0.
1375 2217 1494 2270 0'‘

644 2312 819 2388 Theorema
840 2319 895 2386 IV.

108 2431 256 2500 Omnium
287 2435 629 2518 parallelepu'pcdorum
666 2453 721 2502 seu
749 2436 984 2515 caimetarum,
1018 2434 1246 2516 insumptarum
1277 2435 1431 2518 sphaerae

105 2525 224 2604 011100,
256 2544 335 2608 quoe
365 2526 449 2590 diuis
478 2547 516 2592 eu
542 2526 684 2608 00000110
701 2525 885 2627 ‘quadratis
911 2523 1044 2590 basibus
1074 2531 1230 2606 comtum,
1264 2527 1362 2592 cubus
1384 2531 1432 2592 est

618 2633 756 2678 marimo
781 2631 918 2694 corpore.

196 2721 375 2794 hbcor'ema
397 2737 445 2794 est
474 2728 629 2794 hactenus
660 2728 892 2794 desideratum:
924 2728 986 2794 etsi
1014 2726 1114 2794 habet
1143 2728 1231 2796 dixin
1254 2730 1432 2797 evidentem
1470 2788 1477 2798 „

48 2858 52 2864 ι
105 2837 148 2882 ex
170 2815 327 2900 00010010.
352 2818 496 2883 Circulos
518 2824 567 2884 est
589 2818 729 2884 omnium
751 2817 931 2901 planorum,
957 2817 1144 2901 aequalibus
1160 2819 1339 2902 perimetris
1356 2842 1431 2886 000·

105 2911 289 2986 tentorum,
322 2907 579 2990 capacissimum,
608 2905 908 2989 01110000010011
939 2905 1067 2991 Pappus
1100 2905 1183 2972 libro
1217 2906 1255 2972 V.
1301 2909 1365 2974 Sed
1398 2917 1432 2976 01

105 2993 293 3080 planorum,
325 2995 454 3079 aequali
483 2994 619 3060 laterum
646 3015 778 3060 numero
800 3001 1020 3060 contentorum
1043 3001 1077 3059 et
1098 2994 1226 3078 aequali
1247 2997 1430 3079 perimetm,

106 3103 193 3167 quae
223 3090 299 3148 sunt
332 3083 444 3149 circuli
466 3084 627 3164 similiora,
659 3083 829 3168 capaciora
851 3087 934 3149 sunt.
981 3084 1121 3150 Rursum
1143 3091 1176 3150 et
1197 3092 1433 3168 augmentorum

107 3193 148 3238 ex
171 3171 304 3237 diversis
320 3171 457 3253 circulis,
476 3195 615 3260 ¹quorum
630 3172 899 3238 circumferentiae
922 3179 994 3265 0001
1010 3165 1168 3256 aequales,
1193 3175 1433 3256 capacissimum

108 3268 159 3326 est
180 3260 406 3325 semicirculus.
452 3263 502 3327 Ad
524 3262 658 3328 eundem
679 3262 810 3327 modum
833 3269 866 3328 et
887 3259 986 3327 cubus
1010 3267 1058 3326 est
1079 3262 1255 3326 solidorum
1283 3264 1431 3342 omnium,

109 3368 196 3434 quae
226 3347 418 3431 aequalibus
434 3370 509 3414 cum
530 3349 585 3416 illo
608 3349 837 3434 superficiebus
867 3351 1080 3426 continentur,
1112 3349 1346 3432 capacissimos.
1392 3353 1434 3418 Et

108 3436 337 3522 polyedrorum
366 3437 671 3519 isoperimetrorum,
702 3458 767 3520 quo
797 3437 891 3502 fuerit
919 3437 1084 3519 quodlibet
1113 3437 1270 3519 sphaerae
1300 3441 1435 3506 similius

109 3526 223 3593 ordine
247 3531 280 3590 01
300 3545 432 3590 numero
455 3526 601 3605 laterum,
625 3528 688 3592 hoo
707 3526 857 3609 capacius
880 3531 943 3590 est:
972 3526 1160 3591 icosabdron
1183 3527 1312 3609 quidem
1336 3549 1433 3614 capa·

109 3615 279 3695 cissimum,
305 3614 382 3697 quia
404 3612 551 3697 plurimis
574 3612 703 3680 basibus
731 3619 928 3694 0001οη100,
959 3621 996 3678 01
1023 3613 1162 3679 circulus
1187 3613 1319 3682 infinitis
1341 3617 1435 3702 quasi

108 3702 251 3768 basibus.
297 3704 387 3768 Haec
408 3704 514 3768 00010
535 3704 666 3787 Pappus
688 3701 787 3768 habet
807 3699 890 3766 libro
912 3701 949 3771 V.

201 3789 264 3856 Sed
287 3799 320 3856 et
343 3792 383 3856 de
405 3792 575 3874 0001000110
592 3793 790 3901 diversorum
812 3789 979 3872 globorum
993 3791 1219 3874 inoperimetris
1234 3792 1432 3859 demonstra·

107 3881 157 3946 vit
186 3878 402 3960 Archimedes,
435 3879 676 3963 capacissimum
703 3899 770 3946 asse
800 3878 1070 3962 hemisphaerium
1092 3881 1232 3946 omnium
1253 3880 1341 3964 globi
1362 3901 1432 3963 seg·

108 3975 303 4049 mentorum,
327 3989 407 4052 quae
423 3969 548 4051 aequali
570 3969 734 4053 superficie
756 3968 990 4034 contineantur.
1036 3967 1122 4034 Haec
1145 3970 1275 4052 quidem
1289 3973 1436 4053 praestat

108 4057 221 4140 liguris
244 4059 356 4122 ceteris
379 4057 489 4123 circuli
511 4061 543 4122 01
564 4057 648 4140 globi
671 4063 796 4136 natma,
821 4075 894 4121 cum
916 4063 989 4121 sunt
1009 4057 1257 4140 isoperimetrae.
1297 4056 1432 4133 Quando

108 4166 186 4212 vero
219 4147 392 4212 remittitur
422 4148 460 4212 110
493 4146 669 4228 aequalitas
698 4143 875 4227 0000110101
910 4145 1110 4230 vicissimque
1143 4147 1241 4212 datur
1273 4144 1434 4229 polyetns

110 4235 223 4300 cadem
245 4235 383 4320 sphaera
404 4236 651 4318 circumscripta,
676 4235 873 4300 contrarium
903 4235 1057 4318 mntmgit
1083 4235 1251 4313 nonnullis,
1276 4241 1314 4298 ut
1335 4233 1431 4300 dode·

110 4323 251 4390 ceddren
282 4323 324 4388 sit
351 4328 452 4410 majus
482 4323 662 4403 icosaiidro,
694 4323 781 4404 quod
801 4322 1064 4388 demonstrarunt
1085 4325 1270 4406 Apollonius
1292 4328 1325 4387 et
1347 4322 1433 4406 Hyp·

110 4412 203 4479 siclea
233 4412 276 4478 ad
298 4413 475 4478 Euclidem:
514 4417 550 4476 at
579 4412 639 4478 hoc
668 4415 801 4496 propter
831 4410 964 4476 eandem
985 4409 1071 4495 globi
1094 4419 1240 4477 naturam
1262 4410 1379 4476 accidit
1401 4411 1434 4475 01

111 4507 244 4586 propter
267 4501 502 4566 similitudinem
523 4499 646 4584 figurae
669 4521 741 4566 cum
762 4497 865 4582 globo,
890 4519 972 4582 quae
993 4501 1045 4564 hic
1065 4506 1188 4582 regnat.
1233 4498 1326 4564 Prius
1341 4500 1432 4577 enim,
1488 4545 1491 4568 .

111 4611 184 4655 cum
215 4589 368 4671 aequales
400 4595 505 4656 esseut
535 4589 726 4673 superficies,
758 4587 931 4654 similitudo
961 4608 1035 4653 cum
1064 4588 1157 4672 globo
1185 4586 1380 4652 consistebat
1401 4589 1434 4654 in

109 4678 320 4744 multitudine
342 4677 592 4761 superficierum.
637 4677 697 4743 Hic
720 4697 792 4743 curn
814 4677 1005 4758 angulorum
1028 4677 1061 4742 in
1083 4675 1178 4741 variis
1202 4674 1311 4755 figuris
1334 4697 1434 4759 pona·

109 4775 164 4836 tur
195 4765 283 4836 urbis
313 4767 459 4851 aequalis
489 4773 522 4832 et
550 4768 714 4854 dispositio
745 4785 804 4848 per
834 4765 922 4833 illurn
958 4765 1118 4832 ordinata:
1156 4765 1331 4832 similitudo
1361 4785 1435 4831 cum
