3412 5538
632 365 964 435 Curcnclcgtalndaeoram.
1203 396 1207 412 ·
1226 409 1228 416 ,
1409 353 1471 424 133
1587 430 1590 436 ,

117 503 346 592 Carthaginem.
385 509 486 594 Atqui
507 487 734 593 comprohatum
755 517 805 576 est
825 513 1007 578 testimoniis
1028 513 1160 592 idoneis,
1188 518 1381 582 aedificatam
1404 539 1472 584 esse

117 619 182 664 aera
196 601 310 684 templi
329 595 406 666 127.
439 597 519 672 Quid
535 619 607 682 ergo
623 601 757 666 dicemus
772 602 812 666 ad
826 611 1021 684 praesentem
1036 606 1270 671 auctoritatem?
1300 609 1352 672 Au
1367 609 1471 690 Apion

116 709 164 772 pro
181 709 234 767 eo,
258 689 343 774 quod
359 691 493 756 Romam
506 691 635 767 invenit,
658 691 876 774 Carthaginem
890 712 945 775 per
961 712 1093 758 errorem
1108 695 1251 777 scripsit?
1280 698 1332 764 Au
1347 699 1424 780 legit
1438 699 1469 764 in

116 779 237 844 limace
262 779 389 857 Siculo,
411 801 470 863 quo
493 780 530 844 de
550 780 731 864 Dionysius,
752 780 882 844 Romam
898 790 930 846 et
946 782 1162 865 Carthaginem
1178 787 1285 850 ecdem
1299 808 1379 852 anno
1396 808 1471 852 con-
1574 815 1575 822 ¹

115 869 203 945 ditas,
226 870 346 954 itaque,
370 889 438 934 cnm
451 869 580 934 Romam
596 871 689 936 sciret
705 892 723 934 a
737 871 893 953 praesenti
909 893 988 937 auno
1004 892 1142 954 surgere,
1165 873 1363 956 Carthaginis
1379 877 1472 942 etiam

116 967 216 1024 ortum
231 961 296 1024 huc
312 960 440 1024 retulit?
475 959 527 1026 Au
543 960 669 1042 denique
685 961 744 1026 hec
759 981 837 1024 suno
853 980 924 1026 rere
941 963 1064 1026 condita
1084 963 1141 1026 fuir
1160 983 1221 1028 nou
1235 965 1307 1028 urbs
1322 967 1391 1049 ipsa
1405 967 1471 1050 pri-

117 1050 215 1114 maria
232 1048 407 1130 Carthago,
424 1048 478 1114 sed
492 1049 648 1126 Karhada
670 1051 724 1114 ie.
739 1051 896 1133 Neapolis,
917 1057 952 1114 ut
967 1050 1107 1133 Scaliger
1121 1071 1228 1116 rocem
1242 1054 1472 1137 interpretatur,

115 1140 194 1221 quod
212 1147 265 1202 est
281 1140 413 1202 totidem
427 1138 525 1204 literis
541 1139 724 1204 radicalihus
739 1145 890 1222 καρχηῦιω
906 1139 1055 1205 Graecis?
1083 1148 1116 1208 et
1130 1142 1240 1207 alludit
1253 1163 1315 1208 vox
1328 1145 1473 1212 Plautius

113 1227 177 1294 Be·
195 1227 464 1304 chshadreanech,
480 1228 506 1292 si
521 1230 709 1324 concesseris
723 1230 909 1296 metathesin
923 1249 978 1312 pro
996 1230 1176 1296 Charbade-
1192 1233 1298 1298 aueclu

181 1407 226 1460 Ab
240 1421 308 1462 tuuc
321 1421 346 1460 e.
359 1406 405 1460 Ch.
418 1399 471 1460 747
483 1409 602 1474 adaerlptl
613 1415 672 1460 suut
683 1407 766 1470 „Auel
777 1403 965 1460 Nahoaeaaarl“
977 1409 1060 1475 ibique
1072 1415 1231 1462 mactaturus

205 1531 273 1598 Cur
286 1533 338 1596 hle
352 1533 480 1616 incipiat
494 1553 575 1598 nora
589 1534 684 1597 series
698 1533 817 1616 Regum
831 1533 1008 1615 Babylonis,
1023 1553 1117 1598 cause
1130 1535 1164 1598 iu
1179 1534 1306 1598 obscuro
1323 1541 1380 1597 est
1403 1535 1471 1616 Ego

110 1631 205 1706 puto,
222 1623 342 1685 frustra
355 1641 412 1686 nos
427 1623 466 1685 ils
480 1623 591 1704 insigni
608 1623 707 1706 aliquo
723 1629 834 1686 eventu
850 1641 919 1686 ease
935 1621 1091 1687 sollicitos.
1120 1623 1296 1705 Regnatum
1314 1625 1346 1687 in
1360 1624 1468 1708 Baby-

112 1713 186 1776 lone
208 1713 284 1774 iude
307 1712 347 1776 ah
370 1712 473 1776 exciso
494 1731 589 1794 regno
611 1713 808 1796 Assyriorum
829 1712 888 1774 huc
909 1731 1004 1794 usque
1026 1731 1081 1795 per
1103 1731 1199 1776 annos
1225 1708 1297 1776 127.
1338 1713 1473 1776 Primum

111 1821 222 1882 regn
236 1802 394 1865 Diodorus
409 1802 512 1884 prodit
525 1801 665 1878 Belesiu,
686 1803 770 1884 cnjus
793 1821 986 1865 successores
1007 1810 1082 1885 puto
1103 1802 1283 1866 tributarios
1305 1801 1399 1865 fuisse
1421 1803 1472 1866 rel

112 1892 229 1966 reseis,
244 1890 296 1953 rel
311 1897 385 1972 post
397 1891 530 1954 Arbecis
545 1891 629 1954 Medi
643 1899 772 1955 mortem
785 1891 925 1975 Assyriis
934 1890 1033 1967 Phuli,
1048 1883 1382 1973 I'igleth-Phulasaari,
1397 1891 1471 1955 Sal-

113 1979 302 2054 manassari,
318 1978 459 2060 Sargoni
475 1979 711 2045 Sennacheribo.
742 1977 831 2052 Quod
846 1987 948 2044 sutem
963 1999 983 2044 a
996 1981 1215 2045 Nabouassaro
1232 1982 1383 2044 accersita
1398 1999 1472 2045 aera

114 2067 320 2134 wntinuatur
334 2087 430 2151 nsque
447 2070 486 2132 ad
499 2070 723 2146 Alexandrum,
745 2089 854 2133 novum
870 2071 1039 2153 exemplum
1055 2078 1112 2134 est.
1143 2069 1293 2135 Solebaut
1308 2071 1380 2133 oliru
1396 2077 1470 2134 aute
1585 2079 1587 2088 '

113 2159 349 2222 Idaechabaeos
365 2177 523 2222 numerare
540 2165 572 2222 et
586 2159 779 2224 denominare
795 2179 891 2226 annos
907 2179 966 2224 non
983 2161 1021 2224 ab
1037 2167 1142 2224 aetate
1157 2160 1259 2244 regni,
1282 2161 1336 2222 sed
1352 2182 1371 2223 a
1386 2160 1469 2241 regi-

113 2249 190 2325 bus,
213 2249 265 2331 qui
280 2249 387 2331 quovis
404 2268 483 2312 auno
497 2256 677 2330 praeerant,
699 2256 755 2314 aut
769 2257 852 2312 certe
868 2250 906 2313 ab
923 2250 1076 2313 aetatibus
1092 2249 1223 2326 urbium,
1244 2255 1281 2312 ut
1293 2249 1471 2331 Babylonis,
1572 2238 1576 2254 ⁸

114 2339 201 2420 Tyri,
219 2337 429 2419 Carthaginis,
443 2338 569 2402 Romae.
605 2338 723 2404 Privati
738 2339 832 2419 igitur
846 2345 919 2402 tunc
934 2339 1054 2420 quidem
1070 2340 1198 2420 exempli
1214 2339 1337 2419 privata
1349 2339 1472 2400 videtur

115 2447 214 2492 causa
228 2428 415 2508 quaerenda.
460 2425 667 2503 Genethliaci,
688 2430 718 2491 h.
741 2448 766 2491 e.
782 2427 931 2492 Chaldaei
952 2428 1119 2490 astronomi
1135 2429 1269 2502 fuerunt,
1291 2426 1341 2509 qui
1363 2427 1472 2490 seriem
1493 2448 1497 2457 ·

115 2535 269 2580 mucram
291 2535 311 2580 a
334 2517 554 2580 Nabouassaro
580 2518 805 2580 arcessiverunt
828 2517 1021 2599 tabulamque
1051 2516 1130 2581 hanc
1154 2517 1273 2598 Regum
1303 2516 1471 2578 ediderunt

114 2605 199 2670 Puto
216 2604 325 2686 igitur,
347 2621 415 2668 cum
430 2604 526 2686 primo
542 2606 673 2669 omnium
688 2606 817 2687 eclipses
834 2606 889 2669 snb
903 2605 1122 2670 Nabouessaro
1145 2606 1275 2668 fuissent
1294 2612 1472 2680 muotatae,

114 2703 331 2770 monentes,
353 2694 406 2776 qni
428 2694 526 2757 secuti
548 2702 619 2758 sunt
641 2693 809 2758 Alexandri
835 2697 989 2778 tempora,
1013 2695 1179 2776 digessisse
1204 2714 1301 2758 annos
1325 2712 1431 2775 regum
1453 2715 1473 2756 a

114 2785 342 2848 Nabouassaro
357 2801 453 2865 usque
469 2782 508 2846 ad
517 2783 735 2859 Alexandrum,
750 2791 785 2846 ut
799 2801 836 2846 ne
853 2784 923 2865 quid
939 2791 1078 2846 errarent
1092 2785 1123 2848 iu
1137 2783 1308 2848 intervallis
1318 2801 1473 2846 annorum.
1518 2815 1520 2820 ·

114 2873 159 2936 Et
175 2873 218 2936 ad
232 2873 408 2954 hujusmodi
423 2872 628 2953 conjecturam
643 2869 780 2955 exemplo
795 2873 868 2938 mihi
882 2873 983 2954 praeit
998 2872 1138 2955 Scaliger
1157 2874 1188 2936 in
1204 2873 1292 2936 annis
1309 2873 1474 2936 secundum

115 2963 313 3044 Dionysium.
349 2963 432 3026 Ecce
454 2981 526 3026 vero
548 2961 638 3043 hujus
660 2963 852 3044 conjecturae
873 2963 1095 3026 firmamentum
1116 2963 1147 3026 in
1162 2963 1327 3045 praesenti.
1363 2961 1473 3024 Ptols·

115 3071 224 3116 maeus
240 3071 310 3116 cum
331 3052 551 3133 antiquissimis
573 3053 735 3135 eclipsibus
750 3052 924 3118 necessario
939 3060 1094 3128 uteretur,
1117 3053 1231 3116 nullam
1246 3051 1373 3114 adhibet
1389 3050 1473 3113 auti·-

116 3142 258 3224 quiorem
279 3142 347 3224 ipso
363 3142 612 3206 Nabonnassaro.
648 3143 695 3206 At
710 3142 815 3205 statim
831 3161 909 3204 anno
926 3136 977 3205 27.
992 3142 1128 3216 Nabou.,
1151 3141 1201 3223 qui
1217 3147 1286 3204 erat
1303 3141 1331 3202 1.
1344 3140 1473 3202 Mardo-

117 3230 276 3314 cempadi,
305 3231 425 3296 invenit
444 3231 573 3311 primam
602 3231 660 3295 sibi
682 3232 797 3294 utilem
842 3231 953 3295 Procul
978 3231 1068 3296 dubio
1099 3230 1192 3294 etiam
1216 3231 1335 3312 aliquas
1358 3229 1477 3292 invenit

117 3320 304 3386 observatas
320 3321 377 3384 suh
392 3319 458 3402 lpse
474 3319 704 3396 Nahonassaro,
719 3320 775 3384 sed
787 3320 858 3384 illas
873 3341 928 3384 auo
943 3321 1087 3384 instituto
1103 3339 1163 3385 nou
1178 3319 1287 3383 babuit
1302 3311 1475 3383 accommo-

209 3729 297 3795 Aera
312 3728 431 3810 Templi
447 3728 521 3804 291,
537 3728 713 3793 anNabon.
728 3729 787 3794 39:
811 3729 988 3794 Herwartus
1003 3729 1091 3810 ponit
1107 3728 1235 3811 eclipsin
1252 3725 1291 3808 Θ
1311 3728 1340 3791 d.
1357 3728 1408 3792 18.
1416 3729 1478 3794 Jul.

118 3820 299 3884 Herodotus
322 3817 482 3900 dregibus
497 3818 618 3881 Mediae
640 3819 749 3882 tribuit
770 3838 865 3882 anuos
883 3819 961 3893 150,
989 3819 1015 3881 si
1037 3837 1141 3882 omnes
1163 3817 1195 3880 in
1215 3837 1308 3881 uuam
1332 3832 1479 3882 summam

120 3909 291 3990 conjeceris
307 3908 398 3991 plene
414 3915 573 3990 acceptos,
595 3928 720 3990 quorum
734 3908 857 3972 ultimus
872 3908 1008 3989 pertinet
1029 3907 1069 3970 ed
1085 3926 1196 3970 aunum
1211 3908 1331 3971 Nabou.
1349 3907 1412 3972 188
1427 3909 1478 3972 vel

123 3995 202 4077 18⁷3
225 3999 344 4081 primus
366 4016 440 4080 ergo
461 3998 520 4061 huc
543 3997 582 4061 ed
597 3997 716 4061 Nabou.
733 3997 775 4062 39
797 3997 846 4060 vel
861 3997 913 4061 38.
950 3997 1058 4080 Itaque
1080 3997 1233 4060 Diodorus
1256 4005 1340 4060 recte
1364 3997 1479 4076 scribit,

121 4090 253 4172 primum
268 4088 390 4151 illorum
403 4105 508 4168 regum
526 4081 607 4169 (lpse
623 4086 670 4150 bis
687 4085 859 4169 Cyaxarem
875 4087 1019 4170 appellat,
1037 4087 1090 4169 sed
1105 4085 1237 4168 Dejoces
1252 4087 1413 4167 legendum
1429 4105 1480 4149 res

123 4179 191 4260 ipsa
207 4171 343 4258 clamat)
361 4177 400 4240 ab
408 4175 568 4240 Herodoto
583 4176 691 4240 referri
706 4176 746 4239 ed
761 4197 872 4240 annum
888 4179 917 4239 2.
928 4175 1088 4240 CLXVII.
1117 4175 1161 4238 Et
1176 4194 1247 4238 ecce
1262 4177 1312 4240 hic
1326 4176 1480 4240 ineuntem

125 4289 183 4331 nou
209 4267 335 4352 quidem
357 4269 392 4342 2,
415 4266 470 4328 sed
484 4265 514 4342 4,
531 4285 604 4329 aera
617 4283 692 4329 vero
705 4267 805 4349 priore
829 4285 938 4330 anuum
960 4266 991 4330 3.
1013 4265 1148 4348 ejusdem
1171 4263 1308 4348 Olymp,
1328 4266 1418 4349 idque
1441 4283 1480 4328 ex

125 4357 281 4440 principiis
296 4357 391 4438 longe
407 4355 485 4418 eliis.
516 4354 692 4420 Coerenses
707 4356 756 4419 hic
771 4356 977 4420 testImouium
992 4355 1133 4439 perhibet
1153 4361 1256 4418 rectae
1279 4353 1480 4418 collocationi

126 4447 259 4511 Possunt
281 4453 388 4510 antem
411 4445 503 4508 etiam
526 4445 612 4508 salva
634 4445 819 4510 auctoritate
834 4445 983 4509 Herodoti
1005 4464 1060 4528 per
1083 4445 1311 4508 commissiones
1326 4443 1480 4509 initiorum

128 4545 156 4600 et
174 4539 279 4602 finium
301 4555 359 4619 pro
379 4535 443 4598 150
465 4534 542 4597 sumi
559 4530 638 4611 147,
662 4534 725 4598 148
746 4534 796 4598 rel
813 4534 885 4599 149.
922 4535 1021 4616 Igitur
1035 4536 1092 4597 hos
1109 4552 1166 4616 ego
1188 4533 1227 4596 ab
1243 4553 1322 4596 anuo
1339 4531 1478 4614 sequenti

126 4627 240 4712 incipio,
256 4631 391 4710 propter
407 4643 444 4687 ea
459 4643 536 4708 quse
552 4632 624 4687 sunt
640 4625 679 4686 ad
697 4624 768 4688 115.
778 4625 898 4688 Nabou.

203 4719 297 4785 Aera
314 4714 425 4796 templi
440 4713 519 4776 303:
537 4712 635 4796 Gygis
644 4713 741 4796 Regis
755 4711 873 4796 Lydiae
888 4713 1006 4776 initium
1022 4731 1061 4776 ex
1075 4713 1314 4776 Halicarnasseo
1328 4709 1378 4772 hic
1392 4709 1481 4789 ponit

123 4807 282 4884 ilusebins,
298 4824 344 4870 se
360 4805 428 4868 220
445 4801 532 4865 anuis
549 4811 620 4865 aute
635 4805 798 4867 transitum
811 4803 934 4867 Xerxis
962 4802 1067 4885 Atque
1082 4801 1152 4866 hinc
1163 4800 1282 4864 ⁴orditur
1296 4797 1480 4864 Herodotus

122 4897 288 4986 lmperavit
312 4911 416 4959 annos
432 4889 485 4956 38.
528 4892 661 4957 Notahis
683 4901 800 4970 autem,
821 4911 901 4956 nova
922 4893 1037 4975 passim
1055 4911 1151 4974 regua
1174 4888 1322 4962 existere,
1342 4887 1427 4968 prius
1448 4889 1480 4953 in
