3400 5538
222 209 229 230 ι
282 198 344 261 560
850 193 935 256 Brimo
952 193 1021 250 Pare.

280 370 334 436 Fs
357 374 390 435 et
412 375 527 435 cetere.
572 371 629 438 Est
651 366 748 450 igitur
776 367 888 434 eadem
914 368 1052 435 altitudo
1074 367 1308 435 etroedrorum
1331 367 1447 448 ABCF,
1472 367 1590 438 ABCL:

280 463 357 524 sunt
376 459 476 541 igitur
497 457 656 542 aequalia.
702 453 765 521 Sed
787 457 895 524 Asscr
918 465 965 522 est
995 449 1092 535 ter'tin
1122 479 1198 542 pers
1228 459 1392 540 prismatis
1415 459 1591 536 sucrum

280 569 356 629 ergo
379 553 410 610 et
432 546 540 612 ABGL
563 547 703 634 ejusdem
729 546 824 612 tertia
846 567 922 630 pars
946 553 1003 612 est.
1049 545 1201 612 Similiter
1230 567 1306 613 vero
1336 547 1476 612 secunda
1498 567 1591 630 pyru-

280 635 374 699 midis
397 655 472 718 pars
495 635 602 700 ACEL
625 631 755 700 secundi
784 636 962 718 prismatis,
993 639 1025 699 et
1047 635 1143 700 tertia
1164 633 1274 700 Ecnn
1304 638 1391 701 tertii
1424 637 1592 720 prismatis,

281 726 395 788 tertiae
418 730 493 788 sunt
514 731 635 807 partes:
658 731 729 789 tota
742 723 839 805 igitur
861 723 1002 808 pyramis
1025 724 1124 790 totius
1140 723 1304 789 columnae
1320 726 1416 790 tertia
1434 745 1513 808 pars
1535 729 1592 800 est,

280 817 313 877 et
333 813 412 878 haec
434 811 520 877 illius
543 833 617 896 ergo
639 812 781 898 triplum.

469 941 548 994 »Μ
827 899 947 966 Eodem
978 921 1054 966 vero
1092 899 1187 966 modo
1220 905 1253 965 et
1285 897 1403 965 MNOP
1443 901 1592 984 cylinder,

741 991 833 1074 cujus
855 989 947 1054 beses
969 989 1032 1055 MN
1058 996 1089 1054 et
1110 987 1163 1054 ΟΡ
1185 987 1367 1073 parallelae,
1391 994 1509 1072 aequat
1531 995 1594 1052 tres

737 1099 834 1142 conos
867 1077 975 1168 Muti,
1017 1079 1134 1143 vertice
1164 1075 1191 1155 Q
1224 1077 1266 1144 ad
1302 1079 1476 1161 superioris
1509 1075 1594 1154 basis

674 1184 690 1227 o
735 1163 868 1250 planum
901 1168 1137 1252 pertingentem
1174 1171 1207 1232 et
1239 1164 1371 1232 eandem
1404 1165 1496 1232 basin
1530 1166 1593 1230 MN

737 1254 901 1321 habentes.
945 1253 1182 1322 Demonstratio
1202 1255 1285 1320 enirn
1305 1254 1470 1338 analogice
1492 1255 1594 1340 appli-

737 1344 804 1408 cari
826 1344 937 1410 eadem
952 1350 1067 1428 potest,
1092 1343 1326 1429 siperperrdas,
1350 1343 1516 1424 circulum,
1541 1343 1595 1426 qui

736 1429 822 1498 basis
845 1437 894 1497 est
917 1433 1049 1516 cylindri
1071 1437 1103 1498 et
1126 1434 1209 1511 coni,
1232 1434 1265 1498 in
1287 1431 1412 1498 infinita
1433 1430 1595 1514 triangula

736 1541 775 1584 ex
798 1529 906 1587 centro
929 1519 1035 1602 diuidi,
1058 1519 1173 1604 quibus
1189 1517 1323 1586 totidem
1341 1521 1501 1605 prismata
1521 1521 1593 1586 toti·

666 1627 697 1676 Ι
735 1608 807 1675 dem
830 1629 870 1674 ue
898 1613 1009 1695 partes
1039 1609 1110 1676 coni
1145 1615 1350 1694 superstant,
1385 1609 1443 1676 illa
1473 1610 1507 1676 in
1536 1629 1594 1675 are

735 1697 816 1782 cylin
857 1697 876 1778 ',
900 1697 961 1764 hae
983 1700 1016 1764 in
1039 1719 1098 1764 axe
1120 1699 1191 1766 coni
1214 1699 1447 1766 convenientes.

785 1892 994 1960 ,Theorema
1015 1891 1054 1959 V.
1110 1897 1112 1902 '
1181 1914 1184 1924 ·

278 2010 468 2094 Supcqicies
489 2034 585 2079 curva
611 2015 681 2080 cont
707 2016 885 2099 rcetonpatt
913 2017 1062 2098 inscripti
1090 2017 1317 2098 tenisptacrio
1347 2021 1395 2082 cst
1415 2015 1593 2098 smidaplo

279 2101 395 2182 baseos,
419 2121 475 2167 scu
498 2104 610 2168 circuti
635 2105 769 2169 maximi
790 2105 826 2170 ia
846 2105 996 2186 eplmcra,
1024 2105 1162 2171 dimidia
1187 2106 1297 2173 tereos
1322 2107 1392 2172 corsi
1416 2105 1595 2190 rectcopsli

704 2215 706 2220 ’
742 2195 829 2260 circa
853 2193 1128 2276 lremisptocrium.
1189 2213 1191 2220 ’

366 2313 509 2400 Sphaera
523 2315 606 2384 BDO
625 2323 747 2384 secatur
761 2318 859 2404 plano
874 2339 933 2404 per
947 2325 1091 2388 centrum
1104 2317 1142 2400 Α,
1164 2325 1197 2386 et
1211 2319 1307 2386 sectio
1322 2319 1375 2384 BG
1390 2317 1593 2385 continuetur

950 2407 1096 2492 fiantque
1117 2408 1181 2476 duo
1203 2409 1273 2476 coni
1298 2407 1489 2490 rectanguli,
1514 2407 1593 2472 alter
1687 2449 1688 2452 =

937 2495 1032 2564 'totus
1067 2497 1155 2563 intra
1195 2497 1464 2581 hemisphaerium
1501 2495 1591 2574 BDC,
1687 2537 1688 2540 =

947 2591 1035 2672 cujus
1068 2586 1137 2652 axis
1164 2591 1252 2652 recta
1272 2585 1329 2650 ΑΙ)
1351 2607 1390 2650 err
1420 2592 1533 2651 centro
1556 2587 1591 2664 A,

946 2674 1103 2742 diametro
1127 2707 1129 2714 ·
1151 2673 1444 2760 perpendicularis,
1489 2673 1594 2756 sitque

945 2749 1594 2846 BDslbasinBGetrerticemDeundem

806 2881 811 2898 ·
946 2852 1068 2919 habens
1104 2872 1176 2918 cnm
1216 2851 1465 2935 hemisphaeri03
1511 2851 1594 2918 alter

946 2947 1035 3007 totus
1046 2947 1138 3016 extra
1147 2941 1422 3025 hemisphaerium,
1435 2939 1593 3024 stringens
1686 2949 1687 2980 l

945 3029 1028 3096 illud
1041 3029 1164 3096 mediae
1181 3051 1261 3096 suae
1282 3027 1464 3112 superficiei
1486 3029 1593 3095 lateri·

884 3127 905 3176 1
946 3119 1023 3200 bus,
1051 3139 1135 3200 quae
1157 3119 1221 3184 sint
1241 3117 1316 3211 EG„
1338 3115 1412 3198 FG,
1434 3119 1595 3200 parallelo

945 3207 1022 3292 ipsis
1045 3207 1115 3286 BD,
1139 3206 1211 3287 OD,
1242 3206 1362 3272 habens
1392 3207 1544 3272 verticem
1566 3209 1593 3273 G
1685 3265 1686 3286 ,

612 3343 617 3354 ·
949 3297 984 3363 in
997 3317 1058 3362 axe
1075 3296 1191 3381 prioris
1204 3295 1262 3364 ΑΙ)
1282 3294 1479 3374 continuato,
1503 3295 1594 3360 basin

278 3407 354 3453 vero
370 3385 423 3452 EF
441 3387 474 3453 in
489 3387 586 3472 plano
598 3389 768 3472 sphaeram
785 3391 920 3476 secpnte.
955 3385 1036 3452 Cum
1056 3385 1154 3470 igitur
1167 3384 1223 3452 ΒΑ
1243 3389 1275 3450 et
1285 3383 1341 3450 AD
1353 3385 1418 3451 sint
1429 3385 1594 3468 aequales,

279 3483 373 3542 erant
396 3477 492 3542 etiam
514 3477 569 3543 EA
591 3477 822 3542 semidiameter
842 3474 929 3540 basis
949 3475 1082 3560 majoris
1105 3479 1138 3538 et
1158 3471 1215 3537 AG
1240 3471 1378 3538 nltitudo
1407 3473 1479 3538 coni
1507 3479 1593 3538 exte

148 3611 157 3622 .
277 3565 370 3628 rioris
392 3565 550 3648 aequales.
595 3567 637 3631 Et
659 3567 735 3650 quia
756 3563 839 3629 EGF
860 3567 979 3643 recture,
1010 3563 1070 3628 erit
1094 3561 1192 3647 igitur
1214 3562 1272 3629 EG
1295 3560 1445 3646 quadrati
1473 3561 1594 3628 circulo

278 3651 511 3736 circumscripti
531 3654 629 3733 latus,
653 3673 755 3739 eoque
776 3647 921 3737 aequalis
947 3651 1103 3718 diametro
1126 3649 1189 3716 BC.
1233 3648 1298 3716 Sed
1319 3649 1373 3716 EF
1399 3650 1594 3732 quadratum

277 3740 412 3822 aequale
441 3749 488 3806 ost
517 3742 642 3808 duobus
672 3741 836 3825 quadratis
865 3739 922 3805 EG
951 3746 984 3805 et
1013 3739 1084 3820 Gr,
1117 3737 1304 3822 aequalibus
1335 3739 1494 3804 diametro
1523 3739 1593 3820 1303

277 3849 353 3910 ergo
377 3829 572 3912 quadratum
582 3833 636 3898 EF
659 3830 792 3914 duplum
803 3836 856 3895 est
878 3828 1029 3913 quadrati
1044 3827 1113 3894 Bc:
1137 3828 1272 3894 cirmrlus
1293 3827 1390 3912 igitur
1404 3827 1458 3893 EF
1475 3826 1594 3912 duplus

277 3923 327 3982 s'st
348 3918 460 3983 circuli
481 3918 543 3984 BG.
589 3919 668 3986 Dico
695 3921 791 3986 etiam
817 3917 1056 4002 superficierum
1083 3917 1267 3984 conicarum
1292 3916 1376 3980 inter
1398 3935 1433 3980 se
1455 3913 1592 4004 proporf

276 4007 396 4072 tionem
419 4027 487 4071 esse
509 4007 650 4091 duplam,
672 4014 704 4074 et
718 4007 850 4073 minoris
869 4007 998 4073 conisae
1019 4025 1137 4072 curvae
1158 4003 1335 4088 superficiei
1356 4007 1594 4089 proportionem
1683 4083 1684 4094 χ

277 4094 320 4158 ad
342 4101 457 4160 aream¹
479 4093 564 4161 basis
586 4097 637 4164 Bc
661 4118 730 4163 esse
758 4094 975 4178 semiduplam.
1021 4096 1104 4160 Nam
1125 4115 1183 4178 por
1206 4113 1261 4174 ea,
1292 4113 1374 4177 qnae
1398 4093 1488 4158 dieta
1516 4099 1593 4158 sunt
1683 4137 1684 4178 3

278 4183 390 4249 Theor.
420 4183 477 4264 11,
508 4186 730 4269 rectangnlum'
759 4184 818 4250 sub
847 4184 1078 4250 semidiametro
1109 4183 1165 4250 ΑΒ
1187 4188 1221 4248 et
1242 4181 1497 4248 circumferentia
1523 4187 1595 4247 tota
1683 4189 1684 4200 ¹

276 4271 329 4336 Bc
367 4273 500 4356 duplum
538 4282 586 4339 est
623 4295 718 4340 areae
750 4273 861 4340 circuli
893 4271 956 4338 Bc.
1011 4272 1131 4339 Eodem
1167 4293 1242 4338 vero
1271 4270 1374 4336 ‘modo
1411 4270 1592 4354 eadamque

277 4359 554 4427 demonstrationis
582 4364 612 4428 ri
641 4361 862 4446 rectangulum
891 4360 951 4426 sub
982 4367 1054 4427 tota
1082 4361 1137 4426 BD
1166 4367 1198 4428 et
1230 4367 1302 4426 tota
1334 4359 1592 4424 circumferentia

277 4448 330 4514 BG
354 4456 402 4515 est
423 4450 557 4533 duplum
579 4452 707 4516 conicae
733 4471 847 4517 curvae
865 4449 1042 4533 superficiei
1064 4449 1156 4517 BDG.
1190 4448 1297 4526 Quare
1318 4451 1355 4514 ut
1377 4449 1433 4513 AB
1455 4447 1498 4513 sd
1519 4447 1590 4527 BD,

278 4537 324 4602 sic
345 4537 526 4621 superficies
556 4539 654 4624 plena
683 4539 792 4605 circuli
819 4539 872 4605 BG
894 4539 937 4604 ad
959 4559 1088 4605 curram
1110 4539 1181 4604 coni
1202 4538 1296 4604 Boc.
1340 4535 1402 4603 Sed
1424 4538 1592 4622 proportio

277 4627 333 4691 ΑΒ
356 4625 398 4692 ad
420 4627 475 4692 BD
499 4633 547 4692 est
569 4627 753 4711 semidupla,
777 4629 853 4711 quia
868 4627 1100 4713 quadratorum
1119 4627 1284 4714 proportio
1306 4631 1355 4692 est
1377 4625 1490 4712 dupla,
1514 4645 1591 4708 ergo

279 4720 312 4779 et
333 4715 568 4800 superficierum
591 4717 747 4784 dictarum
769 4718 933 4802 proportio
956 4723 1005 4783 est
1024 4715 1211 4802 semidupla.
1257 4714 1300 4782 Et
1321 4715 1398 4800 qnia
1419 4721 1496 4782 sunt
1518 4713 1588 4780 coni
