3396 5540
236 237 300 295 408
748 231 857 296 Eclogae
886 231 1033 282 Chronica.

233 407 457 474 tantummodo
475 407 536 490 legi
555 411 725 488 operatur:
749 405 824 470 milri
842 405 1050 488 Evangelium
1069 408 1277 471 conciohatur
1296 409 1447 489 quaesitis
1463 428 1554 473 occa·
1602 477 1609 490 .

235 497 388 562 sionibus.
418 497 502 562 l'oto
523 496 583 560 boc
598 499 669 558 erat
684 493 925 576 Hierosolymis,
938 496 1086 560 cautione
1100 496 1133 559 in
1149 495 1312 562 Galilaea:
1332 496 1411 578 quid
1426 497 1556 574 mirum,

235 586 264 650 si
292 585 365 649 hinc
394 583 448 650 illo
479 605 575 668 saepe
606 583 772 647 excurrit?
813 585 897 647 Ante
927 583 960 648 id
989 585 1108 666 pascha
1138 583 1285 650 Christus
1315 591 1366 650 est
1394 585 1437 650 ad
1468 607 1558 650 marc

235 673 423 758 'tyberiadis
444 672 542 755 inque
565 671 746 735 civitatibus
769 671 934 736 Galilaeae
958 672 1043 754 (doh.
1068 671 1129 752 6.),
1152 674 1314 756 etiamque
1340 679 1415 758 post
1437 673 1558 758 pascha

236 763 322 838 (lob.
346 759 402 844 7.).
440 761 526 840 Quid
547 761 648 842 igitur
669 759 812 843 impedit,
835 780 884 838 ea,
907 781 990 844 quae
1013 767 1088 825 sunt
1112 761 1227 826 Matth
1248 766 1297 842 12,
1319 768 1411 842 gesta
1432 783 1504 828 esse
1524 763 1555 826 in

237 851 385 918 Galilaea
407 850 516 915 eodem
544 849 721 933 paschate?
755 849 895 913 Maxime
922 871 996 914 cum
1019 850 1151 932 (Matth.
1178 855 1229 915 13.
1251 872 1279 914 ι.
1305 855 1357 930 36,
1382 851 1438 929 53)
1462 853 1506 914 ιιι
1528 851 1560 914 ιιι

237 941 384 1008 Galilaea
405 940 449 1004 ad
464 959 553 1003 mare
568 937 756 1022 Tyberiadis
770 939 803 1003 in
817 939 926 1022 patria
947 959 1019 1003 sua.
1051 939 1134 1017 Quid
1156 939 1232 1003 item
1253 939 1386 1024 impedit
1400 940 1560 1004 loannem

237 1029 388 1095 decollari
403 1035 477 1112 post
491 1025 611 1111 pascha
625 1026 754 1092 Juliano
767 1033 818 1092 75.
835 1030 868 1089 et
880 1025 1042 1094 Christum
1057 1023 1188 1092 latitare
1202 1027 1236 1092 in
1251 1027 1379 1093 deserto
1395 1029 1562 1093 Galilaeae

239 1117 588 1196 (Matth.‚14.,Marc.
614 1118 644 1194 6,
669 1121 721 1194 t),
756 1119 889 1200 ejusque
917 1116 1085 1200 periodum
1115 1137 1240 1181 onmem
1270 1137 1339 1181 esse
1369 1137 1429 1200 per
1461 1116 1559 1182 urbes

237 1207 401 1272 Galilaeae
418 1205 562 1282 Corazin,
584 1203 768 1283 Bethsaida,
792 1203 1006 1304 capernaum,
1028 1205 1158 1288 Tyrum,
1181 1205 1339 1286 Sidonem,
1363 1207 1559 1270 Caesaream

237 1295 380 1447 Plffippll
405 1301 482 1375 et.,c
521 1291 695 1396 usquead
724 1295 963 1392 scenopegiam,
999 1295 1128 1376 quando
1164 1295 1306 1358 excurrit
1335 1293 1562 1378 lliemsolyma

238 1386 380 1466 (tonat
385 1384 430 1464 ,l‘t
418 1384 538 1448 tStat
530 1403 573 1446 rm
595 1389 668 1483 post
690 1381 842 1445 encaenia
860 1381 1036 1446 Salomonis
1059 1381 1106 1456 (in
1128 1382 1246 1465 quibus
1268 1388 1340 1446 erat
1361 1405 1426 1447 non
1449 1383 1558 1463 hiems,

237 1471 294 1537 sed
316 1457 426 1557 pluria
446 1469 598 1573 [χιιμωιι
626 1471 671 1534 sic
693 1475 730 1534 ut
716 1469 896 1534 tChn'stus
926 1491 961 1536 se
984 1472 1142 1555 reciperet
1170 1471 1232 1535 sub
1262 1477 1383 1536 tectum
1414 1435 1561 1572 porticui

237 1561 460 1642 Salomonis)
452 1583 486 1624 ιιι
508 1559 687 1625 Galilaeam
710 1557 805 1622 rediit
791 1558 933 1640 t(.Joan
952 1563 1003 1640 10,
1025 1583 1053 1626 ι.
1078 1565 1131 1640 39,
1147 1565 1303 1634 dolante
1324 1559 1422 1624 finem
1444 1561 1562 1626 mensis

237 1650 369 1717 'rara'
360 1655 541 1732 iterumque
563 1647 705 1713 excurrit
725 1647 871 1732 proxime
894 1647 1169 1732 Hierosolymam
1188 1647 1378 1714 Bethaniam
1401 1647 1490 1730 (Joh.
1509 1653 1560 1728 11,

238 1761 265 1802 ι.
294 1744 360 1820 17),
388 1739 572 1822 iterumque
599 1737 633 1800 in
660 1735 838 1802 Galilaeam
864 1741 922 1802 ant
950 1737 1158 1802 Trachonitin
1191 1759 1227 1802 se
1253 1737 1405 1802 subduxit
1435 1738 1478 1819 (ι.
1505 1744 1560 1816 54)

237 1826 336 1910 idque
366 1847 475 1892 mense
504 1825 641 1891 fortasse
671 1823 851 1890 Decembri.
901 1825 1010 1892 Donec
1038 1826 1167 1890 ιιιιιιιιι
1198 1827 1312 1892 ultimo
1340 1827 1374 1890 in
1403 1825 1563 1892 Judaeam

238 1917 368 1998 longam
397 1921 431 1980 et
452 1915 627 1980 flexuosam
657 1913 946 1998 peregrinationem
975 1915 1117 1998 suscepit
1139 1915 1269 1997 (Matth.
1291 1919 1356 1994 ¹19,
1379 1915 1486 1979 Marc.
1513 1919 1562 1996 10,

240 2005 318 2070 Luc.
342 2009 371 2086 9,
396 2026 424 2069 ι.
442 2003 508 2083 51),
532 2002 619 2088 quod
640 2002 747 2086 potuit
768 2001 837 2066 fieri
858 2023 967 2066 mense
988 2003 1162 2074 Januario:
1185 2008 1279 2067 etex
1302 2024 1339 2068 eo
1362 2009 1509 2088 tempore
1529 2003 1562 2066 in

239 2094 368 2160 ludaea
393 2099 602 2159 conversatus
629 2096 678 2154 est
705 2111 808 2173 usque
834 2090 876 2170 ad
903 2091 1024 2175 pascha
1050 2112 1189 2175 sequens
1215 2091 1345 2162 Juliano
1369 2095 1426 2172 to,
1449 2099 1510 2158 aut
1531 2093 1562 2156 in

240 2181 383 2248 confiniis
405 2182 548 2248 Judaeae
571 2186 603 2245 et
627 2177 793 2246 Galilaeae
817 2179 907 2261 (Luc.
935 2184 984 2245 17.
1007 2203 1036 2246 ι.
1063 2183 1133 2261 12),
1155 2187 1192 2245 ut
1208 2181 1346 2264 plurima
1360 2179 1433 2245 loca
1446 2180 1562 2245 obiret.

241 2271 298 2336 Hie
320 2271 368 2336 ita
389 2271 582 2336 habentibus
605 2289 661 2350 ego
683 2289 748 2331 non
770 2267 869 2344 virleo,
894 2269 980 2350 quod
1004 2271 1124 2352 pascha
1146 2276 1392 2335 commemorent
1402 2271 1560 2352 ‘Evange-

239 2359 335 2425 listae
358 2361 458 2424 ceteri
479 2359 639 2423 diversum
661 2376 682 2420 a
704 2356 865 2439 paschatis
887 2357 1043 2422 lobannis
1064 2363 1126 2423 etc.

321 2453 502 2507 Calvisius
533 2450 622 2522 (Epist.
651 2453 721 2518 XI.):
752 2451 829 2512 Quod
846 2450 872 2504 in
888 2450 1003 2504 historia
1017 2451 1179 2520 paschatum
1195 2451 1245 2507 tibi
1260 2453 1438 2514 nonaceedo,
1458 2451 1564 2505 faciunt
1660 2487 1662 2490 -
1687 2409 1688 2412 =

240 2534 448 2604 Evangelistae,
469 2529 515 2604 qni
534 2531 585 2585 tibi
606 2537 701 2600 aperta
722 2527 909 2600 refragantur.
949 2531 1019 2584 barn
1040 2531 1113 2597 (Joh
1134 2527 1173 2593 4.)
1194 2532 1317 2584 Christus
1336 2531 1562 2602 postconjectum

241 2615 394 2668 iohannem
425 2613 452 2666 in
484 2628 624 2665 carcerem
653 2609 712 2662 abit
742 2610 769 2662 in
795 2609 947 2663 Galilaeam
979 2619 1099 2680 quatuor
1124 2612 1261 2666 mensibus
1287 2619 1352 2665 ante
1376 2627 1507 2673 messem,
1538 2611 1563 2662 in

241 2693 386 2748 Decembri
407 2692 535 2746 videlicet
554 2692 611 2744 sire
631 2697 749 2761 quatuor
767 2690 903 2743 mensibus
925 2691 982 2743 tere
1003 2697 1068 2743 ante
1088 2692 1201 2759 pascha
1227 2691 1323 2746 Messis
1338 2691 1410 2746 enirn
1425 2707 1563 2761 nunquam

242 2781 307 2826 ιιιιιι
328 2772 432 2844 pascha
452 2771 504 2824 fuit
529 2778 601 2824 teste
626 2769 754 2838 Josepho.
795 2770 879 2823 Nulla
899 2776 991 2822 autem
1010 2773 1085 2840 ιιιριη
1103 2777 1196 2839 potest
1216 2789 1276 2824 esso
1296 2775 1315 2826 4
1335 2771 1474 2824 marathus
1497 2779 1563 2822 ante

242 2869 363 2915 messem,
385 2867 445 2905 cum
465 2853 518 2904 hac
538 2869 604 2902 voce
620 2850 675 2903 tria
689 2851 969 2903 tantumJudaeorum
986 2850 1148 2944 principalia
1162 2851 1235 2903 festa
1248 2849 1426 2910 nominentur
1450 2851 1563 2919 pascha,

241 2939 400 3025 pentecoste
427 2939 455 2986 et
481 2931 654 3000 scenopegia.
695 2930 879 2998 Quodcunque
910 2935 1001 2982 ιιιιιιιι
1022 2929 1081 2997 jam
1109 2929 1160 2992 sit,
1187 2930 1340 2986 ostenditur
1365 2929 1406 2982 id
1412 2929 1499 2982 fuisse
1518 2929 1563 2982 rel

243 3011 269 3065 ιιι
295 3029 382 3066 messe
408 3013 452 3064 rel
478 3017 540 3082 post
566 3027 679 3062 nressem
706 3008 770 3060 anni
790 3008 892 3062 Juliani
916 3011 961 3065 75.
988 3017 1071 3078 atque
1093 3010 1132 3063 ita
1152 3011 1257 3094 pascha
1277 3010 1423 3062 secundum
1444 3009 1564 3062 habetur

193 3149 197 3158 ,
243 3100 347 3161 aperte.
387 3094 431 3145 De
457 3090 594 3144 encaeniis
619 3087 780 3158 suspicaris,
809 3091 856 3142 sed
884 3087 989 3142 etiamsi
1016 3089 1081 3141 tibi·
1092 3090 1143 3142 hoc
1169 3092 1357 3151 concederem,
1383 3095 1477 3142 tamen
1504 3105 1564 3140 curu

242 3171 366 3225 Christus
393 3178 510 3241 quatuor
539 3169 676 3223 mensibus
703 3174 768 3221 ante
795 3169 899 3237 pascha
925 3169 1058 3222 abierit
1051 3186 1077 3222 m
1104 3169 1272 3231 Galilaeam,
1302 3169 1371 3222 abiit
1398 3175 1476 3223 certo
1503 3174 1564 3238 post

242 3251 381 3312 encaenia,
402 3267 473 3321 quae
493 3250 611 3320 quinque
632 3248 767 3302 mensibus
788 3247 880 3301 solidis
901 3263 919 3300 a
939 3265 1026 3301 messe
1047 3249 1156 3304 distant.
1198 3249 1228 3303 si
1248 3265 1313 3302 reru
1333 3255 1416 3317 putas
1438 3247 1563 3318 sequenti

242 3349 323 3394 anno,
339 3331 399 3399 jam
420 3331 574 3383 concessisti
596 3330 741 3381 secundum
761 3329 867 3396 pascha
887 3343 957 3382 anno
980 3329 1025 3383 75.
1066 3329 1137 3382 b'am
1157 3329 1226 3382 haec
1247 3327 1363 3382 historia
1382 3334 1448 3397 post
1469 3330 1564 3381 eadem

242 3411 375 3464 encaenia
396 3410 502 3476 (Joban
526 3411 555 3472 8)
577 3409 710 3462 removeri
730 3425 783 3462 non
803 3415 901 3476 potest
1043 3415 1045 3422 ’
1194 3419 1196 3424 ’

320 3491 419 3548 Altera
439 3488 633 3544 demonstratio
655 3496 697 3541 est
717 3505 753 3541 ex
775 3488 897 3548 historia,
919 3489 1026 3560 quando
1047 3489 1128 3541 Jesus
1149 3487 1198 3554 ivit
1217 3504 1268 3558 per
1288 3486 1460 3556 aristasjam
1475 3493 1562 3540 matu·

242 3588 302 3632 ras,
338 3587 409 3640 quae
441 3570 547 3639 quidem
577 3568 693 3622 historia
716 3584 735 3620 a
758 3564 903 3620 Mattlraee
932 3567 1023 3621 multis
1056 3567 1117 3621 aliis
1148 3569 1230 3622 rebus
1262 3567 1350 3638 gestis
1382 3567 1563 3636 postponitur.

242 3653 311 3706 Nam
338 3665 356 3702 a
381 3651 474 3704 Marco
501 3656 530 3702 et
555 3649 632 3702 Luca
658 3648 698 3700 ita
724 3647 886 3701 describitur
911 3653 1059 3718 tantaeque
1085 3665 1130 3702 res
1155 3649 1190 3702 ab
1211 3649 1264 3705 hac
1284 3647 1400 3701 historia
1421 3663 1508 3718 nsque
1529 3648 1563 3700 ad

242 3729 401 3784 miraculum
432 3731 466 3782 de
496 3728 615 3800 quinque
645 3727 761 3797 panibus
792 3728 961 3789 referuntur,
991 3727 1087 3798 quibus
1118 3729 1154 3781 ad
1179 3727 1313 3783 minimum
1341 3727 1451 3796 integer
1479 3743 1564 3780 annus

151 3814 155 3820 '
232 3809 378 3878 competit.
419 3808 472 3862 Sed
504 3815 609 3870 tamen,
642 3807 748 3862 etiamsi
775 3806 846 3860 hanc
872 3806 1013 3860 historiam
1039 3807 1199 3862 Matthaeus
1224 3825 1273 3860 suo
1300 3808 1359 3861 loco
1385 3812 1414 3859 et
1439 3813 1564 3875 ternpore

242 3889 436 3959 descripsisset,
462 3895 553 3942 taanen
580 3888 662 3941 etiam
689 3903 725 3940 ex
752 3885 872 3956 ejusdem
897 3887 1033 3940 Matthaei
1061 3887 1195 3941 relatione
1221 3886 1392 3941 manifestum
1414 3893 1467 3948 est,
1494 3887 1563 3938 hanc

241 3970 382 4023 historiam
408 3971 442 4021 de
468 3969 548 4059 spicis
574 3967 688 4034 maturis
715 3967 898 4034 praecessisse
923 3965 1082 4020 miraculum
1109 3966 1144 4020 de
1170 3967 1289 4038 quinque
1314 3966 1432 4035 panibus
1454 3965 1563 4034 integro

241 4065 321 4103 anno.
361 4049 422 4102 Non
449 4048 520 4101 eninr
545 4054 668 4102 secutum
688 4053 731 4100 est
750 4046 802 4100 hoc
822 4047 989 4108 miraculum,
1010 4048 1057 4099 sed
1078 4047 1236 4115 praecessit
1277 4046 1345 4100 Cum
1365 4052 1461 4099 autem
1481 4045 1563 4098 mira-

241 4131 330 4182 culum
351 4131 385 4180 ιιι
401 4127 519 4198 quinque
537 4128 655 4219 panibus
675 4129 812 4188 ederetur,
833 4128 950 4181 nondum
969 4127 1074 4195 pascha
1094 4133 1156 4180 erat
1170 4141 1221 4180 neo
1237 4127 1330 4195 spicae
1345 4132 1564 4188 maternarum

241 4215 306 4262 aute
333 4209 439 4276 paseha
463 4207 558 4261 nressis
583 4225 643 4262 esse
668 4223 720 4260 non
745 4207 839 4276 possit.
879 4207 1044 4268 Praeterea,
1071 4205 1093 4258 si
1120 4206 1217 4276 fruges
1237 4212 1295 4262 turn
1320 4195 1455 4274 temporis
1474 4211 1563 4258 mtu-

241 4288 367 4350 ruissent,
387 4287 517 4341 miraculo
538 4287 676 4356 hocopus
697 4304 750 4340 non
770 4285 874 4340 fuisset.
915 4284 944 4340 Si
963 4286 1033 4340 enim
1048 4285 1172 4354 discipuli
1186 4287 1286 4342 ranem
1300 4288 1399 4339 sedare
1414 4291 1565 4354 potueruut

240 4367 365 4422 comestis
391 4362 491 4430 aristis,
518 4383 567 4420 cur
592 4383 644 4420 nou
671 4373 699 4418 et
725 4365 782 4423 alia
807 4365 892 4434 plebs,
920 4383 991 4436 quae
1011 4365 1138 4434 J'ubetur‘
1155 4367 1190 4420 ab
1217 4365 1382 4434 apostolis
1375 4380 1416 4420 ire
1443 4365 1472 4419 in
1493 4366 1564 4418 ricos

241 4449 276 4502 ad
297 4449 434 4517 parandos
454 4453 556 4516 panes?
597 4447 625 4499 Si
648 4445 732 4518 igitur
754 4447 848 4498 eodem
869 4463 934 4498 vere
955 4445 1024 4498 haec
1044 4445 1102 4498 lieri
1124 4464 1177 4501 ιιοιι
1196 4452 1354 4515 potueruut,
1376 4461 1445 4516 ergo
1461 4445 1563 4498 distant

241 4527 349 4594 integro
376 4543 454 4579 anno.
497 4525 662 4596 Quocunque
684 4525 769 4595 igitur
789 4531 817 4577 te
838 4532 939 4586 vertas,
962 4543 1033 4578 nece
1030 4543 1072 4577 se
1093 4533 1133 4577 aa
1157 4534 1186 4579 ut
1208 4533 1325 4597 quatuor
1343 4525 1482 4595 paschata
1502 4541 1562 4576 cun-

241 4607 330 4658 cedas.
373 4605 400 4658 Si
432 4613 549 4674 quatuor
578 4605 725 4675 paschata.
756 4621 824 4698 erpo
856 4605 978 4657 t'hristus
1011 4623 1062 4658 non
1092 4621 1190 4674 pasus
1216 4612 1257 4659 est
1283 4622 1352 4659 atino
1379 4605 1491 4658 iuliano
1518 4606 1561 4657 76.

241 4685 373 4740 Accedit
379 4691 407 4736 et
428 4687 486 4748 hoc,
513 4689 619 4755 quoda
604 4693 691 4738 nrotus
714 4685 816 4736 lnn
783 4703 808 4736 ιι
830 4703 881 4737 non
903 4685 1026 4739 convenit
1048 4692 1108 4768 post
1129 4687 1242 4753 peste-ha,
1271 4687 1346 4756 quod
1364 4694 1461 4754 aperte
1484 4701 1560 4736 roca·

241 4765 334 4818 bulum
354 4785 399 4819 roa
418 4770 506 4820 dewi
493 4777 654 4834 ιιισιι,ι,ιαιιιι
649 4765 747 4820 ιιιιιιι
743 4773 779 4818 ιι
