<?xml version="1.0" encoding="UTF-8"?>
<!DOCTYPE html PUBLIC "-//W3C//DTD XHTML 1.0 Transitional//EN"
    "http://www.w3.org/TR/xhtml1/DTD/xhtml1-transitional.dtd">
<html xmlns="http://www.w3.org/1999/xhtml" xml:lang="en" lang="en">
 <head>
  <title>
</title>
<meta http-equiv="Content-Type" content="text/html;charset=utf-8" />
  <meta name='ocr-system' content='tesseract 3.04.00' />
  <meta name='ocr-capabilities' content='ocr_page ocr_carea ocr_par ocr_line ocrx_word'/>
</head>
<body>
  <div class='ocr_page' id='page_1' title='image "./joanniskepleria00unkngoog_0167.png"; bbox 0 0 3412 5538; ppageno 0'>
   <div class='ocr_carea' id='block_1_1' title="bbox 224 273 1087 361">
    <p class='ocr_par' dir='ltr' id='par_1_1' title="bbox 224 273 1087 361">
     <span class='ocr_line' id='line_1_1' title="bbox 224 273 1087 361; baseline 0.003 -20"><span class='ocrx_word' id='word_1_1' title='bbox 224 273 287 342; x_wconf 80' lang='grc'><strong>148</strong></span> <span class='ocrx_word' id='word_1_2' title='bbox 499 293 503 300; x_wconf 78' lang='grc'><strong>“</strong></span> <span class='ocrx_word' id='word_1_3' title='bbox 693 289 1087 361; x_wconf 69' lang='lat' dir='ltr'><strong>Koplaristucrachrinabnim.</strong></span> 
     </span>
    </p>
   </div>
   <div class='ocr_carea' id='block_1_2' title="bbox 168 435 1584 1881">
    <p class='ocr_par' dir='ltr' id='par_1_2' title="bbox 168 435 1584 608">
     <span class='ocr_line' id='line_1_2' title="bbox 221 435 1584 520; baseline -0.001 -20"><span class='ocrx_word' id='word_1_4' title='bbox 221 436 377 514; x_wconf 69' lang='lat' dir='ltr'><strong>mitatem,</strong></span> <span class='ocrx_word' id='word_1_5' title='bbox 392 444 555 520; x_wconf 85' lang='lat' dir='ltr'><strong>autequam</strong></span> <span class='ocrx_word' id='word_1_6' title='bbox 569 435 670 498; x_wconf 84' lang='lat' dir='ltr'><strong>illaad</strong></span> <span class='ocrx_word' id='word_1_7' title='bbox 679 455 765 499; x_wconf 85' lang='lat' dir='ltr'><strong>snum</strong></span> <span class='ocrx_word' id='word_1_8' title='bbox 773 437 857 500; x_wconf 90' lang='lat' dir='ltr'><strong>illum</strong></span> <span class='ocrx_word' id='word_1_9' title='bbox 866 438 1058 502; x_wconf 86' lang='lat' dir='ltr'><strong>honorarium</strong></span> <span class='ocrx_word' id='word_1_10' title='bbox 1066 443 1227 520; x_wconf 87' lang='lat' dir='ltr'><strong>parentem</strong></span> <span class='ocrx_word' id='word_1_11' title='bbox 1234 437 1256 502; x_wconf 87' lang='lat' dir='ltr'><strong>J</strong></span> <span class='ocrx_word' id='word_1_12' title='bbox 1256 455 1344 500; x_wconf 89' lang='lat' dir='ltr'><strong>ovem</strong></span> <span class='ocrx_word' id='word_1_13' title='bbox 1352 435 1584 500; x_wconf 77' lang='lat' dir='ltr'><strong>Hammonium</strong></span> 
     </span>
     <span class='ocr_line' id='line_1_3' title="bbox 168 527 941 608; baseline 0.001 -19"><span class='ocrx_word' id='word_1_14' title='bbox 168 540 173 562; x_wconf 83' lang='lat'>¹</span> <span class='ocrx_word' id='word_1_15' title='bbox 220 527 432 608; x_wconf 81' lang='lat' dir='ltr'>peregrinatus</span> <span class='ocrx_word' id='word_1_16' title='bbox 449 527 487 590; x_wconf 94' lang='lat' dir='ltr'><strong>ab</strong></span> <span class='ocrx_word' id='word_1_17' title='bbox 503 545 538 588; x_wconf 90' lang='lat' dir='ltr'><strong>eo</strong></span> <span class='ocrx_word' id='word_1_18' title='bbox 554 544 666 588; x_wconf 88' lang='lat' dir='ltr'><strong>cornua</strong></span> <span class='ocrx_word' id='word_1_19' title='bbox 681 533 765 589; x_wconf 88' lang='lat' dir='ltr'><strong>esset</strong></span> <span class='ocrx_word' id='word_1_20' title='bbox 778 535 941 590; x_wconf 89' lang='lat' dir='ltr'><strong>mutuatus.</strong></span> 
     </span>
    </p>

    <p class='ocr_par' dir='ltr' id='par_1_3' title="bbox 219 594 1567 1234">
     <span class='ocr_line' id='line_1_4' title="bbox 309 594 1566 699; baseline -0.002 -19"><span class='ocrx_word' id='word_1_21' title='bbox 309 617 394 680; x_wconf 87' lang='lat' dir='ltr'><strong>Nota</strong></span> <span class='ocrx_word' id='word_1_22' title='bbox 409 617 510 690; x_wconf 87' lang='lat' dir='ltr'><strong>etiam,</strong></span> <span class='ocrx_word' id='word_1_23' title='bbox 525 614 604 696; x_wconf 90' lang='lat' dir='ltr'><strong>quod</strong></span> <span class='ocrx_word' id='word_1_24' title='bbox 617 615 807 692; x_wconf 88' lang='lat' dir='ltr'><strong>Alexander,</strong></span> <span class='ocrx_word' id='word_1_25' title='bbox 828 617 849 680; x_wconf 94' lang='lat' dir='ltr'><strong>J</strong></span> <span class='ocrx_word' id='word_1_26' title='bbox 850 619 963 698; x_wconf 84' lang='lat' dir='ltr'><strong>osepho</strong></span> <span class='ocrx_word' id='word_1_27' title='bbox 980 624 1118 692; x_wconf 89' lang='lat' dir='ltr'><strong>auctore,</strong></span> <span class='ocrx_word' id='word_1_28' title='bbox 1140 617 1309 699; x_wconf 79' lang='lat' dir='ltr'><strong>inspexerit</strong></span> <span class='ocrx_word' id='word_1_29' title='bbox 1322 594 1485 680; x_wconf 84' lang='lat' dir='ltr'><strong>Danielem</strong></span> <span class='ocrx_word' id='word_1_30' title='bbox 1500 633 1566 678; x_wconf 92' lang='lat' dir='ltr'><strong>cum</strong></span> 
     </span>
     <span class='ocr_line' id='line_1_5' title="bbox 220 701 1567 810; baseline -0.001 -42"><span class='ocrx_word' id='word_1_31' title='bbox 220 705 427 786; x_wconf 87' lang='lat' dir='ltr'><strong>Jerosolymas</strong></span> <span class='ocrx_word' id='word_1_32' title='bbox 444 705 550 780; x_wconf 80' lang='lat' dir='ltr'><strong>adiret,</strong></span> <span class='ocrx_word' id='word_1_33' title='bbox 564 701 663 766; x_wconf 88' lang='lat' dir='ltr'><strong>indice</strong></span> <span class='ocrx_word' id='word_1_34' title='bbox 677 704 808 781; x_wconf 85' lang='lat' dir='ltr'><strong>Jaddna,</strong></span> <span class='ocrx_word' id='word_1_35' title='bbox 823 725 880 787; x_wconf 91' lang='lat' dir='ltr'><strong>qno</strong></span> <span class='ocrx_word' id='word_1_36' title='bbox 895 707 927 769; x_wconf 94' lang='lat' dir='ltr'><strong>in</strong></span> <span class='ocrx_word' id='word_1_37' title='bbox 941 707 1092 810; x_wconf 84' lang='lat' dir='ltr'><strong>propheta</strong></span> <span class='ocrx_word' id='word_1_38' title='bbox 1103 707 1281 772; x_wconf 72' lang='lat' dir='ltr'><strong>Alexander</strong></span> <span class='ocrx_word' id='word_1_39' title='bbox 1300 707 1355 770; x_wconf 85' lang='lat' dir='ltr'><strong>sub</strong></span> <span class='ocrx_word' id='word_1_40' title='bbox 1371 706 1475 787; x_wconf 86' lang='lat' dir='ltr'><strong>specie</strong></span> <span class='ocrx_word' id='word_1_41' title='bbox 1491 703 1567 770; x_wconf 87' lang='lat' dir='ltr'><strong>hirci</strong></span> 
     </span>
     <span class='ocr_line' id='line_1_6' title="bbox 221 781 1567 877; baseline 0 -21"><span class='ocrx_word' id='word_1_42' title='bbox 221 794 429 876; x_wconf 77' lang='lat' dir='ltr'><strong>quadricornis</strong></span> <span class='ocrx_word' id='word_1_43' title='bbox 443 781 673 875; x_wconf 77' lang='lat' dir='ltr'><strong>praefiguratur.</strong></span> <span class='ocrx_word' id='word_1_44' title='bbox 702 794 753 858; x_wconf 86' lang='lat' dir='ltr'><strong>An</strong></span> <span class='ocrx_word' id='word_1_45' title='bbox 768 796 838 858; x_wconf 88' lang='lat' dir='ltr'><strong>hinc</strong></span> <span class='ocrx_word' id='word_1_46' title='bbox 853 796 903 860; x_wconf 90' lang='lat' dir='ltr'><strong>ille</strong></span> <span class='ocrx_word' id='word_1_47' title='bbox 921 796 978 859; x_wconf 89' lang='lat' dir='ltr'><strong>sibi</strong></span> <span class='ocrx_word' id='word_1_48' title='bbox 992 797 1120 877; x_wconf 89' lang='lat' dir='ltr'><strong>primum</strong></span> <span class='ocrx_word' id='word_1_49' title='bbox 1134 797 1165 859; x_wconf 92' lang='lat' dir='ltr'><strong>in</strong></span> <span class='ocrx_word' id='word_1_50' title='bbox 1181 797 1320 871; x_wconf 82' lang='grc' dir='ltr'>ιιιιιιιιι,</span> <span class='ocrx_word' id='word_1_51' title='bbox 1334 803 1411 877; x_wconf 89' lang='lat' dir='ltr'><strong>post</strong></span> <span class='ocrx_word' id='word_1_52' title='bbox 1427 795 1524 857; x_wconf 88' lang='lat' dir='ltr'><strong>etiam</strong></span> <span class='ocrx_word' id='word_1_53' title='bbox 1536 793 1567 856; x_wconf 92' lang='lat' dir='ltr'><strong>in</strong></span> 
     </span>
     <span class='ocr_line' id='line_1_7' title="bbox 220 882 1566 966; baseline 0 -20"><span class='ocrx_word' id='word_1_54' title='bbox 220 901 356 946; x_wconf 88' lang='lat' dir='ltr'><strong>nummos</strong></span> <span class='ocrx_word' id='word_1_55' title='bbox 372 903 484 946; x_wconf 90' lang='lat' dir='ltr'><strong>cornua</strong></span> <span class='ocrx_word' id='word_1_56' title='bbox 499 882 660 945; x_wconf 75' lang='lat' dir='ltr'><strong>sumserit?</strong></span> <span class='ocrx_word' id='word_1_57' title='bbox 689 884 770 947; x_wconf 91' lang='lat' dir='ltr'><strong>Nam</strong></span> <span class='ocrx_word' id='word_1_58' title='bbox 789 884 839 966; x_wconf 89' lang='lat' dir='ltr'><strong>qui</strong></span> <span class='ocrx_word' id='word_1_59' title='bbox 854 885 934 947; x_wconf 87' lang='lat' dir='ltr'><strong>tanti</strong></span> <span class='ocrx_word' id='word_1_60' title='bbox 949 885 1023 948; x_wconf 84' lang='lat' dir='ltr'><strong>fecit</strong></span> <span class='ocrx_word' id='word_1_61' title='bbox 1037 885 1215 952; x_wconf 80' lang='lat' dir='ltr'><strong>Hammonis</strong></span> <span class='ocrx_word' id='word_1_62' title='bbox 1232 886 1399 960; x_wconf 92' lang='lat' dir='ltr'><strong>oraculum,</strong></span> <span class='ocrx_word' id='word_1_63' title='bbox 1421 903 1476 947; x_wconf 91' lang='lat' dir='ltr'><strong>cur</strong></span> <span class='ocrx_word' id='word_1_64' title='bbox 1491 903 1566 946; x_wconf 89' lang='lat' dir='ltr'><strong>con·</strong></span> 
     </span>
     <span class='ocr_line' id='line_1_8' title="bbox 220 970 1566 1062; baseline -0.001 -26"><span class='ocrx_word' id='word_1_65' title='bbox 220 973 360 1036; x_wconf 88' lang='lat' dir='ltr'><strong>temserit</strong></span> <span class='ocrx_word' id='word_1_66' title='bbox 374 972 473 1034; x_wconf 93' lang='lat' dir='ltr'><strong>Deum</strong></span> <span class='ocrx_word' id='word_1_67' title='bbox 487 971 622 1048; x_wconf 79' lang='lat' dir='ltr'><strong>Israelis,</strong></span> <span class='ocrx_word' id='word_1_68' title='bbox 644 993 705 1036; x_wconf 93' lang='lat' dir='ltr'><strong>non</strong></span> <span class='ocrx_word' id='word_1_69' title='bbox 719 974 816 1036; x_wconf 91' lang='lat' dir='ltr'><strong>minus</strong></span> <span class='ocrx_word' id='word_1_70' title='bbox 833 974 932 1037; x_wconf 85' lang='lat' dir='ltr'><strong>felicia</strong></span> <span class='ocrx_word' id='word_1_71' title='bbox 946 975 990 1038; x_wconf 93' lang='lat' dir='ltr'><strong>illi</strong></span> <span class='ocrx_word' id='word_1_72' title='bbox 1004 975 1240 1056; x_wconf 78' lang='lat' dir='ltr'><strong>praedicentem,</strong></span> <span class='ocrx_word' id='word_1_73' title='bbox 1262 994 1352 1062; x_wconf 91' lang='lat' dir='ltr'><strong>quam</strong></span> <span class='ocrx_word' id='word_1_74' title='bbox 1365 970 1566 1037; x_wconf 76' lang='lat' dir='ltr'><strong>Hammonius</strong></span> 
     </span>
     <span class='ocr_line' id='line_1_9' title="bbox 219 1059 1567 1145; baseline 0 -20"><span class='ocrx_word' id='word_1_75' title='bbox 219 1061 436 1144; x_wconf 79' lang='lat' dir='ltr'><strong>praedeerat?</strong></span> <span class='ocrx_word' id='word_1_76' title='bbox 472 1061 515 1123; x_wconf 86' lang='lat' dir='ltr'><strong>Et</strong></span> <span class='ocrx_word' id='word_1_77' title='bbox 530 1059 640 1143; x_wconf 92' lang='lat' dir='ltr'><strong>quid</strong></span> <span class='ocrx_word' id='word_1_78' title='bbox 616 1082 642 1123; x_wconf 86' lang='grc' dir='ltr'><strong>ιι</strong></span> <span class='ocrx_word' id='word_1_79' title='bbox 656 1062 808 1145; x_wconf 90' lang='lat' dir='ltr'><strong>principes</strong></span> <span class='ocrx_word' id='word_1_80' title='bbox 823 1063 883 1144; x_wconf 88' lang='lat' dir='ltr'><strong>ipsr</strong></span> <span class='ocrx_word' id='word_1_81' title='bbox 875 1063 1114 1127; x_wconf 90' lang='lat' dir='ltr'><strong>&#39;intellexerunt</strong></span> <span class='ocrx_word' id='word_1_82' title='bbox 1129 1084 1167 1128; x_wconf 88' lang='lat' dir='ltr'><strong>ex</strong></span> <span class='ocrx_word' id='word_1_83' title='bbox 1182 1065 1240 1128; x_wconf 92' lang='lat' dir='ltr'><strong>hoc</strong></span> <span class='ocrx_word' id='word_1_84' title='bbox 1256 1064 1394 1140; x_wconf 91' lang='lat' dir='ltr'><strong>oraculo,</strong></span> <span class='ocrx_word' id='word_1_85' title='bbox 1416 1064 1474 1127; x_wconf 92' lang='lat' dir='ltr'><strong>sub</strong></span> <span class='ocrx_word' id='word_1_86' title='bbox 1497 1069 1567 1126; x_wconf 83' lang='lat' dir='ltr'><strong>cot·</strong></span> 
     </span>
     <span class='ocr_line' id='line_1_10' title="bbox 219 1149 1218 1234; baseline 0 -18"><span class='ocrx_word' id='word_1_87' title='bbox 219 1170 312 1216; x_wconf 89' lang='lat' dir='ltr'><strong>uuum</strong></span> <span class='ocrx_word' id='word_1_88' title='bbox 326 1149 517 1214; x_wconf 91' lang='lat' dir='ltr'><strong>multitudine</strong></span> <span class='ocrx_word' id='word_1_89' title='bbox 534 1170 566 1214; x_wconf 92' lang='lat' dir='ltr'><strong>se</strong></span> <span class='ocrx_word' id='word_1_90' title='bbox 583 1170 775 1214; x_wconf 89' lang='lat' dir='ltr'><strong>successores</strong></span> <span class='ocrx_word' id='word_1_91' title='bbox 791 1152 988 1234; x_wconf 85' lang='lat' dir='ltr'><strong>praefigurari</strong></span> <span class='ocrx_word' id='word_1_92' title='bbox 1005 1161 1036 1215; x_wconf 91' lang='lat' dir='ltr'><strong>et</strong></span> <span class='ocrx_word' id='word_1_93' title='bbox 1052 1153 1218 1218; x_wconf 85' lang='lat' dir='ltr'><strong>destinari?</strong></span> 
     </span>
    </p>

    <p class='ocr_par' dir='ltr' id='par_1_4' title="bbox 218 1235 1567 1860">
     <span class='ocr_line' id='line_1_11' title="bbox 308 1235 1567 1324; baseline 0.001 -23"><span class='ocrx_word' id='word_1_94' title='bbox 308 1236 420 1310; x_wconf 79' lang='lat' dir='ltr'><strong>Quod</strong></span> <span class='ocrx_word' id='word_1_95' title='bbox 411 1239 504 1322; x_wconf 86' lang='lat' dir='ltr'><strong>rgitur</strong></span> <span class='ocrx_word' id='word_1_96' title='bbox 519 1241 630 1302; x_wconf 89' lang='lat' dir='ltr'><strong>nummi</strong></span> <span class='ocrx_word' id='word_1_97' title='bbox 653 1241 770 1322; x_wconf 92' lang='lat' dir='ltr'><strong>species</strong></span> <span class='ocrx_word' id='word_1_98' title='bbox 793 1235 985 1323; x_wconf 89' lang='lat' dir='ltr'><strong>(contractus</strong></span> <span class='ocrx_word' id='word_1_99' title='bbox 1005 1237 1285 1324; x_wconf 87' lang='lat' dir='ltr'><strong>instrumentum)&#39;</strong></span> <span class='ocrx_word' id='word_1_100' title='bbox 1277 1261 1309 1306; x_wconf 90' lang='lat' dir='ltr'><strong>m</strong></span> <span class='ocrx_word' id='word_1_101' title='bbox 1325 1261 1418 1306; x_wconf 87' lang='lat' dir='ltr'><strong>causa</strong></span> <span class='ocrx_word' id='word_1_102' title='bbox 1434 1241 1492 1316; x_wconf 85' lang='lat' dir='ltr'><strong>sit,</strong></span> <span class='ocrx_word' id='word_1_103' title='bbox 1514 1259 1567 1302; x_wconf 93' lang='lat' dir='ltr'><strong>cur</strong></span> 
     </span>
     <span class='ocr_line' id='line_1_12' title="bbox 220 1329 1566 1412; baseline 0 -20"><span class='ocrx_word' id='word_1_104' title='bbox 220 1330 336 1411; x_wconf 90' lang='lat' dir='ltr'><strong>epocha</strong></span> <span class='ocrx_word' id='word_1_105' title='bbox 350 1329 413 1392; x_wconf 87' lang='lat' dir='ltr'><strong>ista</strong></span> <span class='ocrx_word' id='word_1_106' title='bbox 429 1329 547 1392; x_wconf 89' lang='lat' dir='ltr'><strong>dicatur</strong></span> <span class='ocrx_word' id='word_1_107' title='bbox 561 1329 774 1394; x_wconf 87' lang='lat' dir='ltr'><strong>Dhilkamaim</strong></span> <span class='ocrx_word' id='word_1_108' title='bbox 789 1331 907 1394; x_wconf 89' lang='lat' dir='ltr'><strong>cornuti</strong></span> <span class='ocrx_word' id='word_1_109' title='bbox 922 1352 975 1395; x_wconf 88' lang='lat' dir='ltr'><strong>eeu</strong></span> <span class='ocrx_word' id='word_1_110' title='bbox 990 1332 1175 1408; x_wconf 85' lang='lat' dir='ltr'><strong>Alexandri,</strong></span> <span class='ocrx_word' id='word_1_111' title='bbox 1196 1332 1227 1395; x_wconf 93' lang='lat' dir='ltr'><strong>id</strong></span> <span class='ocrx_word' id='word_1_112' title='bbox 1242 1351 1314 1395; x_wconf 89' lang='lat' dir='ltr'><strong>vero</strong></span> <span class='ocrx_word' id='word_1_113' title='bbox 1331 1351 1421 1412; x_wconf 91' lang='lat' dir='ltr'><strong>quam</strong></span> <span class='ocrx_word' id='word_1_114' title='bbox 1434 1329 1566 1393; x_wconf 88' lang='lat' dir='ltr'><strong>maxime</strong></span> 
     </span>
     <span class='ocr_line' id='line_1_13' title="bbox 219 1418 1567 1504; baseline -0.001 -22"><span class='ocrx_word' id='word_1_115' title='bbox 219 1419 389 1482; x_wconf 85' lang='lat' dir='ltr'><strong>confirmari</strong></span> <span class='ocrx_word' id='word_1_116' title='bbox 404 1438 443 1481; x_wconf 90' lang='lat' dir='ltr'><strong>ex</strong></span> <span class='ocrx_word' id='word_1_117' title='bbox 458 1437 493 1480; x_wconf 90' lang='lat' dir='ltr'><strong>eo</strong></span> <span class='ocrx_word' id='word_1_118' title='bbox 509 1418 638 1494; x_wconf 89' lang='lat' dir='ltr'><strong>videtur,</strong></span> <span class='ocrx_word' id='word_1_119' title='bbox 653 1420 733 1502; x_wconf 89' lang='lat' dir='ltr'><strong>quod</strong></span> <span class='ocrx_word' id='word_1_120' title='bbox 747 1420 800 1483; x_wconf 95' lang='lat' dir='ltr'><strong>illa</strong></span> <span class='ocrx_word' id='word_1_121' title='bbox 814 1421 883 1501; x_wconf 89' lang='lat' dir='ltr'><strong>ipsa</strong></span> <span class='ocrx_word' id='word_1_122' title='bbox 892 1423 1016 1502; x_wconf 85' lang='lat' dir='ltr'><strong>epocha,</strong></span> <span class='ocrx_word' id='word_1_123' title='bbox 1031 1422 1070 1485; x_wconf 95' lang='lat' dir='ltr'><strong>ab</strong></span> <span class='ocrx_word' id='word_1_124' title='bbox 1084 1423 1143 1485; x_wconf 90' lang='lat' dir='ltr'><strong>boo</strong></span> <span class='ocrx_word' id='word_1_125' title='bbox 1157 1423 1224 1504; x_wconf 90' lang='lat' dir='ltr'><strong>ipso</strong></span> <span class='ocrx_word' id='word_1_126' title='bbox 1240 1421 1406 1484; x_wconf 87' lang='lat' dir='ltr'><strong>autumnali</strong></span> <span class='ocrx_word' id='word_1_127' title='bbox 1418 1419 1567 1501; x_wconf 91' lang='lat' dir='ltr'><strong>principio</strong></span> 
     </span>
     <span class='ocr_line' id='line_1_14' title="bbox 219 1507 1565 1592; baseline 0 -22"><span class='ocrx_word' id='word_1_128' title='bbox 219 1507 409 1589; x_wconf 89' lang='lat' dir='ltr'><strong>dependens,</strong></span> <span class='ocrx_word' id='word_1_129' title='bbox 434 1507 608 1583; x_wconf 88' lang='lat' dir='ltr'><strong>aJudaeis,</strong></span> <span class='ocrx_word' id='word_1_130' title='bbox 631 1507 739 1590; x_wconf 81' lang='lat' dir='ltr'><strong>Syriae</strong></span> <span class='ocrx_word' id='word_1_131' title='bbox 761 1529 816 1591; x_wconf 92' lang='lat' dir='ltr'><strong>pro</strong></span> <span class='ocrx_word' id='word_1_132' title='bbox 832 1529 864 1573; x_wconf 90' lang='lat' dir='ltr'><strong>re</strong></span> <span class='ocrx_word' id='word_1_133' title='bbox 887 1518 962 1574; x_wconf 87' lang='lat' dir='ltr'><strong>nata</strong></span> <span class='ocrx_word' id='word_1_134' title='bbox 984 1511 1179 1586; x_wconf 89' lang='lat' dir='ltr'><strong>contributis,</strong></span> <span class='ocrx_word' id='word_1_135' title='bbox 1202 1509 1373 1592; x_wconf 90' lang='lat' dir='ltr'><strong>appellatur</strong></span> <span class='ocrx_word' id='word_1_136' title='bbox 1396 1529 1469 1574; x_wconf 91' lang='lat' dir='ltr'><strong>aera</strong></span> <span class='ocrx_word' id='word_1_137' title='bbox 1489 1527 1565 1571; x_wconf 91' lang='lat' dir='ltr'><strong>cou-</strong></span> 
     </span>
     <span class='ocr_line' id='line_1_15' title="bbox 218 1597 1566 1682; baseline 0 -22"><span class='ocrx_word' id='word_1_138' title='bbox 218 1605 379 1660; x_wconf 87' lang='lat' dir='ltr'><strong>tractuum.</strong></span> <span class='ocrx_word' id='word_1_139' title='bbox 414 1597 485 1660; x_wconf 85' lang='lat' dir='ltr'><strong>Etsi</strong></span> <span class='ocrx_word' id='word_1_140' title='bbox 500 1597 580 1660; x_wconf 91' lang='lat' dir='ltr'><strong>enim</strong></span> <span class='ocrx_word' id='word_1_141' title='bbox 595 1619 614 1659; x_wconf 89' lang='lat' dir='ltr'><strong>a</strong></span> <span class='ocrx_word' id='word_1_142' title='bbox 628 1597 726 1660; x_wconf 88' lang='lat' dir='ltr'><strong>Nisan</strong></span> <span class='ocrx_word' id='word_1_143' title='bbox 741 1599 857 1662; x_wconf 89' lang='lat' dir='ltr'><strong>vernali</strong></span> <span class='ocrx_word' id='word_1_144' title='bbox 880 1619 989 1662; x_wconf 93' lang='lat' dir='ltr'><strong>annum</strong></span> <span class='ocrx_word' id='word_1_145' title='bbox 1004 1599 1191 1682; x_wconf 83' lang='lat' dir='ltr'><strong>incipiebant</strong></span> <span class='ocrx_word' id='word_1_146' title='bbox 1213 1620 1252 1662; x_wconf 89' lang='lat' dir='ltr'><strong>ex</strong></span> <span class='ocrx_word' id='word_1_147' title='bbox 1266 1606 1432 1681; x_wconf 89' lang='lat' dir='ltr'><strong>praecepto</strong></span> <span class='ocrx_word' id='word_1_148' title='bbox 1455 1597 1566 1672; x_wconf 89' lang='lat' dir='ltr'><strong>divino,</strong></span> 
     </span>
     <span class='ocr_line' id='line_1_16' title="bbox 219 1685 1567 1771; baseline 0.001 -23"><span class='ocrx_word' id='word_1_149' title='bbox 219 1693 251 1749; x_wconf 89' lang='grc' dir='ltr'><strong>ιι</strong></span> <span class='ocrx_word' id='word_1_150' title='bbox 266 1685 286 1750; x_wconf 90' lang='lat'>6</span> <span class='ocrx_word' id='word_1_151' title='bbox 302 1686 455 1749; x_wconf 88' lang='lat' dir='ltr'><strong>mensibus</strong></span> <span class='ocrx_word' id='word_1_152' title='bbox 472 1687 605 1767; x_wconf 87' lang='lat' dir='ltr'><strong>epochae</strong></span> <span class='ocrx_word' id='word_1_153' title='bbox 621 1687 690 1750; x_wconf 87' lang='lat' dir='ltr'><strong>hurc</strong></span> <span class='ocrx_word' id='word_1_154' title='bbox 699 1687 914 1752; x_wconf 90' lang='lat' dir='ltr'><strong>Alexandreae</strong></span> <span class='ocrx_word' id='word_1_155' title='bbox 923 1689 1074 1771; x_wconf 83' lang='lat' dir='ltr'><strong>praefixus,</strong></span> <span class='ocrx_word' id='word_1_156' title='bbox 1089 1687 1350 1771; x_wconf 87' lang='lat' dir='ltr'><strong>preAlexaudrea</strong></span> <span class='ocrx_word' id='word_1_157' title='bbox 1360 1707 1447 1751; x_wconf 90' lang='lat' dir='ltr'><strong>suam</strong></span> <span class='ocrx_word' id='word_1_158' title='bbox 1462 1705 1567 1750; x_wconf 86' lang='lat' dir='ltr'><strong>aeram</strong></span> 
     </span>
     <span class='ocr_line' id='line_1_17' title="bbox 219 1773 1567 1881; baseline 0 -43"><span class='ocrx_word' id='word_1_159' title='bbox 219 1773 407 1839; x_wconf 87' lang='lat' dir='ltr'><strong>Graecorum</strong></span> <span class='ocrx_word' id='word_1_160' title='bbox 433 1774 608 1838; x_wconf 87' lang='lat' dir='ltr'><strong>alliciebant</strong></span> <span class='ocrx_word' id='word_1_161' title='bbox 638 1784 670 1838; x_wconf 92' lang='lat' dir='ltr'><strong>et</strong></span> <span class='ocrx_word' id='word_1_162' title='bbox 694 1778 908 1854; x_wconf 90' lang='lat' dir='ltr'><strong>numerabant,</strong></span> <span class='ocrx_word' id='word_1_163' title='bbox 938 1779 1124 1842; x_wconf 86' lang='lat' dir='ltr'><strong>necessitate</strong></span> <span class='ocrx_word' id='word_1_164' title='bbox 1155 1779 1301 1881; x_wconf 75' lang='lat' dir='ltr'><strong>quadam</strong></span> <span class='ocrx_word' id='word_1_165' title='bbox 1314 1777 1567 1840; x_wconf 90' lang='lat' dir='ltr'><strong>numerandornm</strong></span> 
     </span>
    </p>
   </div>
   <div class='ocr_carea' id='block_1_3' title="bbox 103 1853 1567 1949">
    <p class='ocr_par' dir='ltr' id='par_1_5' title="bbox 103 1853 1567 1949">
     <span class='ocr_line' id='line_1_18' title="bbox 103 1853 1567 1949; baseline 0.001 -23"><span class='ocrx_word' id='word_1_166' title='bbox 103 1865 108 1876; x_wconf 93' lang='lat'>&#39;</span> <span class='ocrx_word' id='word_1_167' title='bbox 218 1864 367 1927; x_wconf 89' lang='lat' dir='ltr'><strong>meusium</strong></span> <span class='ocrx_word' id='word_1_168' title='bbox 388 1864 527 1940; x_wconf 89' lang='lat' dir='ltr'><strong>adducti,</strong></span> <span class='ocrx_word' id='word_1_169' title='bbox 559 1871 662 1928; x_wconf 88' lang='lat' dir='ltr'><strong>tamen</strong></span> <span class='ocrx_word' id='word_1_170' title='bbox 684 1867 841 1947; x_wconf 83' lang='lat' dir='ltr'><strong>quiscum</strong></span> <span class='ocrx_word' id='word_1_171' title='bbox 867 1868 993 1932; x_wconf 89' lang='lat' dir='ltr'><strong>dominis</strong></span> <span class='ocrx_word' id='word_1_172' title='bbox 1019 1887 1144 1949; x_wconf 88' lang='lat' dir='ltr'><strong>cumque</strong></span> <span class='ocrx_word' id='word_1_173' title='bbox 1168 1867 1331 1949; x_wconf 85' lang='lat' dir='ltr'><strong>provinciis</strong></span> <span class='ocrx_word' id='word_1_174' title='bbox 1354 1853 1567 1947; x_wconf 82' lang='lat' dir='ltr'><strong>circumjectis,</strong></span> 
     </span>
    </p>
   </div>
   <div class='ocr_carea' id='block_1_4' title="bbox 164 1955 1570 3110">
    <p class='ocr_par' dir='ltr' id='par_1_6' title="bbox 164 1955 1568 2394">
     <span class='ocr_line' id='line_1_19' title="bbox 219 1955 1566 2038; baseline -0.001 -21"><span class='ocrx_word' id='word_1_175' title='bbox 219 1972 406 2018; x_wconf 88' lang='lat' dir='ltr'><strong>communem</strong></span> <span class='ocrx_word' id='word_1_176' title='bbox 428 1973 531 2016; x_wconf 89' lang='lat' dir='ltr'><strong>secum</strong></span> <span class='ocrx_word' id='word_1_177' title='bbox 552 1955 731 2018; x_wconf 88' lang='lat' dir='ltr'><strong>servitutem</strong></span> <span class='ocrx_word' id='word_1_178' title='bbox 750 1957 968 2033; x_wconf 90' lang='lat' dir='ltr'><strong>servientibus,</strong></span> <span class='ocrx_word' id='word_1_179' title='bbox 997 1959 1147 2038; x_wconf 86' lang='lat' dir='ltr'><strong>egendum</strong></span> <span class='ocrx_word' id='word_1_180' title='bbox 1168 1965 1201 2020; x_wconf 92' lang='lat' dir='ltr'><strong>et</strong></span> <span class='ocrx_word' id='word_1_181' title='bbox 1225 1956 1464 2020; x_wconf 87' lang='lat' dir='ltr'><strong>contrahendum</strong></span> <span class='ocrx_word' id='word_1_182' title='bbox 1489 1959 1566 2028; x_wconf 81' lang='lat' dir='ltr'><strong>erat,</strong></span> 
     </span>
     <span class='ocr_line' id='line_1_20' title="bbox 218 2042 1567 2110; baseline -0.001 -3"><span class='ocrx_word' id='word_1_183' title='bbox 218 2042 391 2107; x_wconf 89' lang='lat' dir='ltr'><strong>necessario</strong></span> <span class='ocrx_word' id='word_1_184' title='bbox 414 2042 494 2105; x_wconf 92' lang='lat' dir='ltr'><strong>idem</strong></span> <span class='ocrx_word' id='word_1_185' title='bbox 510 2043 651 2106; x_wconf 88' lang='lat' dir='ltr'><strong>cumillis</strong></span> <span class='ocrx_word' id='word_1_186' title='bbox 666 2044 783 2107; x_wconf 88' lang='lat' dir='ltr'><strong>initium</strong></span> <span class='ocrx_word' id='word_1_187' title='bbox 805 2047 876 2109; x_wconf 89' lang='lat' dir='ltr'><strong>anni</strong></span> <span class='ocrx_word' id='word_1_188' title='bbox 893 2047 1122 2110; x_wconf 89' lang='lat' dir='ltr'><strong>observaruut&#39;</strong></span> <span class='ocrx_word' id='word_1_189' title='bbox 1114 2067 1145 2109; x_wconf 93' lang='grc' dir='ltr'><strong>ιιι</strong></span> <span class='ocrx_word' id='word_1_190' title='bbox 1166 2047 1441 2110; x_wconf 55' lang='lat' dir='ltr'><strong>contractibnsa-</strong></span> <span class='ocrx_word' id='word_1_191' title='bbox 1454 2043 1567 2108; x_wconf 89' lang='lat' dir='ltr'><strong>Judaei</strong></span> 
     </span>
     <span class='ocr_line' id='line_1_21' title="bbox 218 2113 1568 2217; baseline -0.001 -22"><span class='ocrx_word' id='word_1_192' title='bbox 218 2132 364 2196; x_wconf 90' lang='lat' dir='ltr'><strong>hodierno</strong></span> <span class='ocrx_word' id='word_1_193' title='bbox 388 2140 528 2214; x_wconf 91' lang='lat' dir='ltr'><strong>computo</strong></span> <span class='ocrx_word' id='word_1_194' title='bbox 551 2141 711 2196; x_wconf 90' lang='lat' dir='ltr'><strong>numerant</strong></span> <span class='ocrx_word' id='word_1_195' title='bbox 732 2135 811 2196; x_wconf 91' lang='lat' dir='ltr'><strong>hunc</strong></span> <span class='ocrx_word' id='word_1_196' title='bbox 833 2155 943 2198; x_wconf 89' lang='lat' dir='ltr'><strong>annum</strong></span> <span class='ocrx_word' id='word_1_197' title='bbox 965 2133 1060 2200; x_wconf 89' lang='grc'><strong>3449.</strong></span> <span class='ocrx_word' id='word_1_198' title='bbox 1082 2158 1101 2198; x_wconf 89' lang='lat' dir='ltr'><strong>a</strong></span> <span class='ocrx_word' id='word_1_199' title='bbox 1122 2156 1215 2200; x_wconf 88' lang='lat' dir='ltr'><strong>verno</strong></span> <span class='ocrx_word' id='word_1_200' title='bbox 1231 2144 1376 2217; x_wconf 86' lang='lat' dir='ltr'><strong>tempore.</strong></span> <span class='ocrx_word' id='word_1_201' title='bbox 1412 2113 1568 2215; x_wconf 70' lang='lat' dir='ltr'><strong>incipiunt</strong></span> 
     </span>
     <span class='ocr_line' id='line_1_22' title="bbox 164 2219 1568 2344; baseline 0.001 -60"><span class='ocrx_word' id='word_1_202' title='bbox 164 2279 168 2298; x_wconf 72' lang='grc'><strong>,</strong></span> <span class='ocrx_word' id='word_1_203' title='bbox 204 2220 351 2284; x_wconf 81' lang='lat' dir='ltr'><strong>indidem</strong></span> <span class='ocrx_word' id='word_1_204' title='bbox 370 2228 509 2303; x_wconf 83' lang='lat' dir='ltr'><strong>tempora</strong></span> <span class='ocrx_word' id='word_1_205' title='bbox 523 2219 748 2285; x_wconf 86' lang='lat' dir='ltr'><strong>Edessenorum</strong></span> <span class='ocrx_word' id='word_1_206' title='bbox 757 2225 850 2306; x_wconf 90' lang='lat' dir='ltr'><strong>apud</strong></span> <span class='ocrx_word' id='word_1_207' title='bbox 870 2221 1042 2288; x_wconf 84' lang='lat' dir='ltr'><strong>Eusebium</strong></span> <span class='ocrx_word' id='word_1_208' title='bbox 1088 2223 1148 2297; x_wconf 84' lang='lat' dir='ltr'><strong>Qui</strong></span> <span class='ocrx_word' id='word_1_209' title='bbox 1169 2233 1331 2308; x_wconf 89' lang='lat' dir='ltr'><strong>praeterea</strong></span> <span class='ocrx_word' id='word_1_210' title='bbox 1353 2231 1495 2344; x_wconf 79' lang='lat' dir='ltr'><strong>auctores</strong></span> <span class='ocrx_word' id='word_1_211' title='bbox 1517 2223 1568 2285; x_wconf 88' lang='lat' dir='ltr'><strong>his</strong></span> 
     </span>
     <span class='ocr_line' id='line_1_23' title="bbox 219 2308 969 2394; baseline 0 -20"><span class='ocrx_word' id='word_1_212' title='bbox 219 2310 299 2374; x_wconf 86' lang='lat' dir='ltr'><strong>aeris</strong></span> <span class='ocrx_word' id='word_1_213' title='bbox 315 2317 448 2386; x_wconf 91' lang='lat' dir='ltr'><strong>utantur,</strong></span> <span class='ocrx_word' id='word_1_214' title='bbox 463 2311 533 2374; x_wconf 84' lang='lat' dir='ltr'><strong>vide</strong></span> <span class='ocrx_word' id='word_1_215' title='bbox 549 2308 630 2374; x_wconf 90' lang='lat' dir='ltr'><strong>Scal.</strong></span> <span class='ocrx_word' id='word_1_216' title='bbox 646 2331 674 2394; x_wconf 94' lang='lat' dir='ltr'><strong>p.</strong></span> <span class='ocrx_word' id='word_1_217' title='bbox 690 2312 755 2375; x_wconf 91' lang='grc'><strong>400</strong></span> <span class='ocrx_word' id='word_1_218' title='bbox 771 2316 828 2384; x_wconf 78' lang='lat' dir='ltr'><strong>(Ee.</strong></span> <span class='ocrx_word' id='word_1_219' title='bbox 843 2335 866 2372; x_wconf 78' lang='lat' dir='ltr'><strong>a</strong></span> <span class='ocrx_word' id='word_1_220' title='bbox 881 2319 969 2386; x_wconf 81' lang='lat'>1598.)</span> 
     </span>
    </p>

    <p class='ocr_par' dir='ltr' id='par_1_7' title="bbox 218 2397 1570 2753">
     <span class='ocr_line' id='line_1_24' title="bbox 306 2397 1568 2486; baseline -0.002 -22"><span class='ocrx_word' id='word_1_221' title='bbox 306 2401 391 2464; x_wconf 88' lang='lat' dir='ltr'><strong>Ante</strong></span> <span class='ocrx_word' id='word_1_222' title='bbox 408 2397 468 2464; x_wconf 83' lang='lat' dir='ltr'><strong>Oh.</strong></span> <span class='ocrx_word' id='word_1_223' title='bbox 486 2399 559 2464; x_wconf 89' lang='grc'>311.</span> <span class='ocrx_word' id='word_1_224' title='bbox 603 2399 773 2464; x_wconf 88' lang='lat' dir='ltr'><strong>Alexandri</strong></span> <span class='ocrx_word' id='word_1_225' title='bbox 794 2401 847 2466; x_wconf 87' lang='lat' dir='ltr'><strong>filii</strong></span> <span class='ocrx_word' id='word_1_226' title='bbox 869 2404 962 2466; x_wconf 87' lang='lat' dir='ltr'><strong>caede</strong></span> <span class='ocrx_word' id='word_1_227' title='bbox 984 2399 1113 2484; x_wconf 82' lang='lat' dir='ltr'><strong>vulgata</strong></span> <span class='ocrx_word' id='word_1_228' title='bbox 1141 2403 1248 2466; x_wconf 91' lang='lat' dir='ltr'><strong>ducum</strong></span> <span class='ocrx_word' id='word_1_229' title='bbox 1269 2402 1470 2486; x_wconf 87' lang='lat' dir='ltr'><strong>unusquisque</strong></span> <span class='ocrx_word' id='word_1_230' title='bbox 1494 2419 1568 2482; x_wconf 87' lang='lat' dir='ltr'><strong>apes</strong></span> 
     </span>
     <span class='ocr_line' id='line_1_25' title="bbox 218 2486 1567 2574; baseline -0.001 -21"><span class='ocrx_word' id='word_1_231' title='bbox 218 2489 320 2570; x_wconf 85' lang='lat' dir='ltr'><strong>regias</strong></span> <span class='ocrx_word' id='word_1_232' title='bbox 336 2490 417 2552; x_wconf 91' lang='lat' dir='ltr'><strong>alere</strong></span> <span class='ocrx_word' id='word_1_233' title='bbox 440 2495 473 2551; x_wconf 91' lang='lat' dir='ltr'><strong>ct</strong></span> <span class='ocrx_word' id='word_1_234' title='bbox 486 2489 658 2571; x_wconf 89' lang='lat' dir='ltr'><strong>provincias</strong></span> <span class='ocrx_word' id='word_1_235' title='bbox 680 2499 715 2553; x_wconf 92' lang='lat' dir='ltr'><strong>ut</strong></span> <span class='ocrx_word' id='word_1_236' title='bbox 735 2493 885 2572; x_wconf 91' lang='lat' dir='ltr'><strong>peculium</strong></span> <span class='ocrx_word' id='word_1_237' title='bbox 906 2491 1041 2556; x_wconf 91' lang='lat' dir='ltr'><strong>obtinere</strong></span> <span class='ocrx_word' id='word_1_238' title='bbox 1066 2487 1160 2574; x_wconf 88' lang='lat' dir='ltr'><strong>(Dan.</strong></span> <span class='ocrx_word' id='word_1_239' title='bbox 1178 2493 1226 2556; x_wconf 93' lang='lat' dir='ltr'><strong>ll.</strong></span> <span class='ocrx_word' id='word_1_240' title='bbox 1242 2486 1298 2573; x_wconf 88' lang='grc'><strong>4).</strong></span> <span class='ocrx_word' id='word_1_241' title='bbox 1332 2493 1398 2574; x_wconf 83' lang='lat' dir='ltr'><strong>Ego</strong></span> <span class='ocrx_word' id='word_1_242' title='bbox 1415 2511 1491 2574; x_wconf 89' lang='lat' dir='ltr'><strong>pace</strong></span> <span class='ocrx_word' id='word_1_243' title='bbox 1508 2509 1567 2552; x_wconf 89' lang='lat' dir='ltr'><strong>ex-</strong></span> 
     </span>
     <span class='ocr_line' id='line_1_26' title="bbox 220 2579 1570 2663; baseline 0.001 -23"><span class='ocrx_word' id='word_1_244' title='bbox 220 2585 309 2641; x_wconf 89' lang='lat' dir='ltr'><strong>orata</strong></span> <span class='ocrx_word' id='word_1_245' title='bbox 329 2579 522 2641; x_wconf 88' lang='lat' dir='ltr'><strong>venerandae</strong></span> <span class='ocrx_word' id='word_1_246' title='bbox 541 2579 735 2661; x_wconf 88' lang='lat' dir='ltr'><strong>antiquitatis</strong></span> <span class='ocrx_word' id='word_1_247' title='bbox 764 2581 1015 2646; x_wconf 88' lang='lat' dir='ltr'><strong>considerandum</strong></span> <span class='ocrx_word' id='word_1_248' title='bbox 1037 2583 1074 2645; x_wconf 90' lang='lat' dir='ltr'><strong>do</strong></span> <span class='ocrx_word' id='word_1_249' title='bbox 1097 2581 1264 2663; x_wconf 81' lang='lat' dir='ltr'><strong>theologis,</strong></span> <span class='ocrx_word' id='word_1_250' title='bbox 1293 2603 1333 2644; x_wconf 89' lang='lat' dir='ltr'><strong>an</strong></span> <span class='ocrx_word' id='word_1_251' title='bbox 1360 2601 1421 2644; x_wconf 91' lang='lat' dir='ltr'><strong>non</strong></span> <span class='ocrx_word' id='word_1_252' title='bbox 1440 2580 1490 2644; x_wconf 92' lang='lat' dir='ltr'><strong>hic</strong></span> <span class='ocrx_word' id='word_1_253' title='bbox 1500 2579 1570 2660; x_wconf 91' lang='lat' dir='ltr'><strong>jam</strong></span> 
     </span>
     <span class='ocr_line' id='line_1_27' title="bbox 221 2664 1452 2753; baseline 0.001 -22"><span class='ocrx_word' id='word_1_254' title='bbox 221 2676 406 2751; x_wconf 73' lang='lat' dir='ltr'><strong>consurgant</strong></span> <span class='ocrx_word' id='word_1_255' title='bbox 422 2668 510 2730; x_wconf 91' lang='lat' dir='ltr'><strong>simul</strong></span> <span class='ocrx_word' id='word_1_256' title='bbox 525 2676 557 2731; x_wconf 91' lang='lat' dir='ltr'><strong>et</strong></span> <span class='ocrx_word' id='word_1_257' title='bbox 572 2669 664 2732; x_wconf 91' lang='lat' dir='ltr'><strong>semel</strong></span> <span class='ocrx_word' id='word_1_258' title='bbox 681 2673 810 2752; x_wconf 74' lang='lat' dir='ltr'><strong>quatuor</strong></span> <span class='ocrx_word' id='word_1_259' title='bbox 825 2671 988 2753; x_wconf 70' lang='lat' dir='ltr'><strong>illa‘regua</strong></span> <span class='ocrx_word' id='word_1_260' title='bbox 1004 2664 1043 2734; x_wconf 88' lang='lat' dir='ltr'><strong>ad</strong></span> <span class='ocrx_word' id='word_1_261' title='bbox 1059 2680 1187 2753; x_wconf 89' lang='lat' dir='ltr'><strong>quatuor</strong></span> <span class='ocrx_word' id='word_1_262' title='bbox 1202 2677 1311 2733; x_wconf 89' lang='lat' dir='ltr'><strong>ventos</strong></span> <span class='ocrx_word' id='word_1_263' title='bbox 1327 2670 1425 2733; x_wconf 83' lang='lat' dir='ltr'><strong>coeli?</strong></span> <span class='ocrx_word' id='word_1_264' title='bbox 1449 2711 1452 2716; x_wconf 68' lang='lat'><strong>,</strong></span> 
     </span>
    </p>

    <p class='ocr_par' dir='ltr' id='par_1_8' title="bbox 219 2757 1569 3110">
     <span class='ocr_line' id='line_1_28' title="bbox 307 2757 1569 2841; baseline 0 -21"><span class='ocrx_word' id='word_1_265' title='bbox 307 2757 358 2820; x_wconf 92' lang='lat' dir='ltr'><strong>Ab</strong></span> <span class='ocrx_word' id='word_1_266' title='bbox 375 2763 518 2820; x_wconf 91' lang='lat' dir='ltr'><strong>autumno</strong></span> <span class='ocrx_word' id='word_1_267' title='bbox 533 2757 622 2838; x_wconf 88' lang='lat' dir='ltr'><strong>hujus</strong></span> <span class='ocrx_word' id='word_1_268' title='bbox 639 2760 722 2835; x_wconf 88' lang='lat' dir='ltr'><strong>anni,</strong></span> <span class='ocrx_word' id='word_1_269' title='bbox 736 2757 934 2823; x_wconf 87' lang='lat' dir='ltr'><strong>Macedonico</strong></span> <span class='ocrx_word' id='word_1_270' title='bbox 951 2761 1021 2824; x_wconf 90' lang='lat' dir='ltr'><strong>anni</strong></span> <span class='ocrx_word' id='word_1_271' title='bbox 1036 2761 1133 2836; x_wconf 90' lang='lat' dir='ltr'><strong>initio,</strong></span> <span class='ocrx_word' id='word_1_272' title='bbox 1153 2779 1233 2824; x_wconf 82' lang='lat' dir='ltr'><strong>nova</strong></span> <span class='ocrx_word' id='word_1_273' title='bbox 1248 2779 1321 2823; x_wconf 90' lang='lat' dir='ltr'><strong>aera</strong></span> <span class='ocrx_word' id='word_1_274' title='bbox 1336 2758 1442 2841; x_wconf 90' lang='lat' dir='ltr'><strong>incipit</strong></span> <span class='ocrx_word' id='word_1_275' title='bbox 1457 2765 1490 2822; x_wconf 90' lang='lat' dir='ltr'><strong>et</strong></span> <span class='ocrx_word' id='word_1_276' title='bbox 1505 2757 1569 2820; x_wconf 85' lang='lat' dir='ltr'><strong>dis-</strong></span> 
     </span>
     <span class='ocr_line' id='line_1_29' title="bbox 220 2846 1570 2929; baseline 0 -19"><span class='ocrx_word' id='word_1_277' title='bbox 220 2847 320 2910; x_wconf 78' lang='lat' dir='ltr'><strong>serens</strong></span> <span class='ocrx_word' id='word_1_278' title='bbox 336 2846 375 2909; x_wconf 90' lang='lat' dir='ltr'><strong>ab</strong></span> <span class='ocrx_word' id='word_1_279' title='bbox 391 2847 471 2909; x_wconf 82' lang='lat' dir='ltr'><strong>aeris</strong></span> <span class='ocrx_word' id='word_1_280' title='bbox 487 2847 603 2910; x_wconf 88' lang='lat' dir='ltr'><strong>duabus</strong></span> <span class='ocrx_word' id='word_1_281' title='bbox 619 2849 782 2929; x_wconf 90' lang='lat' dir='ltr'><strong>superioris</strong></span> <span class='ocrx_word' id='word_1_282' title='bbox 798 2850 877 2913; x_wconf 91' lang='lat' dir='ltr'><strong>anni.</strong></span> <span class='ocrx_word' id='word_1_283' title='bbox 901 2851 1096 2913; x_wconf 87' lang='lat' dir='ltr'><strong>Ptolemaeus</strong></span> <span class='ocrx_word' id='word_1_284' title='bbox 1112 2869 1215 2912; x_wconf 84' lang='lat' dir='ltr'><strong>aeram</strong></span> <span class='ocrx_word' id='word_1_285' title='bbox 1231 2848 1455 2914; x_wconf 81' lang='lat' dir='ltr'><strong>Chaldaeorum</strong></span> <span class='ocrx_word' id='word_1_286' title='bbox 1468 2849 1570 2911; x_wconf 91' lang='lat' dir='ltr'><strong>nomi-</strong></span> 
     </span>
     <span class='ocr_line' id='line_1_30' title="bbox 220 2932 1570 3024; baseline 0 -24"><span class='ocrx_word' id='word_1_287' title='bbox 220 2944 284 3012; x_wconf 93' lang='lat' dir='ltr'><strong>nat,</strong></span> <span class='ocrx_word' id='word_1_288' title='bbox 300 2935 351 3000; x_wconf 89' lang='lat' dir='ltr'><strong>alii</strong></span> <span class='ocrx_word' id='word_1_289' title='bbox 367 2933 594 3024; x_wconf 87' lang='lat' dir='ltr'><strong>Seleucidarum</strong></span> <span class='ocrx_word' id='word_1_290' title='bbox 610 2956 713 3000; x_wconf 90' lang='lat' dir='ltr'><strong>aeram</strong></span> <span class='ocrx_word' id='word_1_291' title='bbox 729 2932 948 3020; x_wconf 82' lang='lat' dir='ltr'><strong>(Albategnius</strong></span> <span class='ocrx_word' id='word_1_292' title='bbox 965 2959 1024 3003; x_wconf 91' lang='lat' dir='ltr'><strong>non</strong></span> <span class='ocrx_word' id='word_1_293' title='bbox 1039 2940 1135 3002; x_wconf 85' lang='lat' dir='ltr'><strong>utitur</strong></span> <span class='ocrx_word' id='word_1_294' title='bbox 1150 2932 1241 3020; x_wconf 89' lang='lat' dir='ltr'><strong>ista):</strong></span> <span class='ocrx_word' id='word_1_295' title='bbox 1266 2939 1336 3021; x_wconf 89' lang='lat' dir='ltr'><strong>quia</strong></span> <span class='ocrx_word' id='word_1_296' title='bbox 1351 2938 1473 3001; x_wconf 89' lang='lat' dir='ltr'><strong>sublato</strong></span> <span class='ocrx_word' id='word_1_297' title='bbox 1488 2937 1570 3000; x_wconf 88' lang='lat' dir='ltr'><strong>Ale-</strong></span> 
     </span>
     <span class='ocr_line' id='line_1_31' title="bbox 219 3025 1570 3110; baseline -0.001 -20"><span class='ocrx_word' id='word_1_298' title='bbox 219 3025 336 3090; x_wconf 87' lang='lat' dir='ltr'><strong>xandri</strong></span> <span class='ocrx_word' id='word_1_299' title='bbox 342 3025 418 3100; x_wconf 86' lang='lat' dir='ltr'><strong>filio,</strong></span> <span class='ocrx_word' id='word_1_300' title='bbox 440 3026 490 3107; x_wconf 92' lang='lat' dir='ltr'><strong>qni</strong></span> <span class='ocrx_word' id='word_1_301' title='bbox 506 3032 675 3090; x_wconf 89' lang='lat' dir='ltr'><strong>maternum</strong></span> <span class='ocrx_word' id='word_1_302' title='bbox 690 3046 785 3108; x_wconf 85' lang='lat' dir='ltr'><strong>genus</strong></span> <span class='ocrx_word' id='word_1_303' title='bbox 801 3029 841 3091; x_wconf 90' lang='lat' dir='ltr'><strong>ad</strong></span> <span class='ocrx_word' id='word_1_304' title='bbox 856 3035 992 3092; x_wconf 88' lang='lat' dir='ltr'><strong>veterem</strong></span> <span class='ocrx_word' id='word_1_305' title='bbox 1012 3047 1117 3110; x_wconf 85' lang='lat' dir='ltr'><strong>regum</strong></span> <span class='ocrx_word' id='word_1_306' title='bbox 1131 3027 1322 3092; x_wconf 90' lang='lat' dir='ltr'><strong>Persicorum</strong></span> <span class='ocrx_word' id='word_1_307' title='bbox 1342 3027 1469 3108; x_wconf 90' lang='lat' dir='ltr'><strong>stirpem</strong></span> <span class='ocrx_word' id='word_1_308' title='bbox 1483 3027 1570 3090; x_wconf 80' lang='lat' dir='ltr'><strong>refe-</strong></span> 
     </span>
    </p>
   </div>
   <div class='ocr_carea' id='block_1_5' title="bbox 219 3113 1571 3268">
    <p class='ocr_par' dir='ltr' id='par_1_9' title="bbox 219 3113 1571 3268">
     <span class='ocr_line' id='line_1_32' title="bbox 219 3113 1571 3268; baseline 0.001 -91"><span class='ocrx_word' id='word_1_309' title='bbox 219 3114 329 3268; x_wconf 50' lang='lat' dir='ltr'><strong>§bath</strong></span> <span class='ocrx_word' id='word_1_310' title='bbox 347 3113 505 3266; x_wconf 65' lang='grc' dir='ltr'>ξιιιιιιι</span> <span class='ocrx_word' id='word_1_311' title='bbox 520 3113 650 3179; x_wconf 83' lang='lat' dir='ltr'><strong>Seleuco</strong></span> <span class='ocrx_word' id='word_1_312' title='bbox 671 3123 708 3179; x_wconf 92' lang='lat' dir='ltr'><strong>ut</strong></span> <span class='ocrx_word' id='word_1_313' title='bbox 729 3117 853 3199; x_wconf 89' lang='lat' dir='ltr'><strong>propria</strong></span> <span class='ocrx_word' id='word_1_314' title='bbox 874 3118 1055 3181; x_wconf 84' lang='lat' dir='ltr'><strong>mansit-</strong></span> <span class='ocrx_word' id='word_1_315' title='bbox 1075 3117 1164 3182; x_wconf 90' lang='lat' dir='ltr'><strong>Hanc</strong></span> <span class='ocrx_word' id='word_1_316' title='bbox 1186 3135 1289 3180; x_wconf 87' lang='lat' dir='ltr'><strong>aeram</strong></span> <span class='ocrx_word' id='word_1_317' title='bbox 1311 3125 1439 3199; x_wconf 87' lang='lat' dir='ltr'><strong>usurpat</strong></span> <span class='ocrx_word' id='word_1_318' title='bbox 1461 3115 1514 3180; x_wconf 88' lang='lat' dir='ltr'><strong>lib.</strong></span> <span class='ocrx_word' id='word_1_319' title='bbox 1529 3115 1571 3178; x_wconf 89' lang='lat' dir='ltr'><strong>II.</strong></span> 
     </span>
     <span class='ocr_line' id='line_1_33' title="bbox 255 3223 378 3268; baseline -0.008 -1"><span class='ocrx_word' id='word_1_320' title='bbox 255 3223 308 3267; x_wconf 91' lang='lat' dir='ltr'><strong>ace</strong></span> <span class='ocrx_word' id='word_1_321' title='bbox 330 3226 349 3268; x_wconf 89' lang='lat' dir='ltr'><strong>a</strong></span> <span class='ocrx_word' id='word_1_322' title='bbox 371 3249 378 3266; x_wconf 91' lang='lat'><strong>.</strong></span> 
     </span>
    </p>
   </div>
   <div class='ocr_carea' id='block_1_6' title="bbox 220 3293 1570 4093">
    <p class='ocr_par' dir='ltr' id='par_1_10' title="bbox 220 3293 1570 4092">
     <span class='ocr_line' id='line_1_34' title="bbox 307 3293 1570 3372; baseline 0 -14"><span class='ocrx_word' id='word_1_323' title='bbox 307 3295 391 3358; x_wconf 87' lang='lat' dir='ltr'><strong>Ante</strong></span> <span class='ocrx_word' id='word_1_324' title='bbox 408 3293 463 3372; x_wconf 82' lang='lat' dir='ltr'><strong>Oh.</strong></span> <span class='ocrx_word' id='word_1_325' title='bbox 480 3293 553 3357; x_wconf 82' lang='lat'>302.</span> <span class='ocrx_word' id='word_1_326' title='bbox 589 3295 674 3358; x_wconf 88' lang='lat' dir='ltr'><strong>Aera</strong></span> <span class='ocrx_word' id='word_1_327' title='bbox 697 3293 807 3358; x_wconf 88' lang='lat' dir='ltr'><strong>Graec.</strong></span> <span class='ocrx_word' id='word_1_328' title='bbox 831 3295 880 3358; x_wconf 90' lang='grc'><strong>10.</strong></span> <span class='ocrx_word' id='word_1_329' title='bbox 916 3294 1006 3359; x_wconf 83' lang='lat' dir='ltr'><strong>Vixit</strong></span> <span class='ocrx_word' id='word_1_330' title='bbox 1028 3294 1140 3371; x_wconf 80' lang='lat' dir='ltr'><strong>Ouiae,</strong></span> <span class='ocrx_word' id='word_1_331' title='bbox 1161 3293 1280 3360; x_wconf 88' lang='lat' dir='ltr'><strong>Jaduae</strong></span> <span class='ocrx_word' id='word_1_332' title='bbox 1300 3295 1394 3371; x_wconf 87' lang='lat' dir='ltr'><strong>filins;</strong></span> <span class='ocrx_word' id='word_1_333' title='bbox 1419 3303 1452 3358; x_wconf 88' lang='lat' dir='ltr'><strong>et</strong></span> <span class='ocrx_word' id='word_1_334' title='bbox 1466 3295 1570 3359; x_wconf 85' lang='lat' dir='ltr'><strong>Areus</strong></span> 
     </span>
     <span class='ocr_line' id='line_1_35' title="bbox 221 3377 1570 3467; baseline 0.001 -21"><span class='ocrx_word' id='word_1_335' title='bbox 221 3381 353 3464; x_wconf 86' lang='lat' dir='ltr'><strong>Spartae</strong></span> <span class='ocrx_word' id='word_1_336' title='bbox 369 3401 423 3445; x_wconf 91' lang='lat' dir='ltr'><strong>rex</strong></span> <span class='ocrx_word' id='word_1_337' title='bbox 439 3377 688 3464; x_wconf 80' lang='lat' dir='ltr'><strong>(LMachH).</strong></span> <span class='ocrx_word' id='word_1_338' title='bbox 702 3417 748 3428; x_wconf 90' lang='lat'><em>-</em></span> <span class='ocrx_word' id='word_1_339' title='bbox 762 3384 854 3447; x_wconf 89' lang='lat' dir='ltr'><strong>Nulla</strong></span> <span class='ocrx_word' id='word_1_340' title='bbox 870 3391 952 3446; x_wconf 89' lang='lat' dir='ltr'><strong>certe</strong></span> <span class='ocrx_word' id='word_1_341' title='bbox 968 3385 1088 3448; x_wconf 88' lang='lat' dir='ltr'><strong>occasio</strong></span> <span class='ocrx_word' id='word_1_342' title='bbox 1105 3384 1278 3448; x_wconf 90' lang='lat' dir='ltr'><strong>concinnior</strong></span> <span class='ocrx_word' id='word_1_343' title='bbox 1292 3386 1457 3466; x_wconf 88' lang='lat' dir='ltr'><strong>posthaec</strong></span> <span class='ocrx_word' id='word_1_344' title='bbox 1472 3403 1570 3467; x_wconf 86' lang='lat' dir='ltr'><strong>neque</strong></span> 
     </span>
     <span class='ocr_line' id='line_1_36' title="bbox 221 3470 1568 3556; baseline 0.002 -23"><span class='ocrx_word' id='word_1_345' title='bbox 221 3472 262 3534; x_wconf 92' lang='lat' dir='ltr'><strong>ad</strong></span> <span class='ocrx_word' id='word_1_346' title='bbox 276 3471 366 3534; x_wconf 86' lang='lat' dir='ltr'><strong>finem</strong></span> <span class='ocrx_word' id='word_1_347' title='bbox 381 3471 466 3552; x_wconf 87' lang='lat' dir='ltr'><strong>regni</strong></span> <span class='ocrx_word' id='word_1_348' title='bbox 482 3470 630 3554; x_wconf 88' lang='lat' dir='ltr'><strong>Spartani</strong></span> <span class='ocrx_word' id='word_1_349' title='bbox 646 3480 678 3536; x_wconf 96' lang='lat' dir='ltr'><strong>et</strong></span> <span class='ocrx_word' id='word_1_350' title='bbox 692 3471 968 3537; x_wconf 84' lang='lat' dir='ltr'><strong>Macchabaeorum</strong></span> <span class='ocrx_word' id='word_1_351' title='bbox 983 3473 1083 3549; x_wconf 88' lang='lat' dir='ltr'><strong>initia,</strong></span> <span class='ocrx_word' id='word_1_352' title='bbox 1107 3473 1248 3556; x_wconf 84' lang='lat' dir='ltr'><strong>gentibus</strong></span> <span class='ocrx_word' id='word_1_353' title='bbox 1268 3474 1316 3537; x_wconf 90' lang='lat' dir='ltr'><strong>his</strong></span> <span class='ocrx_word' id='word_1_354' title='bbox 1331 3483 1433 3537; x_wconf 89' lang='lat' dir='ltr'><strong>mutuo</strong></span> <span class='ocrx_word' id='word_1_355' title='bbox 1451 3493 1484 3538; x_wconf 90' lang='grc' dir='ltr'><strong>ιι</strong></span> <span class='ocrx_word' id='word_1_356' title='bbox 1500 3475 1568 3538; x_wconf 81' lang='lat' dir='ltr'><strong>foe-</strong></span> 
     </span>
     <span class='ocr_line' id='line_1_37' title="bbox 221 3560 1569 3645; baseline 0.003 -23"><span class='ocrx_word' id='word_1_357' title='bbox 221 3560 291 3623; x_wconf 88' lang='lat' dir='ltr'><strong>dera</strong></span> <span class='ocrx_word' id='word_1_358' title='bbox 306 3561 452 3641; x_wconf 86' lang='lat' dir='ltr'><strong>illigandi,</strong></span> <span class='ocrx_word' id='word_1_359' title='bbox 467 3580 557 3642; x_wconf 86' lang='lat' dir='ltr'><strong>quam</strong></span> <span class='ocrx_word' id='word_1_360' title='bbox 571 3562 629 3638; x_wconf 87' lang='lat' dir='ltr'><strong>bic,</strong></span> <span class='ocrx_word' id='word_1_361' title='bbox 643 3562 694 3625; x_wconf 90' lang='lat' dir='ltr'><strong>ubi</strong></span> <span class='ocrx_word' id='word_1_362' title='bbox 711 3570 743 3625; x_wconf 91' lang='lat' dir='ltr'><strong>et</strong></span> <span class='ocrx_word' id='word_1_363' title='bbox 753 3561 909 3645; x_wconf 87' lang='lat' dir='ltr'><strong>Spartana</strong></span> <span class='ocrx_word' id='word_1_364' title='bbox 923 3563 1094 3644; x_wconf 89' lang='lat' dir='ltr'><strong>respublica</strong></span> <span class='ocrx_word' id='word_1_365' title='bbox 1109 3564 1207 3627; x_wconf 89' lang='lat' dir='ltr'><strong>adhuc</strong></span> <span class='ocrx_word' id='word_1_366' title='bbox 1223 3564 1310 3626; x_wconf 88' lang='lat' dir='ltr'><strong>salve</strong></span> <span class='ocrx_word' id='word_1_367' title='bbox 1319 3583 1430 3645; x_wconf 90' lang='lat' dir='ltr'><strong>suoque</strong></span> <span class='ocrx_word' id='word_1_368' title='bbox 1446 3571 1569 3626; x_wconf 85' lang='lat' dir='ltr'><strong>tumens</strong></span> 
     </span>
     <span class='ocr_line' id='line_1_38' title="bbox 221 3649 1568 3734; baseline 0.003 -22"><span class='ocrx_word' id='word_1_369' title='bbox 221 3649 345 3731; x_wconf 89' lang='lat' dir='ltr'><strong>spiritu,</strong></span> <span class='ocrx_word' id='word_1_370' title='bbox 372 3656 405 3712; x_wconf 92' lang='lat' dir='ltr'><strong>et</strong></span> <span class='ocrx_word' id='word_1_371' title='bbox 424 3650 544 3713; x_wconf 88' lang='lat' dir='ltr'><strong>Judaea</strong></span> <span class='ocrx_word' id='word_1_372' title='bbox 565 3671 621 3733; x_wconf 91' lang='lat' dir='ltr'><strong>per</strong></span> <span class='ocrx_word' id='word_1_373' title='bbox 634 3653 790 3734; x_wconf 73' lang='lat' dir='ltr'><strong>‘Antigoni</strong></span> <span class='ocrx_word' id='word_1_374' title='bbox 812 3660 844 3716; x_wconf 92' lang='grc' dir='ltr'><strong>ιι</strong></span> <span class='ocrx_word' id='word_1_375' title='bbox 863 3653 1033 3716; x_wconf 90' lang='lat' dir='ltr'><strong>Ptolemaei</strong></span> <span class='ocrx_word' id='word_1_376' title='bbox 1055 3653 1259 3716; x_wconf 86' lang='lat' dir='ltr'><strong>dissensiones</strong></span> <span class='ocrx_word' id='word_1_377' title='bbox 1278 3659 1430 3734; x_wconf 88' lang='lat' dir='ltr'><strong>utcunque</strong></span> <span class='ocrx_word' id='word_1_378' title='bbox 1461 3652 1568 3728; x_wconf 90' lang='lat' dir='ltr'><strong>libera,</strong></span> 
     </span>
     <span class='ocr_line' id='line_1_39' title="bbox 222 3737 1567 3824; baseline 0.002 -23"><span class='ocrx_word' id='word_1_379' title='bbox 222 3737 394 3801; x_wconf 90' lang='lat' dir='ltr'><strong>sollicitudo</strong></span> <span class='ocrx_word' id='word_1_380' title='bbox 417 3759 489 3802; x_wconf 90' lang='lat' dir='ltr'><strong>vero</strong></span> <span class='ocrx_word' id='word_1_381' title='bbox 512 3739 735 3821; x_wconf 88' lang='lat' dir='ltr'><strong>Spartanorum</strong></span> <span class='ocrx_word' id='word_1_382' title='bbox 756 3761 816 3806; x_wconf 91' lang='lat' dir='ltr'><strong>non</strong></span> <span class='ocrx_word' id='word_1_383' title='bbox 838 3741 975 3818; x_wconf 90' lang='lat' dir='ltr'><strong>minima,</strong></span> <span class='ocrx_word' id='word_1_384' title='bbox 998 3741 1161 3824; x_wconf 91' lang='lat' dir='ltr'><strong>quomodo,</strong></span> <span class='ocrx_word' id='word_1_385' title='bbox 1184 3742 1420 3823; x_wconf 81' lang='lat' dir='ltr'><strong>digladiantibus</strong></span> <span class='ocrx_word' id='word_1_386' title='bbox 1435 3743 1518 3806; x_wconf 88' lang='lat' dir='ltr'><strong>inter</strong></span> <span class='ocrx_word' id='word_1_387' title='bbox 1534 3761 1567 3804; x_wconf 88' lang='lat' dir='ltr'><strong>se</strong></span> 
     </span>
     <span class='ocr_line' id='line_1_40' title="bbox 222 3827 1568 3914; baseline 0.004 -24"><span class='ocrx_word' id='word_1_388' title='bbox 222 3827 448 3891; x_wconf 87' lang='lat' dir='ltr'><strong>successoribus</strong></span> <span class='ocrx_word' id='word_1_389' title='bbox 469 3829 655 3906; x_wconf 86' lang='lat' dir='ltr'><strong>Alexandri,</strong></span> <span class='ocrx_word' id='word_1_390' title='bbox 677 3831 834 3912; x_wconf 89' lang='lat' dir='ltr'><strong>imperium</strong></span> <span class='ocrx_word' id='word_1_391' title='bbox 859 3830 1010 3895; x_wconf 88' lang='lat' dir='ltr'><strong>Graeciae</strong></span> <span class='ocrx_word' id='word_1_392' title='bbox 1039 3839 1262 3914; x_wconf 81' lang='lat' dir='ltr'><strong>recuperarent</strong></span> <span class='ocrx_word' id='word_1_393' title='bbox 1304 3831 1464 3913; x_wconf 88' lang='lat' dir='ltr'><strong>Opinionis</strong></span> <span class='ocrx_word' id='word_1_394' title='bbox 1494 3851 1568 3896; x_wconf 87' lang='lat' dir='ltr'><strong>vero</strong></span> 
     </span>
     <span class='ocr_line' id='line_1_41' title="bbox 222 3915 1569 4004; baseline 0.004 -25"><span class='ocrx_word' id='word_1_395' title='bbox 222 3915 411 3980; x_wconf 87' lang='lat' dir='ltr'><strong>Graecorum</strong></span> <span class='ocrx_word' id='word_1_396' title='bbox 425 3917 461 3980; x_wconf 94' lang='lat' dir='ltr'><strong>de</strong></span> <span class='ocrx_word' id='word_1_397' title='bbox 478 3919 660 3999; x_wconf 87' lang='lat' dir='ltr'><strong>cognatione</strong></span> <span class='ocrx_word' id='word_1_398' title='bbox 675 3919 860 3984; x_wconf 86' lang='lat' dir='ltr'><strong>Judaeomm</strong></span> <span class='ocrx_word' id='word_1_399' title='bbox 876 3940 942 3984; x_wconf 92' lang='lat' dir='ltr'><strong>cum</strong></span> <span class='ocrx_word' id='word_1_400' title='bbox 952 3920 1116 4003; x_wconf 88' lang='lat' dir='ltr'><strong>Spartanis</strong></span> <span class='ocrx_word' id='word_1_401' title='bbox 1131 3921 1264 4002; x_wconf 83' lang='lat' dir='ltr'><strong>vestigia</strong></span> <span class='ocrx_word' id='word_1_402' title='bbox 1278 3921 1352 3983; x_wconf 92' lang='lat' dir='ltr'><strong>licet</strong></span> <span class='ocrx_word' id='word_1_403' title='bbox 1366 3921 1469 3984; x_wconf 87' lang='lat' dir='ltr'><strong>videre</strong></span> <span class='ocrx_word' id='word_1_404' title='bbox 1487 3921 1569 4004; x_wconf 89' lang='lat' dir='ltr'><strong>apud</strong></span> 
     </span>
     <span class='ocr_line' id='line_1_42' title="bbox 220 4005 1567 4093; baseline 0.004 -26"><span class='ocrx_word' id='word_1_405' title='bbox 220 4005 387 4068; x_wconf 87' lang='lat' dir='ltr'><strong>Diodorum</strong></span> <span class='ocrx_word' id='word_1_406' title='bbox 410 4005 557 4084; x_wconf 91' lang='lat' dir='ltr'><strong>Siculum,</strong></span> <span class='ocrx_word' id='word_1_407' title='bbox 587 4009 638 4072; x_wconf 94' lang='lat' dir='ltr'><strong>ubi</strong></span> <span class='ocrx_word' id='word_1_408' title='bbox 660 4010 787 4072; x_wconf 89' lang='lat' dir='ltr'><strong>Danaus</strong></span> <span class='ocrx_word' id='word_1_409' title='bbox 819 4018 851 4072; x_wconf 88' lang='lat' dir='ltr'><strong>et</strong></span> <span class='ocrx_word' id='word_1_410' title='bbox 881 4009 1015 4074; x_wconf 86' lang='lat' dir='ltr'><strong>Cadmus</strong></span> <span class='ocrx_word' id='word_1_411' title='bbox 1040 4011 1145 4073; x_wconf 87' lang='lat' dir='ltr'><strong>eodem</strong></span> <span class='ocrx_word' id='word_1_412' title='bbox 1173 4019 1310 4093; x_wconf 88' lang='lat' dir='ltr'><strong>tempore</strong></span> <span class='ocrx_word' id='word_1_413' title='bbox 1342 4010 1507 4092; x_wconf 85' lang='lat' dir='ltr'><strong>eademque</strong></span> <span class='ocrx_word' id='word_1_414' title='bbox 1530 4009 1567 4072; x_wconf 91' lang='lat' dir='ltr'><strong>dc</strong></span> 
     </span>
    </p>
   </div>
   <div class='ocr_carea' id='block_1_7' title="bbox 221 4096 1676 4182">
    <p class='ocr_par' dir='ltr' id='par_1_11' title="bbox 221 4096 1676 4182">
     <span class='ocr_line' id='line_1_43' title="bbox 221 4096 1676 4182; baseline 0.003 -25"><span class='ocrx_word' id='word_1_415' title='bbox 221 4114 329 4171; x_wconf 89' lang='lat' dir='ltr'><strong>causa,</strong></span> <span class='ocrx_word' id='word_1_416' title='bbox 360 4115 419 4178; x_wconf 91' lang='lat' dir='ltr'><strong>qua</strong></span> <span class='ocrx_word' id='word_1_417' title='bbox 441 4096 546 4161; x_wconf 88' lang='grc' dir='ltr'>Μοιιι</span> <span class='ocrx_word' id='word_1_418' title='bbox 571 4116 637 4161; x_wconf 89' lang='lat' dir='ltr'><strong>cum</strong></span> <span class='ocrx_word' id='word_1_419' title='bbox 661 4099 828 4175; x_wconf 69' lang='lat' dir='ltr'><strong>Israelitis,</strong></span> <span class='ocrx_word' id='word_1_420' title='bbox 859 4099 998 4163; x_wconf 89' lang='lat' dir='ltr'><strong>dicuntur</strong></span> <span class='ocrx_word' id='word_1_421' title='bbox 1023 4119 1062 4164; x_wconf 87' lang='lat' dir='ltr'><strong>ex</strong></span> <span class='ocrx_word' id='word_1_422' title='bbox 1083 4100 1228 4182; x_wconf 82' lang='lat' dir='ltr'><strong>Aegypto</strong></span> <span class='ocrx_word' id='word_1_423' title='bbox 1259 4099 1414 4182; x_wconf 87' lang='lat' dir='ltr'><strong>expulsi&#39;</strong></span> <span class='ocrx_word' id='word_1_424' title='bbox 1405 4120 1437 4162; x_wconf 93' lang='grc' dir='ltr'><strong>ιιι</strong></span> <span class='ocrx_word' id='word_1_425' title='bbox 1463 4099 1566 4164; x_wconf 86' lang='lat' dir='ltr'><strong>Grae·</strong></span> <span class='ocrx_word' id='word_1_426' title='bbox 1670 4131 1676 4143; x_wconf 93' lang='lat'><em>·</em></span> 
     </span>
    </p>
   </div>
   <div class='ocr_carea' id='block_1_8' title="bbox 219 4181 1566 4914">
    <p class='ocr_par' dir='ltr' id='par_1_12' title="bbox 219 4181 1566 4914">
     <span class='ocr_line' id='line_1_44' title="bbox 221 4181 1566 4360; baseline 0.004 -24"><span class='ocrx_word' id='word_1_427' title='bbox 221 4184 305 4356; x_wconf 67' lang='grc' dir='ltr'><strong>ιιι</strong></span> <span class='ocrx_word' id='word_1_428' title='bbox 312 4181 1429 4360; x_wconf 59' lang='lat' dir='ltr'><strong>llllffulltpdllld,llllrltllllltltli</strong></span> <span class='ocrx_word' id='word_1_429' title='bbox 1442 4189 1566 4360; x_wconf 58' lang='lat' dir='ltr'><strong>llll</strong></span> 
     </span>
     <span class='ocr_line' id='line_1_45' title="bbox 221 4363 1566 4442; baseline 0.004 -17"><span class='ocrx_word' id='word_1_430' title='bbox 221 4365 305 4426; x_wconf 83' lang='lat' dir='ltr'><strong>tasse</strong></span> <span class='ocrx_word' id='word_1_431' title='bbox 327 4364 498 4427; x_wconf 86' lang='lat' dir='ltr'><strong>videntur</strong></span> <span class='ocrx_word' id='word_1_432' title='bbox 490 4385 521 4428; x_wconf 91' lang='grc' dir='ltr'><strong>ιιι</strong></span> <span class='ocrx_word' id='word_1_433' title='bbox 543 4363 713 4429; x_wconf 86' lang='lat' dir='ltr'><strong>Graeciam.</strong></span> <span class='ocrx_word' id='word_1_434' title='bbox 742 4367 823 4430; x_wconf 87' lang='lat' dir='ltr'><strong>Nam</strong></span> <span class='ocrx_word' id='word_1_435' title='bbox 845 4375 878 4430; x_wconf 91' lang='lat' dir='ltr'><strong>et</strong></span> <span class='ocrx_word' id='word_1_436' title='bbox 899 4368 936 4430; x_wconf 89' lang='lat' dir='ltr'><strong>de</strong></span> <span class='ocrx_word' id='word_1_437' title='bbox 951 4365 1129 4431; x_wconf 89' lang='lat' dir='ltr'><strong>Hammonis</strong></span> <span class='ocrx_word' id='word_1_438' title='bbox 1151 4369 1272 4431; x_wconf 91' lang='lat' dir='ltr'><strong>oraculo</strong></span> <span class='ocrx_word' id='word_1_439' title='bbox 1288 4369 1382 4430; x_wconf 88' lang='lat' dir='ltr'><strong>refert</strong></span> <span class='ocrx_word' id='word_1_440' title='bbox 1401 4367 1566 4442; x_wconf 88' lang='lat' dir='ltr'><strong>Diodorus,</strong></span> 
     </span>
     <span class='ocr_line' id='line_1_46' title="bbox 219 4451 1564 4538; baseline 0.005 -25"><span class='ocrx_word' id='word_1_441' title='bbox 219 4451 252 4514; x_wconf 90' lang='lat' dir='ltr'><strong>id</strong></span> <span class='ocrx_word' id='word_1_442' title='bbox 266 4473 285 4514; x_wconf 86' lang='lat' dir='ltr'><strong>a</strong></span> <span class='ocrx_word' id='word_1_443' title='bbox 299 4453 410 4516; x_wconf 89' lang='lat' dir='ltr'><strong>Danao</strong></span> <span class='ocrx_word' id='word_1_444' title='bbox 425 4453 580 4535; x_wconf 78' lang='lat' dir='ltr'><strong>Aegyptio</strong></span> <span class='ocrx_word' id='word_1_445' title='bbox 597 4455 796 4537; x_wconf 69' lang='lat' dir='ltr'><strong>constitutum</strong></span> <span class='ocrx_word' id='word_1_446' title='bbox 811 4457 964 4520; x_wconf 88' lang='lat' dir='ltr'><strong>exrelatu</strong></span> <span class='ocrx_word' id='word_1_447' title='bbox 979 4457 1195 4538; x_wconf 81' lang='lat' dir='ltr'><strong>indigenarum.</strong></span> <span class='ocrx_word' id='word_1_448' title='bbox 1225 4457 1292 4538; x_wconf 83' lang='lat' dir='ltr'><strong>Ego</strong></span> <span class='ocrx_word' id='word_1_449' title='bbox 1307 4455 1420 4520; x_wconf 91' lang='lat' dir='ltr'><strong>idolum</strong></span> <span class='ocrx_word' id='word_1_450' title='bbox 1433 4459 1564 4521; x_wconf 89' lang='lat' dir='ltr'><strong>Ammo-</strong></span> 
     </span>
     <span class='ocr_line' id='line_1_47' title="bbox 220 4541 1565 4628; baseline 0.004 -26"><span class='ocrx_word' id='word_1_451' title='bbox 220 4541 352 4604; x_wconf 88' lang='lat' dir='ltr'><strong>nitarnm</strong></span> <span class='ocrx_word' id='word_1_452' title='bbox 374 4561 390 4604; x_wconf 90' lang='lat' dir='ltr'><strong>e</strong></span> <span class='ocrx_word' id='word_1_453' title='bbox 406 4541 597 4605; x_wconf 81' lang='lat' dir='ltr'><strong>lineamentis</strong></span> <span class='ocrx_word' id='word_1_454' title='bbox 619 4545 703 4607; x_wconf 86' lang='lat' dir='ltr'><strong>vocis</strong></span> <span class='ocrx_word' id='word_1_455' title='bbox 725 4565 794 4609; x_wconf 89' lang='lat' dir='ltr'><strong>esse</strong></span> <span class='ocrx_word' id='word_1_456' title='bbox 808 4555 899 4628; x_wconf 91' lang='lat' dir='ltr'><strong>puto,</strong></span> <span class='ocrx_word' id='word_1_457' title='bbox 921 4548 1000 4609; x_wconf 87' lang='lat' dir='ltr'><strong>forte</strong></span> <span class='ocrx_word' id='word_1_458' title='bbox 1015 4547 1165 4610; x_wconf 90' lang='lat' dir='ltr'><strong>Hammon</strong></span> <span class='ocrx_word' id='word_1_459' title='bbox 1181 4553 1230 4609; x_wconf 89' lang='grc' dir='ltr'><strong>ιιι</strong></span> <span class='ocrx_word' id='word_1_460' title='bbox 1246 4545 1392 4621; x_wconf 81' lang='lat' dir='ltr'><strong>Chamos,</strong></span> <span class='ocrx_word' id='word_1_461' title='bbox 1413 4546 1491 4610; x_wconf 82' lang='lat' dir='ltr'><strong>trita</strong></span> <span class='ocrx_word' id='word_1_462' title='bbox 1505 4565 1565 4608; x_wconf 89' lang='lat' dir='ltr'><strong>vox</strong></span> 
     </span>
     <span class='ocr_line' id='line_1_48' title="bbox 221 4627 1563 4718; baseline 0.006 -29"><span class='ocrx_word' id='word_1_463' title='bbox 221 4627 316 4692; x_wconf 90' lang='lat' dir='ltr'><strong>idoli</strong></span> <span class='ocrx_word' id='word_1_464' title='bbox 308 4651 340 4694; x_wconf 92' lang='lat' dir='ltr'><strong>m</strong></span> <span class='ocrx_word' id='word_1_465' title='bbox 349 4629 518 4712; x_wconf 88' lang='lat' dir='ltr'><strong>Scriptura.</strong></span> <span class='ocrx_word' id='word_1_466' title='bbox 544 4631 601 4696; x_wconf 92' lang='lat' dir='ltr'><strong>Sin</strong></span> <span class='ocrx_word' id='word_1_467' title='bbox 616 4641 717 4696; x_wconf 88' lang='lat' dir='ltr'><strong>autem</strong></span> <span class='ocrx_word' id='word_1_468' title='bbox 726 4636 855 4717; x_wconf 81' lang='lat' dir='ltr'><strong>propius</strong></span> <span class='ocrx_word' id='word_1_469' title='bbox 871 4636 1128 4700; x_wconf 89' lang='lat' dir='ltr'><strong>adAbrahnmum</strong></span> <span class='ocrx_word' id='word_1_470' title='bbox 1142 4635 1218 4698; x_wconf 89' lang='lat' dir='ltr'><strong>libet</strong></span> <span class='ocrx_word' id='word_1_471' title='bbox 1232 4633 1397 4698; x_wconf 87' lang='lat' dir='ltr'><strong>ascendere</strong></span> <span class='ocrx_word' id='word_1_472' title='bbox 1414 4631 1467 4718; x_wconf 90' lang='lat' dir='ltr'><strong>(ut</strong></span> <span class='ocrx_word' id='word_1_473' title='bbox 1479 4635 1563 4698; x_wconf 79' lang='lat' dir='ltr'><strong>varie</strong></span> 
     </span>
     <span class='ocr_line' id='line_1_49' title="bbox 222 4717 1563 4806; baseline 0.009 -29"><span class='ocrx_word' id='word_1_474' title='bbox 222 4719 354 4783; x_wconf 81' lang='lat' dir='ltr'><strong>averiis</strong></span> <span class='ocrx_word' id='word_1_475' title='bbox 376 4720 530 4802; x_wconf 88' lang='lat' dir='ltr'><strong>quaeritur</strong></span> <span class='ocrx_word' id='word_1_476' title='bbox 550 4721 627 4785; x_wconf 87' lang='lat' dir='ltr'><strong>baec</strong></span> <span class='ocrx_word' id='word_1_477' title='bbox 649 4719 823 4806; x_wconf 77' lang='lat' dir='ltr'><strong>cognatio),</strong></span> <span class='ocrx_word' id='word_1_478' title='bbox 851 4727 940 4788; x_wconf 87' lang='lat' dir='ltr'><strong>offert</strong></span> <span class='ocrx_word' id='word_1_479' title='bbox 962 4743 997 4788; x_wconf 91' lang='lat' dir='ltr'><strong>se</strong></span> <span class='ocrx_word' id='word_1_480' title='bbox 1019 4726 1058 4788; x_wconf 88' lang='lat' dir='ltr'><strong>ad</strong></span> <span class='ocrx_word' id='word_1_481' title='bbox 1081 4717 1207 4788; x_wconf 87' lang='lat' dir='ltr'><strong>eandem</strong></span> <span class='ocrx_word' id='word_1_482' title='bbox 1231 4725 1407 4788; x_wconf 87' lang='lat' dir='ltr'><strong>Danaorum</strong></span> <span class='ocrx_word' id='word_1_483' title='bbox 1434 4723 1563 4789; x_wconf 85' lang='lat' dir='ltr'><strong>nominis</strong></span> 
     </span>
     <span class='ocr_line' id='line_1_50' title="bbox 223 4805 1561 4914; baseline 0.009 -48"><span class='ocrx_word' id='word_1_484' title='bbox 223 4805 367 4890; x_wconf 75' lang='lat' dir='ltr'><strong>originem</strong></span> <span class='ocrx_word' id='word_1_485' title='bbox 392 4810 518 4888; x_wconf 84' lang='lat' dir='ltr'><strong>Dedan,</strong></span> <span class='ocrx_word' id='word_1_486' title='bbox 545 4809 624 4876; x_wconf 82' lang='lat' dir='ltr'><strong>lilius</strong></span> <span class='ocrx_word' id='word_1_487' title='bbox 642 4811 758 4877; x_wconf 86' lang='lat' dir='ltr'><strong>Jeosan</strong></span> <span class='ocrx_word' id='word_1_488' title='bbox 779 4814 832 4878; x_wconf 86' lang='lat' dir='ltr'><strong>filii</strong></span> <span class='ocrx_word' id='word_1_489' title='bbox 846 4815 1005 4882; x_wconf 84' lang='lat' dir='ltr'><strong>Abraham</strong></span> <span class='ocrx_word' id='word_1_490' title='bbox 1026 4833 1065 4878; x_wconf 90' lang='lat' dir='ltr'><strong>ex</strong></span> <span class='ocrx_word' id='word_1_491' title='bbox 1086 4813 1208 4891; x_wconf 87' lang='lat' dir='ltr'><strong>Gitura,</strong></span> <span class='ocrx_word' id='word_1_492' title='bbox 1230 4813 1280 4898; x_wconf 87' lang='lat' dir='ltr'><strong>qui</strong></span> <span class='ocrx_word' id='word_1_493' title='bbox 1300 4810 1413 4880; x_wconf 77' lang='lat' dir='ltr'><strong>Dedan</strong></span> <span class='ocrx_word' id='word_1_494' title='bbox 1435 4821 1561 4914; x_wconf 78' lang='lat' dir='ltr'><strong>epacta·</strong></span> 
     </span>
    </p>
   </div>
   <div class='ocr_carea' id='block_1_9' title="bbox 0 0 1710 5538">
    <p class='ocr_par' dir='ltr' id='par_1_13' title="bbox 0 0 1710 5538">
     <span class='ocr_line' id='line_1_51' title="bbox 0 0 1710 5538; baseline 0 0"><span class='ocrx_word' id='word_1_495' title='bbox 0 0 1710 5538; x_wconf 95' lang='lat' dir='ltr'><strong> </strong></span> 
     </span>
    </p>
   </div>
  </div>
 </body>
</html>
