3310 5538
233 287 256 360 8
608 277 628 330 ⁸·
761 355 766 364 .
821 306 985 362 Prooemium.

233 457 392 536 posterum
414 459 524 518 metuo.
569 453 638 517 Non
661 458 711 514 est
731 453 779 516 hie
801 460 899 526 metus
922 473 962 516 ex
983 472 1019 517 eo
1041 472 1167 535 genere,
1190 453 1287 537 qualis
1309 454 1373 522 ille:
1397 473 1434 520 ne
1449 453 1577 538 mundus

235 541 344 606 40000
367 563 462 606 anuos
489 562 578 624 porro
606 543 702 604 duret.
747 543 817 606 Non
838 550 928 622 erunt
948 543 1036 606 nobis
1059 563 1178 626 semper
1199 543 1352 625 Rudolphi
1373 544 1463 606 mites
1486 551 1576 624 atque

234 632 349 696 faciles.
385 631 505 714 Aliquis
520 630 704 696 Lutheranis
726 632 860 696 infensus
882 631 1073 696 occasionem
1088 632 1214 714 arripiet
1234 632 1305 695 belli
1328 652 1367 696 ex
1381 633 1439 696 hoc
1452 633 1576 715 pohtieo
1616 649 1617 712 ;

235 721 336 784 edicto
353 728 515 787 contemto.
558 721 727 783 Praetexet
741 719 878 801 religioni
896 721 1109 786 calendarium
1131 729 1164 785 et
1178 721 1336 804 utrumque
1359 722 1446 786 simul
1461 721 1576 804 eripiet
1616 771 1617 780 ,

233 811 315 873 Ecce
332 809 474 875 carolum
492 809 640 892 quintum:
663 809 696 872 Is
711 816 746 872 ut
761 809 931 874 fiduciarius
947 830 1018 874 suos
1034 811 1123 874 adae
1139 811 1281 874 attrahat
1300 811 1388 885 dixit,
1409 811 1454 874 ire
1469 831 1504 876 se
1521 830 1576 892 pu·
1616 803 1617 880 1

234 899 331 964 nitum
352 899 497 973 rebelles,
520 897 570 980 qui
590 898 820 968 Ferdinandum¹
837 915 940 980 regem
960 899 1134 981 repudient:
1158 907 1192 962 at
1215 919 1250 961 eo
1271 900 1352 964 bello
1375 899 1576 970 Smalcaldieo

234 1007 341 1071 parum
357 987 470 1062 abluit,
492 983 562 1069 quin
577 987 646 1068 ipsa
666 987 772 1069 religio
794 985 1021 1068 conflagrarst'
1042 989 1116 1052 Tale
1132 988 1203 1072 qnid
1224 1006 1314 1070 porro
1335 1002 1453 1072 qaoque
1465 997 1576 1052 metuo.

232 1077 414 1142 introducta
429 1085 479 1140 est
494 1077 665 1140 emendatio
688 1077 743 1138 sub
760 1076 969 1157 conjunctione
985 1095 1097 1159 magna
1112 1076 1238 1142 Saturni
1253 1085 1287 1141 et
1299 1077 1400 1152 Jovis,
1421 1097 1533 1142 vereor
1547 1086 1576 1140 11
1616 1123 1617 1130 .

234 1165 400 1270 expugnari
415 1166 515 1247 possit
536 1173 569 1228 et
590 1185 627 1228 ne
644 1166 817 1247 aliquando
826 1165 857 1228 vi
871 1173 1065 1247 propagetur.
1103 1165 1209 1231 Satius
1232 1175 1316 1230 esset
1339 1174 1448 1249 sponte
1464 1167 1579 1249 aliquid

233 1245 333 1330 adire,
355 1255 425 1326 dum
440 1255 524 1318 nulla
546 1255 645 1318 adhue
660 1254 778 1316 coactio
800 1273 855 1346 pro
873 1255 999 1331 loribus,
1022 1274 1111 1337 quam
1126 1256 1157 1320 in
1181 1255 1298 1320 hrtnrae
1314 1256 1478 1326 violentiae
1494 1264 1574 1320 meto
1616 1317 1617 1326 ,

232 1344 399 1426 persistere
413 1352 447 1406 et
460 1350 601 1424 posteros
616 1343 746 1424 prodire.
775 1332 841 1407 At
843 1343 943 1426 possis
957 1365 1005 1408 me
1021 1345 1118 1409 ridere
1142 1365 1208 1410 cum
1229 1345 1388 1414 immaturo
1410 1366 1478 1410 meo
1495 1353 1574 1410 mehr
1616 1341 1617 1354 ¹

109 1472 115 1486 «
233 1443 326 1516 atque
342 1433 451 1508 dicere,
468 1433 664 1497 differendum
678 1433 737 1497 hoc
758 1433 913 1514 negotium
927 1434 1094 1515 tantisper,
1116 1436 1186 1497 dum
1200 1435 1355 1498 immineat
1375 1435 1437 1510 tale
1454 1434 1573 1518 aliquid
1616 1431 1617 1472 ³

232 1523 299 1604 Ego
314 1541 390 1596 vero·
403 1522 468 1602 ajo,
489 1530 554 1584 tom
576 1540 635 1584 non
658 1523 785 1603 amplius
806 1523 852 1586 ita
865 1522 1016 1604 integrum
1037 1523 1151 1587 nostris
1173 1523 1351 1598 laturum,
1341 1543 1400 1587 rmo
1416 1544 1443 1587 sr
1434 1523 1574 1588 'demum
1616 1543 1617 1616 1

232 1614 291 1678 hoe
307 1609 430 1685 iaciant,
445 1610 519 1674 victi
534 1611 640 1674 statim
655 1611 846 1694 praebituros
862 1611 1001 1694 speciem,
1017 1631 1106 1696 quam
1119 1612 1247 1694 primum
1255 1612 1434 1694 imperatum
1444 1613 1573 1676 loturum
1616 1633 1617 1698 }

233 1702 282 1766 sit
312 1701 388 1764 Tum
403 1708 505 1763 autem
521 1708 553 1763 et
567 1699 687 1764 occasio
702 1697 914 1782 praeterlapsa
930 1701 998 1775 erit,
1013 1720 1089 1782 quae
1105 1701 1173 1764 sola
1186 1721 1234 1764 me
1249 1708 1360 1778 movet,
1375 1711 1410 1765 ut
1424 1703 1484 1766 hoc
1494 1710 1570 1766 tem-
1616 1703 1617 1772 1

232 1809 306 1874 pore
323 1787 460 1852 scribam.
504 1793 607 1854 Instat
622 1809 717 1852 annus
736 1788 819 1854 1600
842 1812 861 1852 a
882 1797 956 1857 natu
973 1790 1043 1854 Ohr.
1079 1791 1243 1854 Possemus
1265 1809 1332 1852 eum
1353 1791 1498 1872 insignire
1520 1791 1572 1854 ali-

233 1899 291 1962 quo
314 1879 507 1941 memorabili.
553 1880 716 1941 Possemus
734 1880 846 1959 justius
869 1879 1007 1960 gloriari,
1029 1880 1571 1962 quampapadeann01582,quasi
1616 1891 1617 1896 ’

232 1969 264 2031 in
280 1969 401 2031 deserto
418 1969 527 2047 angulo
543 1968 652 2049 posito.
689 1967 937 2032 Illevsr01600
960 1974 1009 2030 est
1030 1968 1116 2050 quasi
1137 1969 1168 2030 in
1191 1968 1280 2042 trivio
1302 1976 1357 2032 aot
1378 1969 1445 2032 loco
1465 1969 1572 2034 illustri
1616 2035 1617 2038 ,

132 2091 135 2098 ·
232 2057 359 2140 positus.
394 2055 429 2120 Si
444 2064 617 2120 moneretur
630 2057 800 2138 Imperator
816 2065 849 2120 et
862 2058 1069 2138 promulgaret
1084 2057 1214 2120 edictum
1229 2076 1311 2122 mers
1325 2058 1498 2138 politicum,
1519 2059 1571 2122 ha-

135 2175 139 2184 ·
227 2147 296 2224 ,bito
312 2147 394 2227 prius
415 2146 657 2226 evangelicorum
673 2146 811 2221 consilio,
834 2146 985 2227 principes
1003 2153 1106 2208 autem
1116 2146 1224 2226 singuli
1240 2147 1418 2227 colligerent
1434 2148 1573 2228 suffragia

234 2255 355 2301 suorum
370 2235 665 2298 mathematicorum:
690 2235 733 2298 sic
749 2236 969 2317 approbaretur
989 2254 1050 2298 non
1067 2233 1208 2315 Gregorii
1223 2235 1321 2310 bulla,
1344 2236 1399 2298 sed
1413 2236 1495 2299 illins
1510 2255 1571 2298 ma·

233 2323 390 2388 thematici
419 2324 583 2388 eonsilium.
628 2325 728 2404 Turpe
751 2323 949 2399 Germaniae,
980 2343 1046 2387 cum
1068 2330 1167 2387 artem
1189 2323 1359 2406 corrigendi
1388 2326 1572 2398 restaurarit,
1616 2339 1617 2376 ³

233 2414 330 2486 solam
345 2414 531 2476 correctione
548 2432 660 2476 carere.
689 2413 839 2480 Existimo
854 2414 934 2476 inter
949 2413 1046 2476 bonos
1063 2412 1140 2476 bene
1157 2409 1255 2495 agier,
1276 2433 1334 2496 quo
1350 2413 1474 2478 liberior
1490 2415 1532 2478 fui
1545 2415 1570 2477 in
1616 2411 1617 2430 ¹

233 2503 361 2582 dicenda
385 2521 454 2565 mea
477 2503 631 2566 sententia
658 2521 749 2582 super
775 2502 898 2583 negotio
922 2501 1105 2566 calendarii.
1149 2503 1252 2567 Aliam
1275 2510 1308 2565 tu
1332 2503 1465 2568 fortasse
1492 2523 1570 2566 com·
1616 2521 1617 2560 1

232 2591 441 2672 pausationem
456 2591 543 2655 dilati
559 2591 664 2672 scripti
687 2592 730 2653 tui
753 2613 773 2654 a
787 2611 834 2654 me
857 2591 1059 2672 exspectasti:
1084 2591 1139 2655 sed
1155 2592 1287 2673 cogites,
1309 2611 1356 2654 me
1378 2592 1522 2656 haesita
1537 2592 1571 2654 ad

232 2687 264 2742 te
288 2681 402 2756 dicere,
424 2679 498 2744 nihil
521 2681 560 2744 ad
580 2680 671 2743 alios:
696 2689 728 2742 et
749 2680 774 2743 si
796 2681 925 2744 maxime
948 2680 1054 2742 eadem
1076 2679 1143 2743 aliis
1167 2682 1314 2756 dicerem,
1335 2687 1438 2744 tamen
1459 2681 1491 2744 in
1507 2690 1570 2743 tuos
1616 2711 1617 2716 1

231 2769 352 2834 labores
367 2789 428 2833 non
444 2776 528 2832 esset
542 2769 651 2850 injuria
664 2788 733 2832 mea·
749 2769 910 2845 sententia,
927 2787 993 2832 eum
1006 2769 1098 2850 longe
1113 2770 1181 2834 aliis
1195 2770 1321 2844 insistat
1335 2769 1483 2852 vestigiis
1616 2775 1617 2778 ’

187 2949 192 2966 ·
302 2933 573 2988 Desamtahaecaunt
591 2933 839 3002 eKepleriepirmla
857 2935 988 3004 0.9..Α11
1005 2931 1085 2998 1591,
1105 2940 1570 3004 1111111111111111111111111111111

227 3003 289 3054 Vol.
302 3005 322 3064 Ι,
335 3021 358 3070 p.
369 3005 412 3056 31.
435 3005 928 3060 1111111111111111111111111111111111111
941 3009 1292 3076 editaansverbamquidem
1305 3011 1396 3062 dehac
1409 3011 1570 3061 admonitione
1616 3003 1617 3075 1

234 3073 450 3142 deprehendimus.
487 3077 604 3128 Ceterum
621 3079 770 3130 Masstlinus
783 3079 1002 3144 110111111111111
1021 3083 1132 3146 agitasse
1158 3082 1190 3133 de
1209 3083 1270 3132 libro
1290 3082 1466 3132 comerihendo
1489 3087 1570 3130 contre
1616 3049 1617 3152 1

234 3147 411 3198 Calendarium
430 3147 616 3212 Gregoriannm.
652 3151 742 3202 Exstat
760 3153 826 3206 enim
846 3148 951 3216 Keplsri
977 3151 1080 3216 epistola
1103 3153 1137 3204 ad
1160 3153 1351 3218 Stephanum
1375 3153 1569 3203 Gerlachium
1616 3133 1617 3212 1

227 3215 1570 3302 Ι(1111111111111111111111Τ11111111111111111)111111111111111111(111111111111111111111111111111111

233 3289 321 3348 11111111,
333 3289 405 3339 nulle
416 3291 513 3340 ratione
525 3297 669 3356 extorquere
681 3294 763 3356 potuit
773 3293 902 3344 Maestlini
913 3295 1101 3358 responsionem,
1115 3296 1227 3360 quamvis
1238 3295 1346 3361 undique
1359 3295 1488 3362 colligeret
1497 3297 1570 3346 socios
1616 3303 1617 3350 ἕ

234 3360 570 3427 adstimulandumsegnem
581 3361 748 3414 Maestlinum.
779 3365 989 3430 Epistulaeutem
1002 3365 1065 3416 haec
1078 3371 1129 3417 est:
1616 3375 1617 3382 ’

791 3513 869 3578 S.
884 3516 919 3579 P.
933 3515 1030 3578 D.

147 3689 156 3703 ,
321 3619 501 3684 Reverende
518 3625 551 3680 et
573 3616 738 3681 clarissime
752 3619 791 3682 D.
805 3619 1000 3704 Praeceptor.
1030 3619 1063 3685 Si
1078 3621 1153 3686 Rev.
1170 3623 1236 3686 Tua
1256 3621 1357 3698 valet,
1380 3631 1430 3686 est
1444 3630 1478 3686 ut
1491 3642 1564 3704 gau·
1616 3617 1617 3690 1

234 3713 331 3775 deam.
365 3711 483 3772 Memor
497 3707 655 3790 petitionis
673 3706 750 3770 Rev.
766 3717 836 3771 tuae
851 3709 899 3772 his
915 3711 1019 3776 diebus
1035 3713 1120 3792 coepi
1139 3712 1240 3794 legere
1262 3713 1387 3775 chartas
1402 3712 1567 3777 Maestlini:
1616 3705 1617 3776 l

233 3821 310 3881 qnae
325 3799 418 3880 igitur
432 3798 504 3862 mihi
518 3797 693 3862 necessaria
708 3797 775 3860 visa
789 3805 868 3873 sunt,
882 3800 1045 3882 perscripsi
1055 3801 1170 3864 duabus
1179 3798 1299 3883 paginis
1314 3809 1347 3864 et
1362 3801 1412 3866 hic
1428 3804 1466 3866 ad
1476 3802 1566 3883 ipsum
1616 3805 1617 3874 1

228 3887 314 3952 misi:
338 3889 455 3970 reliqna
475 3893 603 3969 sequent
603 3907 646 3950 ur.
687 3887 775 3950 Hunc
798 3895 899 3950 autem
920 3889 1092 3952 fasciculum
1113 3889 1181 3954 ideo
1204 3891 1251 3954 ad.
1266 3891 1342 3954 Rev.
1366 3899 1450 3975 tuam
1464 3891 1562 3954 mitto:
1616 3885 1617 3962 1

194 4009 195 4014 1
233 3986 298 4041 tum
312 3985 347 4040 ut
361 3978 451 4039 fidem
465 3995 563 4039 meam
578 3977 750 4059 approbem,
765 3997 825 4059 qna
839 3978 972 4057 promisi,
986 3986 1050 4041 tum
1064 3987 1099 4042 ut
1107 3979 1235 4043 habeam
1243 3979 1320 4043 Rev.
1335 3968 1421 4044 tuam
1436 3979 1617 4064 responsi

233 4069 313 4149 apud
327 4067 523 4130 Maestlinum
543 4066 772 4130 sollicitatorem
793 4085 924 4147 gravem.
954 4067 1096 4131 Vicissim
1118 4069 1196 4132 enim
1218 4069 1287 4132 ab
1279 4089 1345 4173 rpso
1369 4059 1617 4158 11111111111

233 4157 347 4240 Spero,
363 4176 438 4238 quas
454 4161 524 4218 ante
544 4155 584 4218 14
600 4155 664 4218 dies
680 4157 720 4218 ad
733 4157 772 4220 D.
787 4155 1028 4220 Hafenrellerum
1043 4158 1125 4233 dedi,
1147 4157 1226 4240 quod
1242 4158 1297 4221 ct'
1288 4178 1353 4241 rpse
1369 4157 1441 4223 mihi
1457 4178 1561 4241 qnaes-

233 4247 346 4309 tionem
361 4243 606 4307 mathematicam
620 4244 753 4320 miserat,
767 4245 905 4309 redditas
921 4265 988 4310 esse
1004 4235 1210 4320 Stuccardiae.
1240 4247 1555 4312 Sinonessetlactunr
1616 4327 1617 4330 Ἴ

233 4333 361 4400 inveniri
375 4325 504 4415 posseht
525 4333 605 4415 apud
619 4334 667 4396 Jo
682 4333 797 4417 Wolfg.
812 4336 924 4416 Voigt,
947 4337 1045 4400 1111111
1069 4339 1231 4413 asseclam,
1252 4337 1350 4420 11111Ι
1341 4357 1373 4400 11
1388 4337 1563 4402 visitmione.

232 4420 349 4488 Valea't
369 4423 445 4486 Rev.
468 4429 522 4485 tna
543 4441 648 4504 meque
671 4422 759 4488 sibi
750 4445 780 4488 m
802 4426 941 4506 precibus
963 4425 1025 4488 suis
1047 4425 1160 4490 habeat
1188 4428 1435 4492 commendatum.
1478 4427 1563 4489 Nova
1616 4483 1617 4492 2

234 4520 376 4578 accurate
392 4512 432 4574 ad
446 4512 512 4575 Vos
526 4512 760 4594 perscribuntur.
790 4512 926 4577 Vicimus
941 4533 1000 4578 uno
1015 4516 1107 4580 verbo
1123 4535 1178 4598 per
1191 4515 1250 4580 Dei
1265 4515 1404 4599 gratiam.
1440 4515 1559 4581 liaben-
1616 4557 1617 4570 .

234 4611 284 4669 tur
296 4602 435 4686 publicae
452 4602 611 4666 conciones
627 4601 827 4668 Germanicae
842 4603 873 4668 in
888 4605 1008 4686 templis
1025 4612 1057 4668 et
1071 4605 1204 4669 aedibus.
1272 4615 1275 4624 ’

321 4719 441 4811 Plagae
461 4717 515 4810 ε111
526 4724 599 4790 Julii
617 4725 709 4794 1609.
1131 4729 1170 4794 R.
1184 4731 1223 4794 D·
1235 4732 1274 4884 Ξ·
1283 4709 1519 4904 ἷζᾞῗῐθθῶω
