3428 5542
246 278 308 348 194
805 294 1024 358 somnosque

244 463 301 526 que
324 444 446 507 clausae
469 460 547 504 auno
569 440 620 506 41.
635 437 773 512 Juliano;
794 438 897 520 itaque
919 457 1026 500 census
1042 443 1114 499 tuuc
1129 435 1234 516 peragi
1248 432 1356 514 potuit
1394 430 1529 494 Constat
1548 446 1589 490 ex

246 531 404 607 Suetonio,
417 532 529 595 laurum
544 530 583 592 ab
598 529 738 610 Augusto
754 534 802 590 ter
818 528 964 590 clausum:
988 527 1084 606 prImo
1106 525 1199 587 linitis
1214 523 1302 586 bellis
1318 521 1473 594 civilibus,
1495 517 1587 582 tertio

244 621 336 702 paulc
351 629 422 686 ante
440 637 596 700 egressum
612 617 691 698 ejus3
716 617 846 680 secundo
864 616 1018 678 decretum
1033 614 1162 696 quidem,
1177 619 1301 678 auctore
1315 611 1424 685 Dione,
1441 627 1520 674 auno
1536 604 1588 680 36,

244 719 278 774 at
293 712 411 793 quaudo
428 711 540 774 factum
563 701 755 792 (Impeditum
770 705 849 770 enim
865 698 952 784 tunc)
977 724 1015 766 ex
1029 705 1129 768 Dione
1150 711 1182 766 et
1196 701 1358 766 Paterculo
1375 697 1496 762 nonnisi
1513 715 1588 760 con-

239 800 360 880 Jectura
383 798 568 879 assequaris,
591 815 633 858 sc.
647 795 726 858 inter
749 813 844 858 annos
860 794 903 857 40
926 800 959 856 et
972 793 1030 869 44,
1053 793 1133 878 quod
1148 800 1266 874 tempus
1282 789 1477 854 transsiliunt
1484 805 1494 862 ;
1519 783 1590 868 quia

243 888 421 952 intermedio
437 896 582 967 tempore,
597 885 705 966 quippe
722 884 966 965 altissimapace‚
981 883 1056 945 nihil
1072 889 1239 947 memoratu
1250 881 1389 946 idoneum
1398 879 1590 943 invenerunt

243 978 349 1060 ltaque
365 977 486 1059 quidam
500 975 532 1038 in
546 975 650 1038 Dione
662 973 812 1036 delectum
827 973 1023 1037 arbitrantur.
1141 1017 1144 1027 ·

329 1065 384 1130 IV.
413 1065 553 1146 Amplius
570 1063 656 1127 addit
671 1062 819 1144 Suslyga,
842 1063 993 1126 extribus
1008 1062 1114 1126 lustris
1137 1061 1344 1142 generalibus,
1366 1057 1483 1122 vicenis
1501 1053 1590 1120 anuis

243 1156 323 1218 inter
337 1155 424 1218 binos
440 1153 639 1234 interpositis,
653 1152 791 1228 medium,
812 1153 843 1214 iu
859 1171 917 1234 quo
934 1171 1056 1216 censum
1071 1152 1136 1233 egit
1149 1153 1310 1231 Augustus
1326 1150 1390 1212 sine
1407 1147 1535 1226 collega,
1552 1163 1590 1207 ex

242 1244 351 1307 indicio
366 1244 476 1325 lapidis
485 1240 642 1324 Ancyrani
656 1239 797 1304 incidisse
813 1242 844 1304 iu
854 1241 905 1304 38.
914 1241 1075 1316 Iulianum,
1092 1249 1164 1304 tunc
1179 1240 1272 1320 igitur
1282 1239 1447 1312 existimat,
1462 1235 1590 1300 nussum

133 1367 138 1374 ·
241 1334 276 1396 Ρ.
293 1333 456 1414 Sulpicium
472 1330 639 1404 Quirinium
660 1329 691 1392 in
707 1329 827 1411 Syriam
849 1332 889 1392 ad
908 1350 1031 1394 censum
1045 1331 1251 1412 peragendum
1267 1346 1390 1411 eumque
1405 1332 1518 1408 postea
1536 1341 1591 1405 per

243 1421 440 1486 Saturninum
455 1422 547 1484 fuisse
563 1419 777 1482 continuatum.
808 1421 867 1482 Ilic
883 1421 943 1483 etsi
958 1439 1080 1496 vereor,
1103 1439 1140 1483 ne
1155 1439 1202 1484 me
1219 1418 1342 1482 deficiat
1350 1418 1439 1499 justa
1455 1413 1590 1496 cognitio

245 1512 446 1594 antiquitatis,
462 1530 522 1574 nou
537 1527 660 1590 possum
674 1516 776 1571 mmen
792 1509 994 1574 intermittere
1010 1509 1081 1591 quin
1095 1528 1242 1584 moneam,
1258 1507 1431 1572 consideret
1446 1504 1591 1585 Suslyga,

244 1622 283 1666 au
297 1600 377 1666 idem
392 1601 434 1669 sit
448 1619 573 1664 coaeum
581 1617 733 1680 peragere
748 1599 861 1662 civium
874 1599 1093 1664 namnam
1113 1607 1146 1661 et
1160 1598 1399 1680 descriptionem
1411 1597 1520 1675 secere
1541 1599 1590 1656 to-

242 1691 305 1754 aas
320 1691 418 1766 aba,
440 1689 471 1752 iu
492 1708 551 1771 qua
573 1707 633 1752 non
647 1687 804 1750 Romanus
819 1694 939 1752 tautum
963 1689 1054 1764 civis,
1081 1707 1135 1752 seu
1157 1689 1189 1753 in
1203 1688 1277 1754 urbe
1301 1707 1355 1750 sen
1373 1686 1404 1748 in
1425 1681 1591 1766 provinciis

140 1801 143 1808 ·
243 1780 369 1844 civitate
392 1779 538 1853 donatus,
561 1777 616 1842 sed
631 1777 725 1840 etiam
739 1777 933 1859 provincialis
956 1777 1079 1860 quisque
1094 1779 1297 1860 profiteretur,
1315 1777 1347 1840 iu
1362 1795 1431 1858 qua,
1448 1781 1484 1838 ut
1500 1772 1591 1838 Corn.

146 1897 151 1903 ·
243 1869 343 1932 Taciti
358 1869 442 1932 libl.
456 1866 636 1941 Annalium,
658 1866 717 1928 imo
740 1874 773 1928 et
786 1866 895 1930 Dionis
911 1867 961 1929 lib.
977 1867 1020 1930 56
1042 1868 1143 1931 verbis
1163 1875 1245 1932 utar:
1277 1879 1350 1948 opes
1372 1874 1502 1946 publicae
1528 1889 1591 1928 con·

245 1960 411 2024 tiuebsntur,
426 1964 557 2030 quantum
578 1956 674 2012 civium
687 1957 871 2032 sociarumque
888 1957 915 2011 in
929 1957 1018 2024 armis,
1031 1964 1100 2028 quot
1112 1960 1225 2026 classes,
1242 1974 1344 2030 regna,
1361 1953 1529 2028 pecinnae.
1542 1952 1590 2008 tri·

241 2040 311 2094 buta
324 2047 375 2096 eut
383 2037 532 2112 vectigalis
546 2045 576 2092 et
588 2037 766 2094 necessitates
780 2053 813 2091 ae
825 2037 994 2110 largitiones.
1024 2039 1100 2104 Quae
1122 2047 1221 2094 cuncta
1235 2055 1285 2094 sua
1298 2054 1380 2094 mauu
1393 2032 1592 2108 perscripserat

241 2133 399 2204 Angustus,
421 2117 518 2200 inquit
533 2116 658 2179 Tacitus
665 2123 773 2198 ;,puta
789 2137 867 2179 anno
890 2116 1087 2194 36.Juliauo,
1108 2127 1143 2181 ut
1157 2119 1239 2181 Dion
1259 2119 1369 2192 refert,
1390 2115 1477 2178 initio
1499 2111 1591 2176 facto.

151 2248 157 2260 ι
244 2210 280 2272 In
296 2208 480 2274 Cassiodcro
497 2214 580 2268 certe
601 2204 743 2285 leguntur
764 2205 841 2269 haec
864 2206 1023 2270 distincta:
1050 2219 1167 2284 census,
1188 2207 1299 2290 iuquit,
1334 2219 1519 2274 Romanorum
1555 2211 1590 2266 ci-

243 2307 432 2380 riumprimus
446 2305 555 2360 Servius
577 2305 695 2370 invenit;
717 2323 781 2361 mox
800 2311 944 2380 Augustus
963 2324 1013 2378 per
1033 2309 1126 2364 orbem
1146 2307 1295 2380 ampliauit.
1349 2294 1481 2370 Quodsi,
1511 2291 1592 2374 quod

244 2405 300 2470 ego
315 2393 398 2468 puto,
414 2385 535 2448 diversa
549 2383 631 2448 haec·
643 2391 722 2459 sunt,
737 2383 810 2448 nihil
827 2385 971 2448 attinebit
986 2387 1078 2467 igitur
1098 2387 1227 2452 lustrum
1253 2406 1331 2450 auno
1347 2385 1399 2447 38.
1414 2383 1536 2448 Juliano
1554 2397 1592 2444 ex

244 2475 460 2540 consuetudine
482 2479 638 2554 peractum
660 2474 700 2536 ad
719 2474 952 2556 descriptionem
975 2477 1056 2540 orbis
1078 2497 1157 2540 novo
1181 2477 1317 2559 exemplo
1337 2475 1465 2547 factam,
1486 2472 1592 2554 inqua

245 2564 386 2630 Christus
401 2583 507 2627 recens
523 2569 613 2624 uatus
631 2581 696 2626 cum
711 2563 888 2644 parentibus
905 2585 1014 2628 nomen
1029 2567 1184 2648 professus
1201 2575 1258 2628 est.

331 2653 421 2718 Adde
438 2651 518 2734 quod
530 2652 683 2733 Iosephus
699 2651 805 2733 Antiq.
820 2653 907 2716 XVI.
926 2655 974 2718 12.
999 2675 1078 2718 auno
1095 2655 1138 2720 38
1161 2651 1320 2736 (namhoc
1337 2673 1415 2716 anno
1433 2649 1593 2732 Olympias

246 2751 331 2819 acta,
354 2761 443 2824 quam
464 2742 602 2804 Herodes
617 2739 747 2807 Romam
768 2742 916 2824 navigans
940 2745 1074 2808 offendit.
1119 2745 1167 2808 De
1189 2745 1268 2808 bello
1285 2741 1354 2806 Jud.
1370 2743 1393 2818 I,
1411 2737 1469 2824 16)
1482 2739 1594 2804 ·Titum

240 2833 397 2916 quendam
413 2831 522 2912 Syriae
538 2830 709 2912 praesidem
726 2840 942 2895 commemorat
963 2834 1049 2915 eique
1073 2835 1179 2896 statim
1201 2827 1242 2916 (c.
1260 2829 1318 2915 13)
1342 2829 1542 2898 Saturninum
1563 2834 1595 2890 et

246 2921 438 2985 Volumnium
454 2937 645 2982 successores
669 2919 738 2982 dat:
766 2921 875 2984 Nullus
890 2922 983 3004 igitur
1005 2922 1053 2986 his
1076 2924 1163 2989 aunis
1185 2919 1321 2996 Quirinio
1344 2922 1438 2985 locus.
1476 2917 1595 2984 Oeneus

245 3012 348 3093 itaque
364 3011 452 3072 lustri
467 3009 618 3091 generalis
641 3029 702 3072 nou
718 3017 767 3071 est
789 3029 897 3074 census
921 3011 1002 3074 orbis
1026 3009 1145 3075 aLuca
1167 3013 1274 3076 dictus.
1313 3009 1468 3076 Ooucinuc
1493 3015 1596 3070 tamen

248 3099 369 3176 dixeris,
385 3099 575 3162 occasionem
589 3097 659 3159 huic
669 3097 734 3178 jaus
751 3100 955 3163 continuando
971 3101 1144 3182 praebitam
1159 3104 1197 3166 ab
1214 3103 1265 3166 illo
1275 3103 1340 3184 jam
1356 3107 1492 3182 peracto.

333 3205 373 3268 V.
402 3205 449 3268 At
469 3203 563 3268 multo
579 3203 723 3286 majorem
744 3205 839 3270 hahet
861 3209 1169 3286 verisimilitudinem,
1196 3209 1276 3292 quod
1296 3205 1537 3290 idemsuslyga
1558 3203 1598 3268 ad

247 3293 335 3376 hujus
352 3293 523 3376 argumenti
546 3295 802 3360 confirmationem
824 3297 914 3360 affert
936 3318 974 3362 ex
994 3299 1192 3382 inscriptione
1215 3299 1357 3382 quadam,
1380 3297 1465 3378 cqius
1480 3294 1598 3360 Plinius

249 3378 315 3466 (lib.
330 3385 383 3448 III.
403 3403 467 3467 cap.
478 3379 535 3464 20)
552 3383 696 3460 meminit,
711 3385 743 3449 iu
758 3405 817 3467 qua
833 3395 958 3450 senatus
974 3391 1143 3468 profitetur,
1171 3399 1305 3455 Gentibus
1327 3396 1464 3460 omnibus,
1488 3411 1560 3468 qnae
1581 3409 1599 3448 a

247 3484 316 3540 mari
336 3500 433 3556 supere
455 3485 491 3538 sd
509 3481 625 3540 interum
643 3485 835 3556 pertinebant,
857 3488 906 3542 snb
926 3487 1067 3560 imperium
1086 3489 1180 3560 populi
1200 3487 1315 3545 Romani
1341 3486 1459 3546 redactis
1485 3476 1600 3538 18011111

249 3583 317 3627 esse
332 3561 559 3644 inscriptionem
573 3562 670 3639 illam,
693 3575 850 3632 tribunitiae
859 3577 1008 3648 pensatis
1017 3577 1120 3634 xv111.
1142 3561 1195 3648 (iu,
1210 3588 1277 3632 meo
1299 3565 1465 3648 exemplari
1487 3565 1598 3628 vitiose

248 3647 351 3733 XIV.)
375 3653 445 3716 Jam
461 3659 631 3744 constater
640 3653 739 3716 Dione
755 3655 804 3718 lib.
822 3655 872 3720 53.
889 3663 924 3720 ut
940 3663 972 3718 et
988 3655 1107 3732 ceteris,
1123 3657 1312 3722 tribunitiam
1325 3661 1516 3738 potestatem
1530 3653 1599 3718 Au-

250 3748 339 3826 gusto
363 3742 517 3805 decretam
540 3761 607 3804 esse
627 3741 749 3806 Julisno
765 3744 883 3808 XXIII.
906 3745 945 3806 V.
963 3743 1028 3809 Cal.
1043 3745 1117 3808 Julii
1140 3747 1189 3820 (ut
1211 3766 1278 3810 eam
1296 3737 1419 3810 ⁴scilicet
1441 3741 1507 3807 Gal.
1529 3743 1600 3808 Jau.

250 3831 321 3896 anui
337 3830 492 3912 sequentis
507 3849 589 3895 more
605 3832 735 3896 omnium
750 3835 984 3914 magistratuum
999 3835 1204 3900 Romanorum
1218 3835 1336 3910 iniret;·
1347 3835 1419 3916 quia
1434 3831 1600 3915 Capitol'rui

250 3919 324 3984 fasti
340 3921 378 3983 ab
394 3921 441 3982 his
458 3939 525 3984 eam
538 3917 722 4005 numerant).
751 3921 849 4004 Igitur
866 3923 980 3986 additis
997 3925 1155 4006 completis
1179 3919 1217 3987 17
1238 3926 1278 3988 ad
1294 3925 1345 4004 24.
1359 3925 1515 3988 Juliaunm
1529 3941 1599 3984 cnr-

251 4016 383 4084 rentem,
414 4009 585 4072 ostenditur
609 4031 705 4074 annus
730 4001 838 4078 labens
862 4011 1003 4076 Julianus
1035 4013 1085 4078 41.
1111 4014 1301 4095 gloriationis
1325 4022 1390 4076 tam
1414 4011 1600 4096 splendidae

252 4097 368 4172 Quodsi
384 4107 615 4164 connumeretur
630 4120 727 4164 annus
743 4091 887 4165 decretae
897 4103 1064 4182 potestatis
1081 4095 1222 4184 (Tacitus
1232 4105 1311 4168 euim
1326 4103 1542 4168 namnam
1555 4101 1602 4162 uit

249 4209 307 4272 per
316 4207 415 4252 mmor
423 4183 475 4262 37,
491 4207 549 4270 quo
566 4189 693 4266 nomine,
704 4209 771 4254 cum
787 4210 884 4254 annus
895 4191 947 4255 59.
963 4193 1054 4256 licerit
1063 4193 1195 4268 ultimus,
1212 4213 1308 4256 annus
1323 4192 1375 4257 23.
1391 4209 1536 4256 necessse
1553 4197 1601 4252 est

253 4279 294 4342 sit
308 4269 437 4360 primus)
460 4275 552 4358 igitur
568 4279 701 4342 decimus
715 4288 842 4344 octavus
866 4279 898 4342 in
913 4280 1068 4344 lulianum
1090 4283 1141 4346 40.
1163 4283 1279 4347 incidit.
1314 4283 1392 4346 Post
1413 4281 1494 4368 huuc
1510 4279 1602 4360 igitur

253 4386 364 4430 annum
378 4365 539 4429 verisimile
556 4375 613 4443 est,
628 4368 648 4431 J
650 4367 699 4431 aui
714 4369 868 4450 templum,
886 4369 965 4450 quod
982 4391 1060 4434 anuo
1074 4369 1127 4436 36.
1143 4391 1182 4434 ex
1197 4372 1321 4436 decreto
1336 4370 1401 4434 fieri
1416 4389 1478 4434 nou
1492 4367 1603 4449 potuit,

255 4458 389 4522 clausum
405 4473 585 4536 censumque
602 4457 683 4520 orbis
699 4456 838 4534 Romani,
861 4459 913 4539 qui
930 4458 1036 4528 eodem
1052 4477 1130 4524 auno
1146 4458 1197 4522 36.
1214 4463 1252 4526 ab
1268 4461 1408 4542 Augusto
1425 4465 1495 4523 erat
1509 4455 1602 4522 insti-

254 4554 348 4622 tutus,
362 4545 420 4608 hoc
436 4563 514 4606 anuo
531 4544 658 4627 deniqne
674 4555 830 4628 peractum
845 4547 949 4612 fuisse.

341 4635 427 4698 Haec
441 4633 543 4716 itaque
561 4635 620 4697 etsi
636 4636 769 4700 adhunc
784 4637 907 4700 modum
921 4638 1037 4702 hahent
1059 4644 1092 4698 et
1107 4636 1225 4702 omuino
1243 4635 1395 4710 Quirinius
1415 4641 1494 4704 auno
1509 4637 1606 4700 etiam

257 4723 307 4788 36.
323 4721 443 4806 Syriam
457 4721 644 4804 provinciam
659 4727 768 4802 tenuit,
783 4745 843 4790 non
858 4733 964 4788 tamen
978 4726 1081 4800 video,
1103 4726 1175 4807 quid
1188 4727 1340 4810 Iosephus
1355 4727 1537 4812 peccaverit,
1554 4727 1606 4809 qui

256 4817 328 4892 post
343 4811 525 4878 Archelaum
540 4811 710 4896 relegatum
726 4833 805 4880 suno
822 4834 863 4878 sc.
881 4813 933 4878 51.
943 4815 1064 4902 Julianq
1085 4813 1118 4878 iu
1133 4817 1209 4882 haec
1224 4817 1317 4881 rerba
1339 4817 1376 4882 de
1391 4817 1450 4882 hoc
1465 4813 1604 4888 Quirinio
