3310 5538
1123 291 1132 322 Ν

610 335 726 388 derebus
738 335 920 403 chronologicis.
1351 299 1356 308 ι
1394 319 1435 386 77

180 477 266 540 Mars
287 477 372 540 iuter
387 475 515 552 Chelas,
536 479 658 559 Jupiter
680 481 762 542 cadit
783 480 821 542 ab
843 480 953 567 angulo
974 478 1121 556 decimae,
1144 480 1193 563 qui
1208 482 1290 544 altus
1310 489 1360 544 est
1379 483 1435 545 de-

103 567 201 645 fluxus.
231 565 370 649 Cumque
386 568 428 630 sit
442 569 647 649 retrogradus,
661 570 751 632 valde
765 570 911 651 premitur
927 591 944 632 a
960 569 1115 651 quadratis
1131 569 1256 634 Saturni
1271 579 1303 633 et
1317 571 1436 647 Martie,

102 657 177 718 iuter
196 675 273 738 quos
293 657 412 720 medius
435 665 490 720 est.
527 658 633 721 Venus
656 666 706 720 est
727 660 782 722 sub
797 660 906 735 radiis,
927 659 1094 724 Mercurius
1109 660 1218 722 haeret
1240 662 1345 724 eodem
1359 662 1436 724 loco.

101 745 174 808 Nam
189 765 277 828 quern
292 753 386 810 antea
402 747 535 810 dicemus
557 748 783 823 transmiserat,
805 769 883 812 nunc
905 749 1100 828 remogmdus
1119 748 1246 830 repetit,
1269 757 1301 812 et
1321 769 1435 834 paucos

102 842 167 896 aute
190 835 256 898 dies
280 837 479 899 stationarius
502 835 573 912 lirit3
596 844 816 919 proptereaque
839 839 926 902 tarde
948 847 1100 913 movetur,
1124 845 1298 914 cunctatur,
1319 840 1435 904 haeret.

99 923 178 986 Mars
195 925 280 988 solus
297 925 434 988 domiuus
448 924 518 990 MC.
534 925 560 998 J)
578 929 651 988 Asc.
669 923 719 1003 Θ.
737 926 771 1000 Ω.
787 927 817 1004 tl.
843 927 951 1009 -Sigua
966 926 1041 992 lucis
1064 933 1097 988 et
1111 929 1302 991 tenebrarum
1318 931 1447 1014 adven-¹

99 1015 240 1090 tautium,
262 1014 371 1079 Venus
393 1035 435 1078 sc.
457 1022 492 1076 et
504 1015 685 1091 Mercurius,
709 1024 779 1078 eunt
795 1017 849 1080 sub
865 1017 958 1080 radiis
974 1025 1007 1078 et
1021 1017 1130 1080 mundo
1147 1017 1275 1080 obscura
1291 1020 1435 1082 feruutur.

99 1103 153 1166 Vel
168 1099 221 1182 Θ,
245 1107 285 1178 d,
306 1103 332 1182 Ω
349 1111 381 1166 et
401 1105 423 1182 ti
439 1105 493 1167 sub
509 1106 605 1168 Terra
620 1113 698 1166 suut.
739 1107 888 1170 Humerus
904 1105 1027 1169 Orionis
1043 1105 1164 1182 dexter,
1185 1108 1234 1190 qui
1251 1127 1316 1170 cum
1331 1104 1391 1169 21⁰
1407 1107 1435 1183 ὅ

99 1211 131 1255 eo
145 1201 285 1274 tempore
301 1193 420 1269 occidit,
436 1191 533 1276 fulget
546 1194 577 1257 iu
593 1213 711 1257 occasu.

177 1281 410 1359 Verumtamen,
424 1291 461 1347 ut
474 1301 577 1346 verum
592 1285 700 1359 fatear,
715 1283 791 1347 haec
799 1285 896 1366 figura
911 1283 983 1346 milri
997 1303 1057 1346 nou
1073 1284 1192 1348 videtur
1201 1285 1331 1349 Lucano·
1341 1285 1435 1349 satis-

98 1371 191 1434 facere
214 1391 273 1454 per
294 1373 402 1436 omnin.
433 1373 565 1436 Primum
587 1373 657 1454 quia
678 1373 815 1436 vaticinii
836 1375 1011 1455 magnitudo
1027 1373 1147 1437 videtur
1169 1375 1287 1438 omniuo
1311 1375 1435 1457 eclipsin

97 1461 223 1543 aliquam
241 1463 407 1542 respicere,
427 1481 487 1526 non
502 1463 612 1525 nudum
629 1461 711 1525 Solis
726 1452 895 1544 ingressum
908 1464 938 1524 iu
954 1467 1002 1540 5,
1023 1464 1203 1543 praesertim
1218 1483 1285 1527 cunr
1300 1485 1360 1528 uon
1376 1464 1438 1527 sint

96 1551 217 1632 partiles
234 1551 309 1614 mali
322 1559 473 1634 aspectus.
510 1551 628 1614 Deinde
651 1552 721 1634 quia
741 1561 766 1623 d
786 1571 846 1615 uon
867 1553 964 1614 estin
984 1563 1035 1632 1η,
1056 1553 1135 1615 unde
1154 1562 1324 1618 venenatae
1340 1571 1436 1636 aquae

96 1641 225 1720 praedici
244 1650 381 1722 possent.
411 1641 514 1708 Tertio
531 1641 600 1722 quia
616 1641 653 1704 de
669 1643 727 1704 hoc
743 1642 803 1704 situ
817 1642 904 1704 Jovis
919 1661 980 1704 non
996 1641 1235 1705 commodissime
1251 1643 1309 1705 diei
1323 1650 1436 1724 potest,

91 1729 123 1791 iu
137 1730 198 1792 alto
215 1749 333 1792 occasu
347 1731 451 1812 premi.
482 1728 599 1802 Quarto
616 1729 788 1812 quiaillud:
813 1729 917 1813 siqua
930 1737 1050 1795 mutem
1064 1725 1326 1808 destrueremus,
1346 1753 1438 1796 muo-

95 1819 187 1901 doqoe
202 1821 341 1882 obscura
349 1824 509 1904 swanum,
525 1819 712 1882 incommode
728 1821 912 1901 explicatum
927 1828 984 1896 est,
999 1821 1157 1902 potiusque
1169 1822 1294 1903 eclipsin
1305 1821 1435 1904 aliquam

97 1909 241 1971 denotare
256 1909 386 1985 videtur,
401 1909 498 1990 magis
515 1917 615 1971 nutem
631 1908 713 1972 Solis
729 1929 818 1991 quam
832 1910 946 1973 Lunae.
970 1911 1077 1992 Neque
1094 1919 1196 1974 tamen
1212 1911 1337 1993 eclipsin
1352 1913 1436 1975 iutu-

96 2017 154 2062 raru
166 2005 245 2080 post
259 1997 379 2061 initium
394 1999 475 2075 belli,
491 1999 560 2080 quia
576 1999 662 2060 dicit:
680 1997 728 2072 st,
745 1999 878 2073 Plroebs,
893 2019 975 2062 come
987 2019 1144 2082 premeres
1152 2001 1297 2064 Leoomn.
1323 1999 1437 2073 Quinto

96 2089 200 2150 militat
216 2087 320 2151 adhuc
342 2089 422 2151 ratio
443 2089 581 2170 superius
602 2088 713 2163 allata,
736 2089 881 2170 quodvis
903 2097 935 2152 et
955 2088 1092 2152 efficacia
1115 2091 1357 2154 constellationis
1377 2109 1438 2153 uon
1542 2091 1545 2100 '

97 2178 221 2260 pendeat
237 2179 280 2241 ab
295 2179 436 2258 ingressu
449 2177 481 2241 in
496 2182 544 2255 ᾖ,
564 2177 620 2240 sed
634 2184 737 2240 tamen
753 2178 921 2242 constitura
937 2186 1033 2254 esset,
1053 2179 1189 2261 quamvis
1205 2179 1260 2242 Sol
1275 2180 1306 2242 in
1323 2185 1347 2257 lq
1365 2199 1437 2266 ver-

97 2275 215 2330 saretur.
947 2309 950 2318 ·

176 2355 260 2428 Quia
283 2355 377 2438 igitur
400 2349 521 2420 omniuo
542 2355 663 2420 videtur
684 2355 807 2419 innuere
828 2357 956 2437 eclipsin
979 2358 1109 2441 aliquem
1125 2356 1207 2420 Solis
1228 2357 1304 2432 inl(
1325 2359 1438 2420 iactam

99 2440 172 2527 (cum
187 2448 224 2509 de
241 2445 444 2510 inundatione
460 2453 493 2508 et
506 2446 667 2510 venenatis
683 2446 768 2527 aquis
792 2447 873 2510 ausit
887 2442 1078 2528 vaticinari),
1099 2445 1271 2523 videamus,
1294 2467 1334 2508 an
1349 2448 1436 2510 novi-

98 2537 199 2600 lmium
215 2536 293 2600 anni
308 2536 360 2599 50.
376 2535 488 2598 mensis
502 2536 609 2598 Martii
624 2535 715 2598 fuerit
730 2535 909 2618 eclipticum.
955 2539 1102 2611 (calcula)
1126 2535 1243 2598 Romae
1262 2535 1355 2617 igitur
1369 2555 1435 2598 me-

103 2627 173 2688 dium
188 2627 317 2708 eclipsis
332 2626 439 2688 incidit
454 2625 483 2688 in
498 2626 604 2688 horam
622 2625 649 2686 1.
665 2624 828 2706 postSolis
844 2643 992 2688 occasum.
1016 2624 1211 2707 InHispauia
1226 2625 1281 2688 sub
1298 2643 1438 2687 occasum

102 2713 174 2779 Solis
189 2715 248 2778 luit
266 2715 391 2796 eclipsis
408 2712 447 2792 Θ
465 2715 504 2778 ad
519 2717 539 2776 2
556 2715 667 2795 digitos
683 2714 812 2789 circiter,
828 2716 907 2796 quod
922 2735 982 2778 uon
998 2715 1110 2778 sufficit
1128 2714 1327 2796 magnitudini
1344 2733 1437 2796 even-

103 2811 151 2866 tus
192 2805 383 2879 Videamus,
412 2824 451 2866 au
476 2805 661 2884 praecedens
687 2803 882 2884 plenilunium
909 2805 990 2881 iuli
1021 2803 1113 2866 etiam
1143 2803 1235 2867 fuerit
1259 2804 1437 2885 eclipticum.

101 2897 239 2964 (caedua)
275 2893 323 2956 Ar
344 2901 409 2956 tum
423 2892 504 2955 inter
518 2893 616 2955 locum
630 2893 735 2955 Lunae
757 2893 887 2956 medium
909 2901 942 2955 et
962 2897 995 2964 Ω
1017 2893 1084 2973 plus
1106 2893 1236 2955 interest
1258 2913 1347 2974 quam
1372 2889 1437 2970 15⁰,
1489 2896 1493 2906 ’

99 2981 178 3044 Luna
198 2983 299 3064 igitur
317 2982 431 3044 nullam
453 2982 578 3062 eclipsin
598 2983 722 3064 patitur.
763 2983 877 3044 Verum
899 3001 994 3063 neque
1016 2983 1168 3064 posterior
1190 2982 1311 3068 eclipsis
1332 2983 1437 3045 Lunae
1517 2975 1520 2985 '

100 3073 286 3152 quaerenda:
311 3071 382 3152 quia
397 3079 423 3140 d
440 3078 488 3158 est
501 3072 533 3133 iu
548 3075 587 3144 ,ἢ
617 3070 849 3135 Consideremus
864 3071 958 3152 igitur
973 3089 1083 3134 aunum
1099 3071 1150 3147 52,
1166 3090 1232 3134 cunr
1248 3073 1436 3135 caudaDra-

101 3162 175 3223 couis
197 3169 247 3224 est
274 3159 357 3223 eirca
381 3155 440 3222 10⁰
455 3159 498 3236 Υ.
528 3161 613 3222 Mars
635 3179 737 3223 mense
752 3160 865 3224 Martio
887 3163 919 3224 iu
938 3171 982 3240 tq.
1026 3164 1173 3234 (camur)
1204 3161 1325 3224 Incidet
1338 3161 1438 3224 media

101 3251 264 3330 conjunctio
280 3251 315 3313 in
329 3250 422 3312 horas
437 3248 590 3329 proximas
604 3257 677 3330 post
691 3269 846 3326 occasum,
869 3257 974 3332 estque
990 3251 1078 3313 Luna
1099 3251 1230 3314 nondum
1247 3271 1312 3313 cum
1333 3252 1437 3326 cauda,

102 3353 190 3419 quare
214 3341 283 3420 ejus
306 3338 440 3402 latitudo
463 3339 725 3420 septentrionalis,
754 3359 843 3422 quarn
871 3340 935 3420 ejus
956 3359 1068 3420 magua
1088 3340 1256 3422 parallaxis
1284 3341 1437 3404 diminuet.

102 3427 162 3490 Erit
175 3428 206 3502 il
219 3430 252 3490 irr
267 3432 313 3503 Π,
328 3423 349 3504 ii
365 3427 397 3488 iu
414 3429 455 3502 00,
477 3427 599 3510 eclipsis
614 3429 645 3490 in
660 3437 702 3515 tp,
726 3428 797 3504 Cin
813 3448 830 3490 o
846 3429 882 3506 Υ
898 3429 952 3492 sub
968 3429 1070 3492 radiis.
1116 3433 1263 3500 (Calculus.)
1290 3429 1437 3495 Consulto

103 3518 208 3581 calculo
226 3515 480 3600 deprehenditur,
501 3517 580 3600 quod
594 3517 678 3579 horis
694 3517 815 3580 circiter
830 3513 850 3580 7
865 3525 937 3600 post
951 3517 1081 3580 mediam
1097 3519 1338 3600 conjunctionem
1353 3519 1436 3582 acci-

103 3607 150 3667 dat
162 3626 236 3669 vera
251 3607 335 3669 infra
350 3605 490 3681 Terram,
512 3625 603 3688 quare
619 3607 804 3670 deserendus
820 3615 869 3670 est
882 3608 942 3670 iste
958 3627 1055 3670 annus
1070 3608 1119 3671 vel
1133 3608 1255 3671 mensis.
1278 3609 1437 3672 'Videatur

102 3703 194 3758 tamen
209 3698 299 3759 locus
316 3702 351 3770 0³,
368 3695 417 3775 qui
433 3702 482 3756 est
498 3692 556 3758 16ο
571 3697 624 3757 22‘
638 3705 683 3774 tq.
1289 3689 1294 3696 '

179 3786 371 3848 Descramus
388 3803 460 3864 ergo
476 3785 620 3866 eclipses,
643 3785 817 3847 deseramus
831 3783 987 3866 ingressus
1002 3785 1033 3847 in
1049 3785 1215 3849 cardinalia
1231 3793 1263 3848 et
1278 3787 1436 3870 confugia-

21 3864 25 3873 '
102 3891 159 3935 urus
175 3875 213 3938 ad
229 3872 430 3958 quaestiones
446 3874 660 3954 astrologicae,
681 3880 753 3937 tunc
769 3875 913 3955 temporis
932 3874 1022 3936 valde
1040 3875 1182 3938 usitatas.
1213 3875 1295 3939 Sane
1314 3879 1435 3940 mathe-'

102 3965 196 4026 matiei
211 3963 347 4028 Romani
362 3962 481 4043 magiae
490 3964 581 4043 juxta
596 3964 678 4025 fuere
695 3964 804 4040 dediti,
827 3963 906 4044 quod
920 3963 1062 4026 Lucanus
1086 3964 1178 4028 etiam
1193 3965 1230 4027 de
1245 3965 1352 4048 Figulo
1369 3974 1435 4029 ter-

101 4053 156 4116 tari
170 4055 307 4128 videtur,
330 4053 384 4115 cui
398 4071 476 4114 cura
489 4053 564 4116 deos
577 4071 667 4115 nosse
673 4053 751 4136 sarit.
786 4053 864 4115 Item
880 4053 994 4116 clarum
1009 4053 1083 4116 dicit
1101 4056 1239 4118 numme
1251 4055 1437 4119 mocmrtitm

102 4149 198 4218 ασίγα,
220 4141 361 4226 quamvis
378 4141 506 4216 dubium,
525 4143 609 4205 Deos
629 4143 745 4218 satane,
768 4163 806 4204 au
829 4143 980 4206 diabolum
997 4141 1158 4206 'Numeros
1177 4153 1266 4208 mun
1280 4151 1437 4220 moumtes,

103 4231 267 4300 carminare
293 4225 345 4312 (ut
365 4230 452 4310 Vrrg.
475 4231 655 4294 carminibus
676 4239 796 4294 vertere
819 4233 920 4294 sidera
940 4227 1056 4314 retro),
1083 4253 1122 4296 an
1145 4233 1290 4300 calculum
1314 4233 1435 4296 mathe-

103 4323 238 4386 maticum
253 4321 349 4383 dicat
381 4318 473 4383 Certe
489 4321 682 4402 quaestiones
697 4321 930 4384 mathematicae
947 4329 980 4384 et
995 4329 1095 4384 sortes
1110 4323 1242 4404 reliquae
1261 4323 1327 4404 pari
1341 4341 1435 4402 passu

103 4412 260 4474 ambulant
285 4408 456 4488 Hocigitur
472 4411 607 4472 alceste:
625 4411 799 4472 consulatur
814 4411 1057 4492 superprodigiis
1071 4412 1196 4492 Figulus
1213 4420 1245 4474 et
1259 4411 1436 4491 inspiciatur

103 4499 200 4562 thema
214 4501 313 4562 horae
335 4499 529 4580 quaestionis.
567 4495 642 4563 Cum
659 4506 760 4562 autem
780 4501 839 4562 fine
854 4500 1032 4563 Decembris
1055 4507 1080 4572 ὁ
1097 4508 1145 4562 est
1160 4501 1191 4563 in
1206 4496 1266 4563 27⁰
1282 4507 1343 4573 α,
1363 4505 1437 4578 post

104 4587 164 4650 dies
184 4607 300 4672 paucos
325 4588 407 4651 solet
428 4609 495 4656 esse
515 4589 548 4652 iu
568 4589 715 4671 principio
738 4599 773 4668 111
796 4597 828 4651 et
850 4585 947 4653 adhuc
969 4589 1049 4652 inter
1071 4590 1183 4652 chelas.
1219 4589 1323 4651 Talem
1344 4587 1436 4666 igitur

104 4675 180 4740 diem
194 4679 351 4759 eligamus,
367 4677 418 4758 qui
432 4679 546 4742 habeat
559 4679 642 4741 illum
658 4685 814 4759 aspectum
828 4681 986 4760 tragicum.
1015 4679 1047 4740 Is
1063 4686 1165 4741 autem
1181 4677 1257 4740 alius
1273 4677 1354 4738 circa
1369 4676 1435 4739 dic-

104 4771 200 4829 torum
219 4775 393 4848 temporum
412 4769 538 4830 confinia
559 4768 630 4849 eligi
651 4786 711 4830 nou
732 4775 851 4847 potest,
873 4787 961 4851 qnam
981 4768 1155 4831 undecimus
1178 4767 1216 4828 ab
1237 4765 1376 4845 ingressu
1393 4763 1433 4844 Θ

105 4851 190 4934 iaz,
205 4875 270 4921 curu
285 4855 343 4921 Sol
359 4855 401 4919 ad
414 4850 487 4940 Uli
501 4855 648 4939 perierit,
661 4857 693 4920 in
710 4855 785 4932 0⁰il.
829 4860 977 4931 (σηοω.)
1002 4853 1103 4928 Quare
1119 4863 1154 4918 ut
1168 4853 1352 4931 concludam,
1368 4873 1435 4919 cnm
