3406 5542
213 287 279 360 334
451 311 457 326 ’
715 311 837 364 neem
849 294 1050 370 bustim&

213 461 281 518 arat
296 473 421 535 regnum
434 451 576 516 Herodis.
619 455 666 516 At
688 453 809 516 interim
829 453 889 515 buc
907 453 987 516 sciat
998 451 1113 528 lector,
1132 415 1316 534 hypotlresin
1331 471 1430 516 meam
1444 451 1483 514 de
1499 470 1558 514 sx-

214 563 305 607 csssu
318 541 545 608 Herodisauno
560 542 612 604 42.
627 543 659 604 iu
674 543 877 623 superioribus
900 542 945 604 sic
969 559 1038 604 esse
1061 543 1302 622 comprobatam,
1322 549 1358 604 ιιι
1380 563 1400 604 a
1420 541 1558 604 Calvisio

212 632 338 696 refutari
353 651 542 714 nequaqnam
556 631 662 712 possit
708 631 857 696 Calvisius
873 649 945 694 vero
961 631 1009 692 vel
1025 632 1216 711 septennium
1232 632 1349 712 cogitur
1365 629 1474 694 Sentio
1491 630 1559 692 lar-

213 723 284 806 giri,
307 741 374 784 aum
393 721 465 784 mihi
486 721 579 782 etiam
601 719 825 801 quadriennium
845 720 968 799 longum
986 719 1141 782 videatur:
1173 720 1231 782 nisi
1247 721 1326 802 quud
1341 718 1559 800 descriptionis
1658 740 1660 744 ·

213 811 368 893 negotium
381 811 503 872 videtur
518 809 636 890 lougius
651 817 770 890 tempus
784 810 971 890 postulasse,
992 827 1058 870 cum
1075 810 1153 872 alias
1174 803 1281 888 (tressa
1296 811 1327 872 in
1343 809 1422 870 actis
1438 815 1471 870 et
1486 809 1560 888 Ap-

211 901 319 982 piano,
336 898 397 982 ,hoa
419 895 484 980 est)
505 898 658 961 biennium
672 899 736 960 iere
753 898 860 980 Syriae
882 898 1073 979 praesidibus
1095 899 1312 978 praestitutum
1334 906 1426 960 esset
1471 899 1560 959 Hac-

127 988 131 1004 ’
213 1001 303 1052 tenus
323 989 417 1068 'egitur
438 987 612 1049 testimonio
628 987 808 1050 Tertulliani
824 987 956 1062 subnixi,
980 987 1146 1050 retinemus
1166 987 1363 1050 nativitatem
1386 986 1504 1050 Christi
1528 987 1560 1048 iu

212 1079 270 1141 hoc
286 1075 498 1159 quadriennio,
519 1095 566 1139 sc:
587 1077 618 1138 in
640 1075 690 1138 38.
714 1077 765 1140 39.
788 1077 840 1137 40.
862 1076 915 1138 41.
928 1076 1124 1152 Juliano,rel
1141 1078 1254 1138 arctius
1270 1076 1300 1138 in
1316 1075 1367 1138 39.
1383 1075 1436 1137 40.
1475 1076 1559 1136 Nam

212 1187 268 1230 nec
288 1167 384 1247 primo
400 1165 506 1228 statim
529 1183 607 1228 annu
631 1165 681 1228 38.
698 1165 878 1228 Saturninus
894 1166 1115 1245 descriptiones
1128 1149 1265 1228 iudaeae
1282 1165 1356 1228 socii
1372 1163 1457 1252 regui
1474 1163 1558 1238 fecit,
1578 1169 1582 1176 '

212 1275 279 1318 aum
293 1256 376 1336 prior
391 1255 457 1336 ejus
480 1273 553 1316 cura
575 1265 659 1318 esset
674 1253 765 1335 Syria
778 1254 948 1334 provincia:
965 1273 1020 1317 nec
1035 1256 1103 1334 ipso
1118 1254 1150 1317 iri
1166 1253 1252 1318 exitu
1266 1273 1340 1316 suae
1356 1252 1557 1330 administra-

154 1407 159 1422 ,
211 1345 312 1419 tionis,
329 1353 458 1406 exeunte
475 1363 516 1406 sc.
532 1362 611 1406 anuo
626 1345 677 1405 41.
693 1343 944 1424 descriptionibus
961 1361 1085 1424 operam
1100 1343 1200 1418 dedit,
1225 1361 1293 1406 cnm
1314 1341 1415 1406 omnia
1429 1349 1559 1423 pararet

212 1435 251 1498 ad
266 1435 411 1508 reditum
435 1441 469 1496 ut
490 1433 536 1496 ita
552 1433 693 1497 Christus
714 1427 837 1515 (quippe
857 1440 949 1495 uatus
965 1433 1048 1494 exitu
1065 1429 1151 1514 anni)
1173 1451 1233 1494 non
1253 1433 1377 1494 finiente
1397 1432 1450 1494 41.
1470 1430 1559 1494 nasei

209 1523 353 1604 potuerit,
370 1523 424 1586 sed
438 1523 541 1603 potius
556 1521 679 1584 finiente
694 1523 745 1596 40,
761 1531 852 1604 atque
868 1522 922 1596 ita,
937 1529 972 1584 nt
987 1531 1124 1584 veterum
1140 1522 1233 1602 aliqui
1248 1522 1389 1595 tradunt,
1401 1520 1559 1584 biennium

211 1615 274 1676 iere
289 1612 475 1692 transegerit
489 1611 520 1674 iu
534 1613 687 1692 Aegypto,
703 1607 818 1674 scilicet
833 1629 945 1673 annum
960 1610 1011 1672 41.
1027 1619 1060 1674 et
1074 1627 1214 1692 magnam
1230 1619 1350 1690 partem
1365 1609 1437 1672 anni
1453 1611 1507 1671 42.

299 1699 414 1772 Quodsi
442 1718 604 1781 pergamus
626 1701 814 1782 inquirendo,
848 1720 887 1763 an
912 1697 993 1762 eirca
1013 1700 1069 1763 bos
1092 1719 1189 1762 anuos
1212 1699 1256 1764 39
1278 1707 1312 1762 et
1333 1700 1376 1762 40
1398 1697 1556 1778 Josephns

210 1791 380 1854 meminerit
395 1789 521 1870 alicujus
536 1789 874 1871 descriptionissipsum
888 1789 1007 1870 quidem
1020 1790 1200 1852 vocabulum
1209 1789 1347 1870 nuspiam
1356 1787 1558 1869 comparebit,

210 1887 245 1943 at
258 1879 379 1943 interim
394 1879 438 1942 rei
455 1878 549 1960 ipsius
564 1897 624 1940 nou
638 1880 766 1942 obscura
781 1879 964 1942 documenta
978 1878 1062 1941 circa
1076 1879 1166 1940 linem
1182 1877 1254 1940 anui
1266 1876 1328 1941 Jul.
1343 1878 1403 1940 4οι

299 1965 420 2031 anr'ae‘e
438 1967 521 2031 enim
535 1967 677 2030 Herodis
696 1987 737 2032 ea
749 1965 930 2032 Mariamme
945 1965 1215 2049 Aenonaeaptlr'ta
1229 1964 1416 2033 Akaaadro
1431 1971 1463 2028 et
1475 1963 1558 2028 Ari-

209 2055 346 2132 stobulo,
370 2057 450 2139 qnod
472 2058 587 2120 factum
610 2056 715 2119 ultimo
731 2057 898 2140 quadrante
913 2056 1027 2120 Juliaui
1042 2056 1101 2130 40,
1125 2057 1294 2137 Antipater
1306 2053 1399 2138 filiae
1413 2053 1558 2126 Herodis

210 2166 281 2211 cum
295 2147 444 2210 Pberorc
459 2153 576 2253 patna
593 2147 772 2228 coaspirare
785 2146 886 2228 eoepit
905 2147 940 2208 e'u
963 2165 1067 2209 macra
1092 2145 1248 2220 Herodis,
1273 2143 1417 2208 wrwoie'e
1420 2143 1560 2226 seruiens

210 2223 396 2319 qroibaedam
409 2235 520 2318 repta,
537 2235 648 2316 midae
662 2235 783 2299 addicti
801 2241 891 2298 erant
909 2242 941 2297 et
955 2235 1134 2316 pharisaei,
1153 2253 1230 2317 perra
1249 2243 1424 2339 camum.
1468 2231 1559 2296 Nom

208 2345 280 2389 anm
298 2327 400 2388 onmia
413 2323 558 2388 Judatea
577 2327 665 2388 actio
680 2323 889 2428 jaerep'drqado
897 2323 997 2405 fidem
1018 2343 1111 2386 eumn
1127 2323 1261 2388 Caesari
1282 2331 1313 2387 et
1323 2341 1409 2404 repre
1421 2323 1558 2404 negatinis

208 2413 440 2487 abstinuisset,
464 2411 531 2476 soli.
545 2413 709 2494 ptataae·
731 2435 792 2506 aaa
807 2411 976 2520 jurarunt,
1001 2433 1072 2476 cum
1094 2419 1193 2476 cessat
1212 2425 1341 2478 aarum
1361 2431 1418 2474 aea
1434 2409 1553 2474 mitta

208 2503 353 2567 Herodes
374 2501 523 2567 muletam
544 2499 648 2568 ittet
633 2493 784 2586 irrogavit
804 2503 1039 2585 peaataee'am,
1064 2521 1159 2584 wa
1175 2519 1238 2584 pro
1257 2500 1452 2566 mesenate
1470 2519 1582 2572 acor,

101 2621 103 2633 ι
208 2583 380 2658 Praeda.

296 2681 447 2755 Audlsne,
468 2688 504 2744 ut
524 2681 666 2744 universa
680 2681 798 2744 iudaea
820 2680 912 2744 fuerit
933 2679 1015 2743 circa
1036 2680 1113 2744 baec
1134 2687 1275 2762 tempora
1294 2680 1344 2742 vel
1364 2676 1456 2760 paolo
1472 2635 1556 2753 ante,

209 2771 328 2839 omnino
345 2769 384 2832 ad
399 2771 451 2844 40,
462 2769 658 2850 jurejurando
673 2769 810 2834 adacta
802 2789 832 2832 ru
848 2788 956 2832 namen
973 2768 1118 2834 Caesaris
1139 2777 1173 2833 et
1186 2769 1290 2850 regis?
1334 2767 1475 2832 Audiens
1496 2767 1555 2830 ob-

209 2869 364 2924 servatum
379 2877 533 2922 numemm
549 2877 664 2934 eorum,
680 2861 729 2942 qni
744 2879 802 2923 nou
813 2859 975 2939 jurarunt?
1018 2859 1163 2922 Potuitne
1178 2859 1236 2922 hoc
1250 2857 1316 2920 fieri
1331 2858 1397 2920 sine
1413 2857 1555 2937 descrip—

209 2946 292 3014 tione
308 2949 441 3029 capitum
456 2948 552 3010 totius
567 2947 688 3030 gentis?
732 2949 838 3011 Nonne
855 2947 957 3011 Orosii
975 2948 1071 3011 verba
1090 2967 1181 3030 super
1200 2948 1259 3011 lrac
1277 2965 1311 3012 re
1330 2948 1416 3009 velut
1435 2964 1476 3008 ex
1494 2947 1555 3009 Jo-

209 3039 304 3120 sepho
328 3039 468 3100 desumta
490 3045 595 3098 sont:
615 3035 731 3100 Ocno
716 3057 751 3100 ea
772 3055 869 3101 seuera
893 3035 1043 3100 Caesarie
1064 3057 1176 3100 amaea
1196 3036 1343 3100 misereo
1364 3055 1556 3117 magam

205 3127 343 3211 peretum
357 3125 642 3209 meaturajwaoit
678 3125 773 3190 Simul
788 3133 890 3190 autem
905 3134 938 3190 et
953 3125 1198 3190 circumstantias
1212 3124 1367 3206 perpende
1383 3143 1555 3206 causasque

208 3213 387 3278 verisimiles
406 3214 508 3278 exacti
518 3215 698 3295 juramenta
720 3211 852 3278 Parthus
873 3215 972 3280 hostis
994 3215 1116 3296 rapiens
1130 3213 1325 3288 Armeniam,
1338 3210 1461 3277 Judaea
1477 3233 1553 3276 aon·

208 3305 339 3368 termiua
352 3303 512 3378 Parthiae,
531 3312 640 3384 gentes
655 3311 816 3408 cognatae,
831 3305 969 3366 Herodes
984 3305 1074 3385 paolo
1090 3313 1184 3366 antea
1199 3311 1359 3384 suspectus
1367 3299 1507 3366 Caesari
1523 3309 1556 3365 et

207 3413 277 3458 rens
292 3393 435 3456 turbatae
449 3393 534 3474 pacis
550 3392 708 3455 exercitu
698 3411 730 3455 m
739 3393 884 3456 Arabiam
899 3393 1001 3468 doato,
1016 3401 1048 3456 et
1063 3391 1269 3456 reconciliatio
1278 3391 1426 3472 Augusti,
1446 3392 1555 3472 procul

207 3483 297 3546 dubio
313 3501 380 3544 cum
395 3482 567 3545 conditione
582 3481 794 3563 descriptionis
809 3492 841 3544 et
850 3482 1014 3562 juramenti
1030 3481 1196 3556 fidelitatis,
1211 3500 1270 3564 quo
1285 3481 1446 3561 Augustus
1462 3489 1555 3544 extra

200 3581 320 3649 ,metum
335 3579 419 3634 esset
433 3569 611 3634 delectionis
625 3570 808 3634 Judaeorum
822 3571 862 3634 ad
876 3571 1017 3634 Parthos
1055 3572 1162 3652 ltaque
1178 3569 1205 3634 si
1221 3571 1297 3633 haec
1311 3569 1442 3650 Josephi
1456 3570 1555 3634 verba

208 3668 291 3724 recte
307 3665 484 3741 comparata
499 3666 571 3723 suut
586 3677 653 3722 curu
668 3659 768 3722 verbis
777 3659 887 3734 Lucae,
903 3659 962 3722 etsi
977 3677 1025 3722 me
1040 3679 1100 3722 uun
1116 3660 1197 3723 tellit
1211 3659 1386 3740 conjectura
1402 3659 1440 3722 de
1457 3679 1555 3722 causa

208 3750 309 3812 exacti
320 3749 499 3829 juramenti:
511 3747 576 3827 J'am
592 3747 652 3810 uon
667 3754 788 3811 tautum
802 3749 1043 3830 hypotheticam,
1058 3749 1115 3812 sed
1129 3749 1220 3829 plane
1235 3747 1440 3810 necessarium
1456 3767 1553 3830 argn-

207 3845 341 3902 meutum
356 3837 502 3900 habemus
518 3837 730 3917 descriptionis
743 3836 878 3900 Judaeae
894 3857 972 3900 anno
988 3837 1040 3900 40.
1056 3835 1553 3920 peractaoetGhristieeliniente

208 3928 288 3991 nati:
306 3926 425 4009 quando
441 3924 667 3990 etSatnrniuus
683 3925 792 4008 Syriae
806 3943 931 4007 praeses
947 3925 1004 3989 luit
1020 3933 1052 4003 et
1066 3927 1225 4007 Augustus
1239 3926 1357 3988 Romae
1372 3933 1446 3988 ante
1462 3927 1552 3990 bien-

207 4017 288 4080 nium
303 4031 426 4079 censum
440 4022 555 4095 egerat,
571 4014 621 4096 qui
637 4015 830 4096 sequentibus
845 4015 932 4078 aunis
947 4015 1040 4078 etiam
1054 4034 1109 4097 per
1123 4015 1295 4096 provincias
1310 4015 1431 4078 solebat
1446 4015 1509 4096 agi

295 4105 408 4166 Vemm
425 4103 473 4166 hic
489 4104 569 4166 solet
584 4103 688 4184 objici,
711 4103 943 4184 descriptionem
963 4103 1047 4168 illam
1068 4112 1205 4185 tempore
1221 4101 1338 4168 Christi
1352 4105 1418 4167 uati
1434 4107 1552 4170 tactam

208 4213 276 4258 esse
291 4194 377 4258 Luca
398 4199 561 4256 testamen
582 4188 638 4256 sub
654 4191 834 4268 Saturnino,
854 4195 909 4256 sad
930 4193 986 4257 snb
1009 4191 1145 4264 Quirinio
1168 4191 1278 4274 Syriae
1299 4193 1450 4274 praeside.
1497 4194 1551 4259 Sic

197 4283 285 4354 'euim
307 4289 419 4346 sonant
439 4281 533 4344 verba
553 4277 676 4346 Graeca
694 4277 807 4362 Αὖιηὴ
828 4278 988 4364 daoypapp
1008 4303 1110 4362 apurq
1131 4279 1242 4364 tyanaeo
1257 4276 1487 4363 ἡγιμοιιιιοηος
1500 4307 1552 4362 epe

203 4375 318 4454 Σνριας
332 4375 490 4450 Koprates,
505 4389 582 4452 qnae
598 4371 692 4434 verba
706 4372 751 4436 sic
765 4372 860 4436 vertit
873 4371 1039 4453 interpres,
1059 4371 1138 4436 baec
1152 4369 1323 4452 &sciprio
1337 4372 1447 4452 prima
1455 4375 1551 4454 sacta

202 4469 252 4538 est
265 4481 286 4524 a
298 4457 447 4542 praeside
462 4459 579 4542 Syriae
595 4457 721 4543 tyriae
765 4463 872 4543 Itaque
891 4479 947 4542 per
965 4459 1042 4523 basa
1061 4460 1194 4524 sedecim
1214 4459 1318 4522 secula
1332 4463 1417 4524 varia
1433 4481 1485 4525 res
1501 4469 1549 4526 est

206 4550 377 4632 disputata3
394 4567 460 4610 cnm
475 4548 527 4610 alii
542 4567 601 4611 uon
615 4557 735 4614 attento
750 4551 894 4632 Josspho,
909 4568 969 4612 nou
981 4549 1180 4624 Tertulliano,
1195 4549 1226 4611 in
1241 4549 1317 4612 baec
1327 4549 1547 4632 Evangelistae

133 4677 138 4690 ·
205 4639 299 4701 verba
313 4639 400 4701 unice
415 4637 618 4718 respicerentr
640 4639 692 4702 alii
707 4640 984 4721 circumspectiores
998 4645 1192 4721 quaererent,
1213 4655 1266 4714 cnr
1289 4639 1366 4702 lraea
1382 4639 1547 4722 descriptio

205 4727 357 4790 diceretur
370 4726 475 4807 prima,
490 4743 557 4788 cum
572 4743 632 4788 uon
647 4736 731 4792 esset
745 4728 842 4809 prirna
856 4747 951 4810 neque
966 4727 1171 4790 Romanorum
1186 4727 1294 4792 civium
1308 4746 1406 4810 nequa
1422 4729 1546 4811 proriu-

206 4815 320 4878 ciarnru
335 4833 430 4896 neque
444 4815 591 4890 iudaeae,
604 4822 640 4878 nt
653 4835 745 4899 supra
760 4817 881 4882 dictum.
924 4817 1092 4882 Praeterea
1106 4816 1285 4898 quaesitum,
1300 4817 1351 4899 qui
1365 4819 1498 4894 iactum,
1512 4825 1547 4881 ut
