3412 5538
257 267 320 336 ιιι
525 351 532 361 .
676 225 1173 358 mamxermmmmauaa
1266 367 1271 374 ,

343 431 432 514 Rogo
447 438 566 508 eutem,
580 437 616 494 ut
630 431 796 512 significes,
819 453 859 496 an
875 439 999 496 exstent
1013 434 1174 516 Porphyrii
1189 435 1451 498 commentariolo
1466 436 1601 498 Harmo-

200 545 213 564 ·
255 519 336 584 niam
356 521 526 585 Ptolemaei
548 528 581 582 et
603 520 629 583 si
649 528 789 596 exstant,
811 541 965 606 quousque
986 524 1234 605 progrediantur;
1264 542 1335 590 nutu
1358 524 1486 588 ulterius
1512 543 1601 607 quam

245 628 353 676 ,meum
374 612 527 692 exemplar
546 609 640 672 msc?
676 611 810 674 Meditor
833 612 911 674 enim
933 612 1111 688 editionem,
1138 613 1194 676 sed
1214 612 1293 676 rnale
1317 633 1365 676 me
1388 614 1498 688 hahet,
1523 613 1603 695 quod

254 717 354 781 meum
368 700 523 780 exemplar
536 714 675 764 manem
689 708 752 776 est,
775 699 834 762 nisi
848 702 981 764 fortasse
996 721 1058 766 uon
1071 700 1198 765 ulterius
1221 701 1262 764 sit
1283 709 1507 766 commentatus
1522 702 1601 765 Por-

254 789 389 871 phyrius.
736 810 738 818 ⁴

341 877 463 940 Literas
479 877 519 940 ad
533 877 725 942 Ammonium
741 878 917 941 commenda
938 886 1048 959 postas
1064 878 1231 942 Viennensi
1254 886 1309 941 aut
1323 879 1486 944 tabellario
1503 877 1601 942 Vien-

183 1027 186 1030 .
254 966 350 1043 nansi,
366 967 415 1048 qni
430 973 479 1029 ter
493 967 657 1048 quotannis
670 967 757 1030 venit
770 967 1021 1047 Argentoratum.
1065 968 1104 1032 D.
1123 968 1256 1032 ll.Dec.
1274 967 1367 1032 1611„

345 1143 378 1208 S.
393 1142 427 1206 P.
443 1144 482 1207 D.
513 1143 689 1208 Clarissima
704 1144 775 1220 Vir,
796 1144 904 1209 Amice
919 1163 1054 1227 percara.
1089 1143 1220 1226 Scripsit
1242 1146 1282 1208 ad
1302 1165 1351 1208 mc
1365 1146 1405 1209 D.
1418 1145 1600 1210 Ammonius

233 1303 236 1318 Ι
254 1240 287 1298 ιι
302 1231 513 1296 stomachatur
529 1234 567 1297 ob
582 1227 716 1309 literas,
729 1253 803 1316 quas
819 1233 850 1296 ni
865 1233 955 1296 fallor
971 1233 1098 1298 Octobri
1112 1253 1217 1297 mense
1232 1235 1272 1296 ad
1287 1255 1335 1297 me
1350 1235 1494 1311 miserat,
1518 1235 1559 1299 ad
1572 1244 1602 1298 te

253 1322 392 1386 etlilium
408 1323 472 1402 ejus
488 1341 548 1385 non
563 1323 771 1386 transmissas.
796 1321 885 1385 Scias
900 1322 1013 1405 itaque,
1027 1323 1097 1386 illas
1110 1342 1172 1385 non
1187 1342 1256 1386 mea
1266 1323 1390 1400 incuria,
1407 1326 1462 1387 sed
1477 1333 1603 1406 propter

253 1410 463 1475 confusionem
474 1429 614 1475 cursuum
628 1412 831 1492 publicorum,
853 1430 930 1492 quae
946 1419 1110 1475 consecuta
1132 1419 1182 1474 est
1196 1413 1363 1475 discessum
1378 1411 1537 1489 Caesaris,
1551 1433 1604 1496 per

251 1501 403 1582 integrum
422 1519 556 1563 mensem
576 1498 607 1563 in
626 1501 702 1563 meis
721 1500 859 1564 haesisse
875 1501 1013 1576 aedibus,
1034 1502 1104 1563 dnm
1120 1509 1265 1582 exspecto
1281 1503 1485 1584 ‘lubingensis
1501 1503 1603 1566 tabel-
1690 1539 1691 1544 κ

252 1590 321 1653 ιιιιι
336 1589 467 1653 reditum
483 1608 522 1651 ex
536 1591 673 1653 Austris.
718 1587 816 1661 Quem
831 1597 993 1672 postquam
1008 1595 1269 1670 praetergressum
1283 1599 1441 1693 putassem
1455 1593 1604 1667 Lincium,

178 1687 186 1696 '
253 1679 360 1742 literas
382 1679 452 1740 illas
472 1678 612 1742 ministro
634 1696 701 1742 meo
724 1679 793 1742 dedi
815 1680 970 1742 Viennam
982 1680 1251 1760 transportandas,
1273 1680 1343 1761 quia
1360 1681 1522 1744 ferebatur
1536 1681 1604 1744 inde

253 1767 432 1831 tabellarius
446 1766 650 1862 Argentinam
666 1763 764 1832 iturus
781 1768 861 1831 circa
876 1769 1002 1831 natalia
1046 1767 1603 1850 Rogoitaque,D.Am1noniumim-

252 1857 373 1938 primis,
397 1855 505 1920 deinde
528 1843 621 1920 e‘tiam
642 1875 690 1920 me
711 1856 827 1921 habeas
850 1864 1036 1920 excusatum
1081 1857 1282 1938 Tubingensis
1304 1859 1424 1941 quidem
1445 1858 1499 1978 ille
1515 1859 1604 1941 paulo

251 1950 324 2028 post
339 1945 379 2008 ad
393 1965 441 2008 me
457 1945 557 2021 rediit,
574 1947 627 2009 sed
643 1946 776 2009 ιιιιιιι
763 1965 828 2027 Jam
844 1953 933 2008 erant
947 1945 1095 2010 Viennae.

339 2034 476 2099 Libellus
499 2035 536 2098 de
559 2035 677 2099 Natali
691 2034 808 2100 Christi
833 2056 853 2097 a
876 2041 908 2097 te
933 2043 1056 2098 curatus
1077 2041 1127 2098 ιιι
1150 2033 1279 2118 optime,
1302 2035 1421 2120 gratias
1445 2055 1509 2118 ago
1534 2056 1603 2120 per-

250 2143 301 2188 ma
344 2145 387 2188 as.

191 2233 195 2242 ·
301 2143 420 2276 gnPuto
436 2231 483 2275 me
501 2212 704 2295 superioribus
721 2211 907 2294 temporibus
930 2213 970 2274 ad
985 2220 1017 2275 te
1041 2210 1199 2294 scripsisse
1220 2212 1257 2276 de
1274 2212 1512 2279 Commentariis
1527 2215 1603 2279 Por·

251 2301 352 2386 phyrii
373 2303 403 2364 iu
420 2302 605 2366 Harmonice
619 2301 789 2366 Ptolemaei
805 2299 950 2376 Graecis,
973 2321 1013 2364 an
1032 2301 1085 2364 illa
1100 2302 1272 2366 habeantur
1286 2303 1316 2366 in
1333 2303 1524 2367 bibliotheca
1538 2305 1603 2368 Da·

194 2450 198 2458 ,
253 2391 439 2474 sypodiana,
461 2398 494 2455 et
509 2391 535 2457 si
549 2391 711 2466 habentur,
727 2410 880 2472 quousque
898 2390 1133 2454 continuentur?
1163 2388 1301 2468 Quaeso,
1324 2393 1350 2455 si
1365 2401 1468 2474 potes,
1493 2394 1545 2457 hic
1559 2413 1604 2456 me

252 2481 387 2562 adjuves.
417 2480 517 2561 Urget
533 2479 696 2543 editionem
704 2481 917 2546 Maecenatnm
931 2497 1066 2542 meorum
1080 2479 1112 2542 in
1125 2479 1260 2544 Bavaria
1275 2481 1404 2563 qnidam,
1418 2482 1605 2546 Herwardus

252 2571 382 2645 nomine,
398 2570 448 2652 qui
464 2569 620 2652 exemplar
631 2567 783 2634 Graecum
792 2567 865 2631 mihi
875 2565 1085 2644 commodavit,
1101 2569 1181 2650 quod
1197 2563 1309 2632 desinit
1322 2571 1353 2633 in
1368 2589 1434 2652 cap.
1445 2565 1474 2634 7.
1491 2572 1605 2636 librili

253 2658 368 2725 Cetera
381 2658 414 2723 in
430 2659 499 2722 aliis
513 2654 621 2721 literis.
650 2658 732 2720 Vale
756 2664 788 2720 et
804 2677 861 2740 quo
883 2657 950 2721 loco
966 2657 1029 2720 sint
1043 2677 1093 2720 ιιι
1109 2665 1195 2733 tuae,
1218 2658 1258 2721 ad
1272 2677 1320 2721 me
1335 2659 1502 2741 perscribe.
1541 2661 1604 2742 Ego

198 2819 205 2824 ¹
252 2767 309 2832 per
324 2748 384 2811 Dei
399 2747 532 2829 gratiam
553 2747 603 2810 hic
620 2747 697 2810 satis
714 2747 868 2810 commode
885 2746 971 2828 dego.
1008 2747 1046 2810 D.
1061 2745 1255 2811 Ammonium
1269 2747 1419 2829 juniorem
1440 2749 1545 2814 saluto
1561 2749 1603 2814 ei·
1690 2785 1691 2790 ι

251 2844 398 2920 queopto
413 2836 585 2918 profectum
600 2835 630 2897 in
647 2835 756 2898 studiis
773 2842 807 2897 et
820 2835 992 2898 virtutibus.
1035 2835 1134 2898 Lincii
1149 2836 1177 2899 d.
1195 2835 1342 2910 larem.
1360 2836 1453 2902 1615.

339 3011 372 3077 S.
387 3013 421 3076 P.
437 3013 476 3076 D.
489 3030 492 3038 ¹
505 3013 677 3094 Pergratae
700 3011 773 3075 mihi
796 3019 866 3076 tuae
882 3013 991 3076 literae
1007 3013 1104 3088 fuere,
1127 3013 1233 3095 quibus
1250 3014 1443 3095 significasti,
1465 3015 1604 3080 redditae

222 3094 229 3116 '
250 3103 308 3166 tibi
321 3103 361 3166 D.
375 3100 529 3165 Ammonii
550 3102 658 3164 literas
682 3119 749 3164 cum
769 3121 838 3164 mea
860 3101 982 3165 scheda.
1019 3103 1099 3166 Nam
1115 3103 1322 3184 expostulavit
1342 3122 1459 3168 mecum
1473 3107 1604 3170 Ammo-

250 3192 320 3256 nius
342 3209 398 3272 per
420 3190 541 3266 literas,
566 3189 645 3273 qnod
666 3191 788 3254 interim
812 3212 832 3253 a
853 3198 886 3253 te
909 3191 1071 3272 epistolam
1090 3191 1271 3272 recepisset,
1292 3193 1323 3257 in
1347 3213 1406 3275 qna
1427 3193 1515 3258 nulla
1540 3203 1605 3258 erat

251 3281 372 3345 illarum
387 3280 544 3343 literarum
559 3281 681 3343 mentio.
712 3280 820 3361 Itaque
835 3279 975 3344 liberasti
989 3300 1037 3343 me
1054 3281 1176 3343 crimine
1192 3279 1406 3362 negligentiae.

339 3368 473 3432 'titulum
489 3370 589 3451 operis
605 3367 711 3432 musici
725 3368 795 3431 misi
810 3375 896 3432 recta
910 3368 1062 3431 Viennam
1081 3369 1120 3431 ad
1137 3389 1282 3432 summum
1296 3371 1426 3435 musices
1441 3381 1603 3452 patronum

251 3457 451 3540 Wagherinm
468 3461 649 3529 (kamium)
668 3458 727 3520 mei
750 3457 1004 3530 amantissimum,
1026 3477 1082 3520 nec
1105 3459 1267 3540 quicquam·
1277 3459 1395 3536 dubito,
1418 3461 1490 3542 quin
1506 3463 1603 3544 impe-

249 3556 365 3610 tremus
387 3547 585 3630 privilegium.
624 3547 705 3610 Mira
725 3553 828 3609 tamen
843 3553 948 3609 vestra
964 3553 1013 3610 est
1030 3547 1199 3623 festivitas,
1221 3548 1270 3629 qui
1290 3547 1377 3611 nobis
1393 3550 1603 3614 transmittitis

202 3643 205 3655 '
251 3636 385 3719 tripudia
401 3644 433 3699 et
449 3641 572 3711 cantus,
596 3655 662 3700 cum
678 3655 734 3698 nos
749 3634 830 3699 hand
845 3635 982 3698 obscuris
997 3635 1115 3698 indiciis
1134 3635 1167 3699 in
1187 3655 1243 3698 vos
1260 3636 1425 3718 dirigamus
1448 3647 1603 3702 tormenta

249 3725 369 3790 bellica.
414 3727 495 3789 Nam
510 3725 612 3802 miles,
635 3745 723 3809 quem
739 3743 777 3787 ex
790 3724 920 3788 Austris
935 3723 1052 3804 colligit
1065 3725 1221 3805 Hispanus
1238 3721 1441 3806 ¹promovente
1459 3727 1603 3804 Caesare,

252 3815 313 3880 etsi
328 3816 424 3878 fertur
438 3814 469 3879 in
484 3814 607 3878 Italiam
622 3814 823 3896 profecturus,
848 3813 956 3875 leviori
970 3819 1073 3900 tamen
1090 3833 1183 3894 opera
1198 3821 1230 3876 et
1243 3815 1352 3896 majori
1368 3815 1502 3897 partium
1519 3837 1601 3881 emo-

251 3905 387 3968 lumento
408 3911 513 3966 custos
536 3903 655 3984 alpibus
678 3903 841 3985 apponitur
864 3910 972 3965 eontra
985 3903 1217 3977 Protestantes,
1243 3911 1297 3966 aut
1319 3924 1431 3968 cuneus
1455 3906 1603 3970 etiamad

144 4061 148 4073 ,
250 3993 320 4056 illas
337 3993 528 4073 aperiendas,
544 3992 570 4054 si
585 4011 662 4073 pace
677 3992 708 4055 in
723 3991 815 4055 Italia
831 3991 914 4053 lacta
930 3991 1082 4054 exercitus
1097 3991 1141 4054 illi
1156 3992 1334 4056 traducendi
1349 3993 1486 4057 fuerint'
1477 4016 1510 4058 ιιι
1521 3995 1600 4059 Ger-

250 4082 390 4146 maniam.

338 4169 532 4244 Harmonice,
548 4170 585 4231 de
601 4167 709 4250 quibus
726 4168 842 4252 scribis,
857 4168 1018 4251 Porphyrii
1033 4169 1124 4251 plane
1139 4169 1246 4232 eadem
1263 4177 1334 4233 snut
1350 4191 1416 4235 cnm
1433 4173 1600 4257 exemplari

250 4275 327 4336 meo,
343 4259 423 4343 quod
437 4257 549 4322 ibidem
565 4254 686 4336 desinit,
702 4259 797 4340 quod,
818 4257 877 4321 nisi
893 4275 931 4320 ex
946 4259 1197 4340 Heidelbergensi
1212 4259 1299 4340 plura
1314 4263 1523 4342 apparuerint,
1544 4281 1601 4326 non

252 4349 381 4432 amplius
398 4347 558 4423 dubitabo,
580 4347 651 4429 quin
665 4345 715 4411 hic
732 4345 900 4410 cessaverit
914 4347 1109 4430 Porphyrius.
1146 4349 1247 4412 Meum
1270 4367 1308 4412 ex
1330 4349 1516 4416 Sambucino
1533 4371 1599 4416 cor-

251 4448 368 4504 rectum
393 4444 456 4512 est,
481 4436 664 4500 Sambuuurn
687 4455 761 4499 uero
786 4436 925 4499 existimo
952 4456 1037 4500 suum
1062 4437 1216 4518 exemplar
1238 4456 1277 4500 ex
1295 4438 1432 4502 Budensi
1457 4441 1599 4505 habuisse

251 4527 513 4592 bibliothecat
482 4525 591 4608 Itaque
613 4543 671 4605 age
695 4531 731 4588 ut
751 4525 918 4600 videbitur;
945 4525 1042 4589 habes
1064 4525 1256 4588 tabellarium
1279 4535 1410 4604 cenum,
1432 4549 1490 4611 por
1514 4548 1600 4612 quem

150 4679 156 4692 ,
251 4619 374 4681 mittere
395 4614 526 4699 poteris,
549 4613 576 4679 si
591 4631 695 4678 carere
718 4613 873 4696 aliquanto
889 4621 1025 4697 tempore
1048 4621 1100 4677 tuo
1116 4614 1255 4678 volueris.
1290 4616 1371 4680 Nam
1386 4637 1466 4682 nunc
1482 4619 1601 4724 quidem

251 4707 324 4770 mihi
339 4726 399 4770 non
413 4711 515 4779 vacat,
531 4700 696 4767 differenda
711 4703 787 4766 haec
803 4721 896 4785 opera
910 4703 941 4765 in
957 4709 1118 4786 sequentes
1134 4723 1230 4766 annos
1247 4704 1273 4767 si
1287 4705 1408 4782 rixero;
1431 4709 1457 4771 si
1472 4709 1599 4782 miseris,

255 4812 399 4876 reponam
420 4794 452 4860 in
475 4793 585 4858 scrinio
608 4791 688 4874 apud
712 4792 867 4874 exemplar
880 4791 1070 4858 Bavaricum.
1094 4790 1181 4858 Satis
1195 4793 1314 4875 quidem
1336 4803 1403 4864 ιιι
1418 4797 1599 4880 praestitum
