3396 5540
250 247 312 306 410
347 272 350 284 ·
766 247 873 310 Erlogae
899 221 1044 302 Chronirae.

250 417 376 482 Christo
398 411 555 498 rerixerit,
578 417 621 482 ad
637 419 796 484 Christum
819 429 1009 500 emanasset,
1033 421 1177 487 Christus
1192 422 1224 486 in
1240 420 1403 484 desertum
1425 421 1565 498 recessit,

249 526 353 588 eaque
383 508 546 578 occasione
574 512 668 572 tauta
696 509 868 574 multitudo
895 510 939 576 ad
962 510 1122 576 Christum
1150 509 1305 577 confluxit
1335 515 1492 591 pastaque
1520 514 1567 572 art
1691 567 1692 570 ,

248 594 413 660 miraculo.
470 595 507 660 ld
541 617 615 662 vero
647 596 811 662 lohannes
842 597 1047 681 Evangelista
1081 600 1126 663 ait
1158 599 1280 662 lactum
1311 598 1454 662 instante
1487 596 1567 660 testo

249 684 419 766 paschatis.
453 684 556 766 Atqui
576 685 711 750 historia
733 685 773 750 de
792 687 933 754 nulsione
954 689 1117 771 spicarum
1138 687 1354 771 praemittitur
1375 685 1449 752 huic
1471 686 1566 749 mira·

248 773 319 837 culo
349 793 370 836 a
393 770 497 838 tribus
527 774 744 855 EvangelistiS,
768 776 942 856 Matthaco,
969 777 1080 842 Marco
1101 783 1141 846 ,et
1163 777 1260 842 Luca.
1306 775 1441 840 Videtur
1470 774 1568 856 igitur

248 862 310 926 vim
332 861 437 926 iacere
459 861 532 926 huie
556 865 736 940 consensui,
764 865 821 946 qui
842 863 933 930 illam
959 866 1125 930 historiam
1147 871 1222 948 post
1243 863 1437 928 miraculum
1463 863 1570 928 insert.

247 951 303 1016 Sin
315 949 386 1032 q'uis
402 952 603 1030 concesserit,
619 951 698 1016 illud
719 951 914 1018 sabbathum
930 963 1163 1037 commemorer
1177 952 1387 1018 antecessisse
1399 951 1459 1021 hoc
1471 951 1568 1015 mira·

248 1038 365 1118 culum,
387 1039 414 1110 is
436 1039 565 1104 omnino
593 1039 719 1106 ridetur
746 1042 937 1106 miraculum
958 1043 991 1107 in
1013 1061 1135 1107 annum
1161 1041 1326 1107 lulianum
1350 1046 1403 1107 76.
1426 1041 1572 1104 conferre

248 1126 381 1208 debere,
410 1126 582 1192 sabbatum
608 1149 683 1194 vero
712 1129 795 1194 illud
823 1129 882 1194 suit
904 1132 937 1195 in
959 1153 1043 1208 anno
1067 1137 1126 1208 753
1157 1151 1255 1196 causa
1277 1129 1374 1210 haec,
1405 1129 1484 1212 quia
1507 1127 1572 1192 duo

248 1217 371 1298 priores
392 1216 612 1298 Evangelistae
626 1218 788 1313 'incipiunt
813 1217 980 1286 historiam
1006 1225 1169 1302 gestarum
1192 1219 1268 1284 Jesu
1289 1217 1332 1283 ab
1355 1238 1393 1283 eo
1415 1223 1572 1299 tempore,

248 1326 311 1390 quo
326 1303 487 1370 lohannes
510 1305 542 1370 in
557 1325 718 1380 carcerem
741 1313 790 1372 est
812 1309 939 1374 missus.
971 1309 1078 1392 >Atqui
1092 1330 1177 1374 anno
1192 1307 1322 1372 «Iuliano
1341 1312 1393 1372 74.
1417 1305 1573 1388 paschate

247 1393 409 1459 lohannes
433 1393 575 1459 nondrrm
598 1401 671 1460 erat
691 1396 724 1458 irr
740 1417 902 1461 carcerem
924 1398 1047 1476 missus,
1072 1399 1149 1479 quia
1172 1397 1258 1480 (doh.
1277 1401 1307 1461 3.
1330 1417 1360 1458 ι.
1385 1397 1441 1476 24)
1465 1393 1574 1458 adhuc
1691 1391 1692 1466 l

248 1481 411 1565 baptizatr
439 1488 552 1566 postea
583 1483 636 1564 (ex
658 1482 730 1550 Joh.
760 1491 791 1550 4.
819 1507 847 1548 v.
875 1487 906 1567 l)
939 1493 1012 1570 post
1040 1507 1164 1550 menses
1194 1485 1319 1550 furtel
1350 1484 1397 1550 ita
1427 1483 1580 1586 loquitur·
1691 1551 1692 1562 χ

247 1570 470 1651 Evangelista,
501 1591 539 1637 ac
569 1572 596 1637 si
626 1571 787 1641 lohannes
814 1577 881 1658 jam
904 1580 987 1656 ,tunc
1017 1575 1260 1658 pharisaeorum
1290 1572 1340 1638 rel
1370 1572 1494 1638 insidiis
1524 1570 1576 1634 vel

247 1659 522 1726 criminationibus
543 1661 576 1724 in
598 1681 730 1726 carcere
752 1661 875 1730 fnisset.
967 1691 976 1722 ι

339 1747 456 1830 ltaque
478 1756 566 1833 puto,
590 1749 672 1814 diem
688 1757 740 1816 29.
755 1753 900 1834 Augusti,
924 1751 967 1816 ad
987 1772 1088 1834 quam
1108 1751 1143 1816 in
1157 1749 1386 1833 Martyrologio
1409 1746 1578 1828 adscripta
1691 1743 1692 1796 l

247 1842 296 1900 est
319 1835 490 1903 decollatio
504 1837 670 1916 lobannis,
694 1859 764 1902 esse
787 1840 881 1919 diem,
904 1861 970 1922 qua
994 1842 1018 1905 is
1032 1841 1148 1904 missus
1171 1844 1220 1902 est
1241 1839 1274 1904 iu
1296 1857 1470 1902 carcerem.
1507 1835 1577 1900 Nisi

248 1946 317 1990 mos
339 1925 381 1990 ab
403 1925 536 1990 ecclesia
558 1926 777 1992 Alexandrina
805 1929 967 1994 derivatus
985 1929 1072 1994 hauc
1093 1947 1226 1994 causam
1253 1926 1387 2005 habeat,
1412 1925 1502 2007 quod
1526 1924 1576 1987 usi

247 2020 323 2079 sunt
345 2035 500 2080 annorum
523 2016 621 2094 serie,
652 2037 751 2098 quam
774 2016 924 2082 dixerant
944 2039 1055 2084 aeram
1084 2023 1280 2100 martyrum,
1307 2035 1411 2098 eoque
1434 2013 1577 2097 primum
1613 2039 1615 2042 ·

247 2104 390 2168 onmium
411 2103 562 2170 lobannis
577 2105 743 2188 Baptistae
765 2109 955 2190 martyrium
977 2106 1020 2172 ad
1038 2107 1176 2190 primam
1198 2105 1275 2168 ahai
1297 2103 1391 2182 diem,
1414 2122 1501 2185 quae
1525 2106 1573 2165 ast

247 2192 409 2280 Aegyptiis
431 2192 464 2256 in
488 2198 540 2258 29.
560 2193 706 2276 Augusti,
730 2194 981 2278 adscripserunt.
1011 2196 1097 2260 Nam
1110 2191 1346 2266 inCalendario
1362 2192 1573 2268 Graecorum,
1691 2177 1692 2204 ¹

101 2304 113 2318 ‘
242 2281 334 2364 ¹quod
348 2281 517 2346 memorias
532 2282 761 2365 Apostolorum
776 2284 870 2364 longe
885 2284 955 2348 aliis
970 2283 1080 2348 diebus
1095 2282 1242 2358 collocat,
1264 2301 1363 2365 quarn
1379 2281 1574 2356 Romanum,

246 2369 325 2434 haec
349 2377 456 2435 tamen
484 2371 638 2436 memoria
665 2371 884 2437 decollationis
906 2373 1062 2438 Johannis
1089 2378 1138 2437 est
1159 2371 1269 2436 itidem
1291 2369 1324 2435 in
1347 2369 1574 2458 293Augusti.

246 2459 325 2524 Post
348 2465 368 2524 4
390 2479 514 2522 menses
536 2461 720 2544 Aegyptios,
743 2460 863 2526 scilicet
885 2463 916 2526 in
941 2467 997 2539 27,
1025 2461 1179 2526 memoria
1201 2458 1356 2540 Stephani
1379 2457 1474 2540 (alius
1497 2456 1574 2520 dicti
1691 2511 1692 2516 ,

123 2593 125 2596 -
209 2562 221 2592 ¹
250 2549 507 2632 protomartyris
533 2549 652 2613 scilicet
666 2553 740 2633 post
752 2549 867 2614 Christi
882 2551 1043 2632 mortem),
1066 2555 1139 2633 post
1158 2550 1238 2614 duos
1260 2567 1387 2610 meuses
1402 2545 1578 2628 Aegyptias

247 2633 353 2705 ιιιὶιιιιι
378 2657 443 2702 uno
465 2637 524 2716 die,
547 2657 591 2701 sc.
615 2638 648 2701 in
672 2644 723 2702 24.
748 2638 840 2703 Febr.
866 2639 1062 2704 adscribitur
1087 2640 1194 2723 prima
1216 2641 1249 2700 et
1271 2635 1412 2702 secunda
1434 2633 1577 2698 inventio
1691 2661 1692 2666 ¹

247 2725 360 2808 capitis
382 2726 600 2810 praecursoris
614 2726 751 2796 Domini.
787 2727 867 2792 Post
890 2733 956 2792 tres
978 2747 1103 2792 menses
1127 2733 1180 2792 25.
1203 2725 1291 2810 Maji,
1314 2724 1414 2788 tertia
1437 2722 1578 2787 inventio

247 2813 362 2897 capitis
376 2818 420 2886 ,et
440 2815 668 2898 praecursoris.
714 2815 792 2880 Post
814 2837 914 2880 unum
937 2837 1080 2880 mensem
1102 2816 1308 2899 Aegyptium,
1332 2834 1376 2879 sc.
1402 2817 1455 2876 24.
1479 2811 1499 2876 J
1504 2811 1577 2888 unii,

213 2931 218 2940 r
247 2902 398 2968 nativitas
421 2903 453 2969 S.
469 2903 542 2968 Joh.
558 2903 735 2987 Baptistae,
759 2911 795 2969 ut
817 2909 850 2969 et
870 2905 903 2970 in
918 2905 1082 2970 Romano:
1106 2911 1144 2968 ut
1166 2905 1212 2968 ita
1234 2901 1350 2968 crebra
1364 2901 1406 2966 sit
1421 2899 1576 2966 Jolranuis
1691 2957 1692 2982 ,

247 2992 367 3056 mentio
396 2991 439 3058 ad
461 2992 553 3056 initia
582 2991 710 3058 illorum
741 2993 908 3058 mensium.
955 2995 989 3059 Si
1016 3015 1092 3077 ergo
1119 2993 1152 3056 in
1175 2991 1300 3058 vincula
1330 2992 1499 3074 conjectus
1530 2995 1579 3050 est
1691 3049 1692 3060 ,

248 3079 411 3146 lohannes
434 3086 509 3163 post
522 3080 644 3164 pascha
665 3082 741 3147 anni
758 3088 809 3147 74.
833 3089 865 3146 et
879 3081 980 3163 vulsio
1002 3083 1165 3167 spicarum
1187 3079 1303 3146 oceidit
1324 3084 1398 3163 post
1420 3077 1576 3143 Joharmis

248 3168 388 3248 vincula,
410 3167 525 3234 accidit
553 3170 651 3250 igitur
677 3176 752 3255 post
776 3171 898 3254 pascha
919 3173 994 3236 anni
1019 3177 1079 3252 75,
1102 3170 1158 3234 sed
1180 3175 1213 3235 et
1233 3167 1428 3233 miraculosa
1460 3165 1576 3230 cibatio
1691 3195 1692 3234 ι

247 3258 308 3322 fuit
330 3263 405 3341 post
426 3258 589 3341 spicarum
616 3259 809 3338 vulsionem,
832 3265 869 3324 ut
891 3279 989 3344 snpra
1011 3260 1110 3334 voluit
1132 3259 1285 3344 objectio:
1315 3275 1391 3337 ergo
1413 3276 1501 3320 auno
1526 3257 1576 3330 ld,
1691 3327 1692 3332 ἵ

248 3351 281 3410 et
303 3348 348 3412 sic
372 3346 518 3412 ultimum
541 3347 665 3432 pascha
686 3369 751 3412 non
766 3354 841 3412 ante
864 3369 983 3412 annum
1000 3353 1051 3416 77.
1092 3348 1175 3428 Quid
1196 3346 1333 3411 adhaec
1355 3341 1578 3427 respondebor

247 3435 388 3514 Possem,
405 3436 433 3500 si
442 3456 584 3518 urgerer,
603 3437 745 3519 excipere
757 3443 871 3502 contra
882 3437 966 3502 hanc
980 3437 1227 3522 propositionem
1237 3433 1390 3500 vulsionis
1405 3433 1577 3517 spicarum,

248 3545 383 3606 eamque
406 3529 602 3608 postponere
625 3525 837 3590 miraculosae
861 3525 1027 3590 cibatioui:
1051 3527 1201 3590 nimirum
1224 3543 1330 3589 omues
1350 3529 1417 3585 tres
1433 3522 1576 3602 Evange-

246 3613 338 3678 listae
360 3612 484 3678 iaciunt
505 3613 554 3678 hic
578 3634 696 3678 novum
723 3614 848 3680 initium
875 3616 1085 3694 narrationis,
1112 3633 1171 3680 uec
1194 3613 1262 3678 ulla
1283 3609 1479 3676 necessitate
1502 3630 1576 3674 con-

246 3707 382 3766 nectunt
403 3703 488 3768 hanc
509 3701 675 3768 historiam
698 3723 772 3768 cum
794 3703 1070 3786 praecedentibus,
1094 3704 1173 3786 quin
1195 3703 1259 3767 imo
1281 3700 1392 3766 eadem
1414 3698 1579 3768 occasione

246 3795 279 3854 ct
308 3790 513 3856 similitudine
544 3812 654 3858 omnes
686 3797 752 3856 tres
782 3792 933 3857 videntur
963 3792 1128 3857 admoniti.
1180 3792 1285 3857 Lucas
1315 3811 1347 3855 ιι.
1380 3793 1414 3850 et
1439 3787 1577 3852 -Mareus

245 3877 429 3944 immediate
451 3881 694 3963 praemiserant,
718 3886 756 3944 ut
776 3881 939 3964 pharisaei
962 3881 1079 3947 Cluisti
1100 3879 1262 3965 discipulis
1285 3869 1462 3962 objecerint
1485 3875 1577 3948 disci·

245 3967 396 4053 pulcrum
417 3969 576 4034 lobannis
603 3971 741 4054 jejunia:
769 3975 804 4034 at
826 3969 930 4034 simile
952 3969 1112 4051 quidhoc
1134 3975 1197 4048 est,
1222 3967 1308 4052 quod
1327 3973 1395 4051 jam
1417 3964 1578 4048 pharisaei

246 4057 408 4141 discipulis
426 4057 544 4124 Christi
565 4057 720 4144 objiciunt
743 4058 944 4123 violationem
960 4058 1109 4123 sabbathi
1125 4057 1240 4122 edendi
1255 4077 1362 4121 causa.
1394 4054 1579 4118 Matthaeus

245 4153 357 4210 autem
372 4147 588 4230 praemiserat
603 4143 771 4212 historiam
785 4147 949 4227 lobannis,
965 4147 1137 4230 discipulos
1150 4147 1192 4212 ed
1206 4146 1367 4212 Christum
1382 4143 1579 4225 ablegama,

245 4235 363 4317 quibus
387 4236 523 4300 dimissis
539 4235 686 4300 Christus
711 4243 785 4301 erat
804 4243 936 4318 questus
953 4235 993 4301 dc
1007 4235 1192 4320 pharisaeis,
1217 4233 1305 4320 quod
1320 4233 1339 4300 J
1343 4233 1465 4297 ohanni
1480 4231 1577 4296 absti-
1691 4257 1692 4326 ι

245 4324 334 4388 nenti
357 4325 547 4390 commercia
563 4323 765 4404 daemonum,
783 4324 910 4390 Christo
925 4325 1031 4390 edenti
1047 4325 1253 4391 voracitatem
1269 4321 1430 4408 objiciant,
1454 4321 1576 4404 pancis-
1691 4381 1692 4408 ,

246 4434 310 4496 que
331 4413 539 4498 interpositis,
562 4434 647 4495 quae
672 4413 715 4478 ad
737 4414 895 4479 sermonis
919 4413 1036 4480 Christi
1064 4413 1337 4478 continuationem
1363 4407 1577 4494 pertinebant,

197 4549 198 4560 ι
246 4502 380 4586 similem
403 4501 513 4568 itidem
535 4523 607 4585 cap.
627 4508 678 4567 12.
703 4503 803 4567 refert
824 4503 1068 4586 pharisaeorum
1091 4501 1366 4596 importunitatem
1389 4498 1577 4575 censoriam,

245 4589 323 4654 dum
346 4591 519 4674 discipulos
542 4597 685 4673 arguunt
710 4611 806 4674 super
829 4593 969 4658 nulsione
992 4593 1205 4676 spicarum.*l

254 4707 465 4717 --..-..-—-—-—-

312 4719 315 4734 Α
340 4755 367 4816 *l
397 4759 459 4810 Hae
480 4757 684 4824 perplexitates
705 4756 890 4810 dissolvuntur
909 4757 1024 4826 egregie
1046 4757 1072 4812 iu
1087 4775 1148 4811 urea
1161 4735 1312 4812 Harmonia
1326 4753 1573 4828 Evangelistarum,

246 4835 355 4905 digesta
378 4835 516 4889 ministerii
540 4837 644 4890 Christ-i
667 4835 780 4890 historia
802 4852 850 4905 por·
872 4854 955 4890 annos
978 4835 1039 4905 2¹5⁴.
1588 4859 1592 4864 ·
