3412 5538
416 393 419 405 ,
554 328 1008 410 harmeubsssrnarsnpm
1204 327 1206 330 ¹
1391 325 1454 394 159

109 475 182 540 rina
196 495 298 542 annus
322 486 414 544 vetus
427 479 584 546 Romanus
599 502 702 569 saepe,
723 449 902 569 saepiusque
919 485 1059 552 Graecus
1072 480 1190 551 lunam
1209 488 1331 570 plenam
1346 487 1452 552 diebm

110 563 166 628 suis
180 571 449 648 repraesentavit,
470 579 505 636 at
519 591 580 637 non
594 574 663 653 ideo
680 576 827 657 sequitur,
847 576 879 640 id
893 577 1008 640 lactum
1022 576 1159 640 omnihus
1174 577 1269 643 annis.
1299 578 1400 642 Locus
1415 597 1454 642 ex
1558 567 1564 576 ’

108 654 188 736 Diog.
202 653 337 722 Laertio
355 679 446 742 supra
460 669 510 725 est
524 669 635 726 uerna
664 664 740 728 Dies
757 665 795 728 ad
809 663 928 729 Lunam
942 667 994 747 agi
1009 665 1148 730 dicuntur
1162 667 1248 730 vario
1263 687 1363 742 sensu,
1379 674 1412 729 et
1426 667 1452 730 si

106 743 300 810 Plutarchum
317 750 481 832 accipimus
496 751 704 834 interpretem,
720 773 828 818 sensus
842 755 982 818 hocloco
998 755 1082 818 velet
1096 754 1166 831 ists,
1179 763 1215 818 ut
1224 757 1452 820 denominentur

106 833 238 898 aLunae
261 837 429 918 phrasibus,
452 837 512 904 etsi
533 841 565 904 in
580 841 731 926 aliquibus
754 844 841 908 aunis
863 843 902 908 ab
923 843 962 906 iis
985 843 1167 925 discrepent
1202 845 1247 908 Ut
1268 865 1328 910 non
1344 846 1451 920 dicam,

104 922 192 988 videri
210 925 282 1006 jam
306 935 380 992 tnnc
401 948 496 1010 penes
510 931 710 1012 magistratus
730 933 764 996 in
777 953 834 996 usu
849 933 943 997 fuisse
962 933 1169 998 octaeteridss
1186 942 1348 998 correctas.
1387 934 1450 1000 (la-⁵

104 1013 196 1094 lippus
222 1016 309 1080 enim
333 1018 503 1084 Alexandri
528 1029 664 1085 aetatem
686 1022 822 1104 proxime
847 1023 1029 1100 antecessit,
1058 1024 1165 1086 hleton
1192 1024 1255 1088 100
1280 1025 1368 1088 annis
1393 1025 1450 1088 rore

103 1101 242 1184 superior.
290 1107 338 1170 Et
361 1107 427 1188 jam
459 1117 531 1172 ante
552 1111 710 1174 Matonem
740 1113 944 1176 octatterides
973 1113 1134 1196 aliquoties
1163 1119 1255 1176 erant
1277 1120 1450 1190 correctam

101 1191 142 1254 ita
154 1211 251 1275 prope
268 1194 419 1261 Solonem
433 1198 577 1263 venimus.
597 1252 600 1258 .
617 1189 680 1264 Sed
694 1208 837 1282 praestat
850 1202 895 1264 uti
909 1202 1054 1266 violentia
1070 1220 1144 1265 sans
1160 1220 1249 1284 quam
1263 1203 1449 1266 necessaria.

100 1280 216 1344 Etenim
239 1286 388 1369 quicquid
408 1288 589 1370 impetrasse
618 1289 733 1354 dixeris
756 1289 901 1355 Solonem
928 1291 967 1355 ab
990 1290 1246 1368 Atheniensibus,
1277 1300 1360 1355 certe
1393 1291 1450 1355 sub

100 1369 224 1524 ffite
247 1375 353 1440 adhuc
367 1377 592 1461 Aristophanes
614 1379 780 1462 exprobrat
800 1381 839 1444 iis
861 1381 1041 1444 anomaliam
1064 1388 1097 1444 et
1118 1381 1275 1446 dissidium
1300 1380 1450 1445 mensisa

179 1551 287 1616 Locus
304 1553 529 1638 mrbuoydioa
545 1560 709 1623 cmnmunis
724 1567 774 1625 est
788 1559 890 1623 nobis:
907 1559 1106 1642 subintelligit
1113 1559 1260 1625 Petavius
1275 1559 1449 1642 prolapsio-

100 1659 161 1702 nem
176 1643 392 1720 octatteridis,
405 1662 529 1726 possum
544 1665 601 1729 ego
610 1648 836 1730 subintelligere
847 1649 1018 1712 dissensum
1024 1649 1142 1712 ratione
1149 1650 1215 1731 typi
1223 1649 1449 1713 tetrasteridis:

99 1735 130 1792 ut
141 1753 299 1811 muretus
314 1753 391 1796 socc
405 1737 525 1814 σιληηρ
539 1736 716 1818 depromtae
736 1737 851 1802 luerint
865 1757 904 1801 ex
926 1737 1113 1802 octstteride
1130 1739 1197 1820 jam
1217 1747 1290 1802 tunc
1312 1739 1451 1813 inventa,

100 1820 204 1884 civiles
214 1841 255 1884 ex
272 1822 402 1904 antiqua
416 1825 618 1890 tetratteride
633 1828 714 1909 apud
728 1828 871 1910 populum
885 1834 1069 1892 remanente.

179 1910 287 1975 Luem
303 1929 378 1975 vero
393 1913 473 1976 alter
486 1915 614 1979 Diodori
635 1917 730 1998 ipsius
745 1917 865 1981 Petavii
880 1916 1068 1983 consessione
1091 1915 1164 1979 mihi
1180 1915 1237 1979 soli
1253 1909 1448 1998 permittitur,

99 1999 121 2062 si
136 2000 364 2064 absurditatem
384 2002 429 2065 illi
444 2003 849 2094 eripiasinterpretamenti,
873 2007 1020 2090 quomodo
1035 2008 1142 2088 hleton
1157 2005 1277 2069 initium
1292 2006 1377 2089 cyclo
1394 2025 1448 2069 suo

99 2091 239 2152 statuerit
264 2090 297 2152 in
321 2091 495 2156 dianiensis
510 2095 610 2158 strici
632 2097 806 2160 tredecima
845 2093 1002 2168 Quomodo
1018 2095 1097 2158 enim
1113 2095 1218 2170 aliter,
1241 2096 1300 2159 nisi
1314 2095 1395 2177 quod
1411 2113 1448 2160 eo

99 2179 141 2242 die
155 2179 349 2244 novilunium
364 2182 583 2264 deprehendit?
614 2183 695 2258 Quid
717 2187 816 2249 eninr?
828 2186 934 2250 -Adeo
956 2185 1082 2248 remisso
1106 2184 1206 2250 animo
1220 2182 1328 2248 Meton
1342 2185 1373 2247 in
1388 2187 1466 2266 po-'

97 2269 161 2350 pulo
175 2269 290 2344 libero,
304 2271 517 2353 magistratum
532 2273 598 2354 ipse
613 2292 673 2337 nun
689 2293 807 2356 gerens,
824 2274 879 2339 sed
895 2295 950 2338 sua
965 2275 1067 2338 studia
1083 2273 1231 2350 deferens,
1244 2274 1363 2336 initium
1377 2273 1448 2355 pul·
1538 2351 1544 2358 ¹

99 2357 232 2422 uberrimi
252 2355 372 2422 inventi
395 2355 555 2442 (novilunii
576 2363 607 2426 in
624 2365 757 2427 solstitio
779 2364 847 2445 ipso
863 2371 895 2427 et
910 2364 987 2446 cycli
1007 2371 1079 2445 poet
1103 2363 1143 2426 19
1159 2381 1256 2426 annos
1275 2357 1447 2442 redeuntis)

100 2447 289 2530 anticipavit,
304 2449 461 2514 fortuitum
478 2452 601 2528 sumsit,
624 2453 749 2516 arbitrio
766 2453 878 2516 abusus
894 2459 958 2528 est,
980 2461 1100 2534 partem
1115 2452 1187 2514 anni
1201 2451 1353 2514 minimam
1368 2451 1447 2514 resi-

100 2537 181 2601 duam
196 2539 389 2620 complexus,
405 2540 484 2621 quod
498 2540 588 2604 hodie
604 2543 702 2604 nullus
718 2541 1075 2623 calendariographorum
1092 2541 1194 2604 lacere
1209 2557 1247 2603 ne
1258 2540 1363 2622 jussus
1379 2540 1446 2623 qui-

102 2627 163 2689 dem
180 2627 386 2710 dignaretur?
422 2630 489 2710 Ego
512 2631 631 2712 quidem
647 2632 691 2695 sic
712 2631 868 2707 existimo,
891 2632 916 2695 si
939 2631 1031 2694 etiarn
1052 2632 1110 2693 hoc
1132 2629 1259 2692 fecisset
1272 2631 1395 2704 Meton,
1416 2629 1447 2692 id

100 2723 194 2780 tamen
203 2719 380 2781 Diodorum
394 2737 455 2782 non
472 2719 664 2801 dignatumm
679 2721 961 2784 commemoratione
978 2720 1080 2795 luisse,
1094 2726 1130 2783 ut
1139 2718 1189 2802 qui
1205 2719 1330 2782 diurnos
1342 2719 1448 2784 Athe-

101 2806 247 2870 niensium
263 2814 351 2870 actus
367 2828 427 2871 non
443 2809 586 2872 condidit
615 2809 659 2872 Et
672 2830 761 2892 pone,
783 2830 844 2874 non
861 2811 1056 2892 dedignatum
1071 2827 1154 2884 esse,
1177 2827 1230 2873 cur
1243 2808 1295 2872 ille
1306 2807 1372 2889 ja'm
1387 2827 1447 2872 non

101 2898 266 2978 separatim
281 2896 423 2978 assignat
438 2898 518 2960 diem
532 2899 625 2963 etiam
639 2899 732 2975 illam,
748 2921 767 2962 a
782 2919 842 2982 qua
856 2908 946 2963 vetus
961 2899 1143 2962 naturaliter
1157 2897 1280 2979 incepit,
1302 2905 1448 2980 tanquam

100 2985 188 3049 multo
213 2985 416 3068 insigniorem
437 2987 506 3064 illa,
528 3007 587 3070 qua
609 2989 782 3071 publicatus
805 2996 860 3052 est
890 2987 1037 3071 Equidem
1053 3007 1126 3070 ego,
1149 2989 1198 3070 qui
1214 2985 1372 3070 Scaligero
1387 3001 1447 3050 nor

99 3075 193 3140 ninus
218 3076 397 3157 frequenter
417 3095 508 3158 quam
529 3077 595 3159 ipse
613 3078 759 3141 Petavius
782 3079 972 3155 contradico,
995 3095 1114 3160 semper
1137 3085 1240 3140 umen
1264 3078 1344 3140 hauc
1367 3076 1449 3140 illihs

100 3165 349 3228 observationem
363 3166 396 3229 in
409 3167 544 3230 Diodoro
560 3167 618 3230 leci
632 3169 759 3249 plurimi.
791 3167 854 3232 Sed
868 3168 966 3243 video,
981 3167 1055 3231 illud
1070 3167 1208 3231 accidere
1222 3166 1352 3229 Petavio
1367 3166 1449 3229 circa

100 3251 289 3336 scaligerum
306 3274 398 3338 saepe
415 3257 625 3333 somniantem,
648 3259 728 3340 quod
744 3258 882 3322 accidere
898 3257 978 3320 solet
992 3258 1084 3338 vulgo
1101 3256 1182 3320 eirca
1196 3256 1394 3331 mentientes,
1412 3261 1447 3318 ut

100 3343 243 3426 deinceps
258 3363 297 3407 ne
311 3365 387 3408 vera
402 3346 521 3428 quidem
537 3345 707 3412 dicentibus
722 3347 812 3410 fldem
825 3348 948 3412 habeat.
974 3347 1021 3411 At
1035 3365 1092 3410 nos
1107 3347 1187 3410 hanc
1201 3345 1447 3428 observationem

98 3433 273 3516 diligentius
289 3435 502 3498 examinemus.
1437 3485 1438 3492 ,

145 3601 153 3620 Ι
183 3522 240 3587 Sic
255 3523 349 3606 igitur
364 3531 425 3586 est:
442 3533 534 3607 typus
542 3525 752 3589 tetratteridis
762 3526 903 3589 restabat
917 3523 997 3606 apud
1006 3524 1157 3605 populum
1171 3541 1270 3588 rerem
1280 3523 1445 3600 dominum

99 3613 307 3676 cometaridas
319 3614 385 3694 jam
400 3620 472 3677 ante
486 3615 642 3678 Metonem
658 3622 797 3696 repertas
814 3615 902 3678 facile
918 3613 1065 3678 concedo:
1090 3621 1157 3676 esto
1176 3620 1212 3677 ut
1226 3613 1319 3676 etiam
1334 3613 1447 3676 fuerint

100 3702 168 3766 illae
183 3703 350 3784 prolapsae
365 3704 396 3765 in
413 3703 582 3767 dissensum
597 3725 617 3767 a
631 3703 732 3767 Luna:
764 3712 798 3768 at
812 3722 872 3766 non
888 3705 1000 3766 luerint
1014 3703 1085 3765 illae
1108 3703 1207 3766 adhuc
1222 3711 1287 3766 tum
1302 3709 1446 3784 receptae

98 3792 253 3875 apopnlo,
269 3793 476 3856 observabant
492 3811 545 3856 eas
561 3793 639 3856 forte
655 3793 864 3876 magistratus,
879 3800 914 3855 ut
927 3791 1080 3874 posterius
1101 3792 1194 3855 etiam
1209 3793 1325 3875 cyclum
1339 3791 1444 3855 Meto-

98 3881 150 3943 nis.
181 3881 250 3943 Hoc
265 3889 370 3945 tamen
386 3881 545 3946 discrimen
569 3883 684 3945 dierum
709 3884 749 3946 13
764 3881 909 3946 novilunii
930 3903 949 3944 a
969 3881 1104 3945 calendis
1124 3882 1236 3944 mensis
1256 3899 1317 3944 non
1337 3880 1394 3944 luit
1413 3881 1444 3944 in

98 3969 286 4033 octatteride
300 3971 422 4047 vitiosa,
443 3991 503 4036 non
518 3972 698 4035 tantumilla
708 3971 888 4036 contrahere
904 3971 1127 4052 potuitvitium,
1138 3971 1205 4051 jam
1218 3971 1342 4052 cognita
1356 3989 1443 4034 men·
1477 3993 1482 4011 ¹

97 4059 137 4122 sis
150 4060 286 4123 Lunaris
302 4061 490 4143 quantitate,
512 4062 568 4124 sed
583 4061 641 4123 luit
656 4061 775 4124 omnino
790 4061 820 4124 in
836 4049 1062 4134 tetraste'ride,¹
1079 4068 1177 4122 ortum
1192 4079 1253 4123 non
1269 4077 1307 4123 ex
1321 4067 1442 4141 tempo·

97 4149 174 4212 ratio
191 4149 258 4230 ejus
274 4149 365 4224 vitio,
387 4151 496 4213 sodex
514 4152 583 4232 ipsa
604 4151 850 4213 conformationis
870 4151 985 4231 primae
1008 4148 1179 4212 condhione
1198 4156 1325 4231 propter
1342 4150 1442 4212 inter·

96 4239 223 4301 calamos
238 4257 362 4302 menses
377 4241 494 4304 breves.
517 4241 627 4321 Itaque
641 4241 719 4303 haec
733 4240 859 4304 Diodori
874 4239 1042 4302 auctoritas
1058 4239 1177 4302 accedit
1190 4239 1264 4302 mihi
1279 4238 1320 4301 ad
1335 4255 1441 4301 nnme-

95 4345 156 4391 rum
171 4329 315 4404 testium,
338 4329 445 4410 quihus
461 4329 583 4404 evinco,
604 4323 758 4392 veteribus
775 4327 903 4392 Graecis
925 4328 1065 4410 adeoque·
1081 4327 1244 4392 etiamnum
1258 4325 1441 4390 Atheniensi

95 4419 201 4510 populo
217 4419 275 4482 sub
291 4417 419 4480 hletone
434 4419 527 4482 fuisse
543 4437 654 4481 annum
669 4419 796 4481 similem
810 4417 924 4481 veteris
938 4417 1078 4494 Romani,
1092 4417 1125 4480 id
1140 4425 1189 4481 est
1205 4438 1224 4480 a
1238 4416 1344 4480 Lunae
1359 4413 1439 4498 pha·
1571 4455 1573 4466 .

98 4507 184 4586 sibus,
199 4509 282 4572 unde
299 4507 368 4571 dies
384 4507 576 4584 denominati,
592 4527 683 4592 saepe
700 4505 905 4570 dissidentem

175 4599 281 4662 Locus
298 4597 458 4662 Ciceronis
478 4601 527 4672 est
546 4599 584 4661 de
600 4595 711 4661 Siculis
732 4605 764 4659 et
780 4595 908 4682 Graecis
928 4596 974 4660 sui
994 4595 1155 4678 temporis;
1185 4595 1258 4658 nihil
1277 4593 1379 4673 itaque
1400 4607 1439 4654 ex

97 4703 127 4750 eo
140 4697 248 4770 potest
264 4687 359 4770 objici
374 4705 455 4750 anno
469 4696 606 4753 veterum
623 4686 819 4762 Graecorum,
834 4685 952 4768 qualem
968 4703 1025 4768 ego
1041 4685 1145 4748 doceo.
1174 4685 1280 4766 Neque
1294 4680 1374 4754 scio,
1397 4699 1438 4744 an
1458 4677 1461 4688 '

96 4787 169 4842 recte
185 4778 341 4844 Patavina
364 4777 413 4840 hic
429 4777 468 4838 ad
483 4784 623 4858 epactam
638 4776 730 4842 tridui
751 4776 783 4838 in
799 4776 884 4858 cyclo
900 4775 1093 4838 sedecennali
1115 4773 1276 4853 confugiat.
1311 4765 1439 4849 *daaym

95 4877 121 4930 et
134 4867 266 4954 ἐξωρων
279 4865 408 4933 diversa
423 4874 503 4930 eunt.
530 4866 574 4932 Et
589 4867 627 4929 de
641 4867 795 4929 mensibus
809 4865 929 4947 quidem
944 4865 1139 4928 exaeresimis
1154 4880 1215 4924 non
1228 4875 1339 4938 magua
1354 4855 1438 4921 tirr-
