3428 5542
638 335 942 396 adSotbumcaiviatorn.
1394 323 1459 396 273

110 482 198 548 verit
230 481 394 556 Quomodo
411 483 488 548 enim
503 485 632 567 probos,
652 480 791 550 voculam
806 487 931 552 circiter
950 487 1138 552 referendam
1160 487 1200 552 ad
1214 507 1334 554 meuses
1352 497 1385 554 et
1399 511 1460 556 non

111 573 216 654 potius
240 574 281 637 ad
304 593 418 652 annos,
440 593 507 638 cum
528 574 634 640 rideas
650 576 822 658 appositum
844 576 1053 640 adnumerum
1075 579 1239 649 annorum?
1268 580 1311 642 Ει
1325 579 1459 646 ιιιιιιιιι

110 663 334 728 necessitatem
347 662 565 746 Evangelistoe
590 683 650 728 non
665 665 778 747 potes
769 685 922 750 rmponore
938 666 1057 732 dicendi
1071 666 1147 737 corti
1162 668 1246 745 anni,
1267 668 1326 734 nisi
1341 677 1374 732 et
1389 689 1457 734 cer·

111 759 175 816 tum
190 751 237 817 ilii
252 771 390 818 mensem
404 760 577 848 certumque
593 754 696 818 diem
687 773 833 837 imperes,
855 755 1090 839 quotiescunque
1111 756 1152 820 sd
1165 756 1256 820 fidam
1269 757 1306 822 B
1321 759 1458 841 Virginis

108 843 285 908 memoriam
300 862 457 947 provocas.
488 842 624 908 Obsecro
641 844 735 920 enim,
757 865 796 910 sn
812 865 872 908 non
886 845 981 910 multo
997 846 1084 928 plura
1099 854 1172 910 sunt
1185 847 1367 912 adminiculo
1381 867 1456 912 oon·

108 933 279 996 servsndso
294 933 456 998 memoriae
472 933 665 1016 tempestatis
680 933 752 996 suni
767 941 859 1018 utque
874 935 967 1000 stiam
983 934 1156 1018 dicionem
1170 937 1286 1000 numeri
1295 957 1456 1014 annorum;

107 1039 176 1084 cum
197 1022 271 1086 anni
292 1041 397 1088 omnes
418 1023 498 1086 inter
519 1042 553 1086 se
576 1023 638 1086 sint
653 1022 783 1099 similes,
804 1030 1006 1107 tempestates
1028 1025 1099 1088 anni
1122 1025 1277 1102 diversae,
1299 1026 1381 1091 festa
1401 1047 1457 1109 per

107 1117 209 1174 totum
224 1131 337 1176 sunum
353 1111 484 1176 evidenti
499 1112 670 1176 discrimine
686 1112 856 1194 disposita?

194 1201 309 1266 Altera
329 1219 397 1268 moa
412 1200 491 1265 ratio
506 1207 647 1266 versetur
661 1199 693 1266 in
707 1201 780 1279 boc,
802 1207 838 1266 ut
858 1202 1032 1280 ostendum,
1054 1222 1115 1268 non
1130 1223 1198 1268 esso
1214 1223 1354 1281 necesse,
1375 1213 1411 1269 ut
1425 1205 1456 1269 in

106 1288 211 1354 verbis
226 1290 445 1372 Evangeiistse
467 1292 577 1374 etipse
591 1298 662 1358 erut
675 1291 767 1374 perosi
781 1292 913 1376 tripinto
927 1311 1082 1358 αιιιιιιιιιι
1095 1293 1264 1376 incipimus,
1281 1313 1389 1358 vocem
1402 1295 1455 1362 ιι-

70 1417 76 1430 ·
106 1381 228 1462 spem
243 1379 400 1444 trahamus
420 1380 460 1444 ad
475 1399 621 1446 annorum
640 1399 803 1446 numerum
840 1377 908 1453 Quo
925 1381 1050 1446 obtento
1073 1390 1106 1446 ιι
1119 1382 1221 1446 vorbis
1235 1383 1455 1466 Evangelistse

106 1477 176 1533 erut
190 1469 285 1552 peuri
299 1469 430 1552 trifinio
444 1489 598 1536 ιιιιοιιιιι
612 1470 656 1534 ιιι
672 1471 808 1536 ιοιιιιιιι
824 1470 987 1546 stantibus,
1008 1471 1099 1554 piane
1115 1471 1242 1536 subruta
1257 1480 1329 1537 sunt
1343 1473 1454 1536 iunds·

105 1565 227 1634 menta,
249 1559 357 1642 quibus
371 1558 466 1624 innixi
480 1567 602 1624 veteres
616 1559 742 1642 phrasin
764 1569 948 1643 occeperunt
963 1561 1000 1624 de
1015 1561 1155 1643 praecisa
1176 1561 1219 1626 30
1235 1561 1380 1628 annorum
1394 1562 1453 1626 ιιι-

104 1646 250 1728 pletionc.
271 1647 394 1712 Etenim
403 1647 521 1713 sinulla
530 1648 617 1714 nobis
633 1649 742 1714 fuisset
757 1649 879 1731 objecta
894 1649 1058 1714 difficultas
1074 1649 1156 1715 circa
1170 1657 1340 1734 temporum
1354 1651 1453 1716 ratio-

105 1755 183 1813 nem,
199 1738 334 1802 fortusse
349 1757 410 1803 non
423 1737 521 1805 minus
530 1759 587 1803 nos
596 1738 695 1814 bodie,
710 1757 800 1822 quam
813 1738 932 1804 iliorum
941 1743 1080 1804 veterum
1094 1739 1187 1822 uliqui
1200 1759 1314 1824 sosque
1329 1749 1454 1806 secutus

103 1826 260 1904 Erasmus,
273 1827 434 1892 Erasruum
447 1827 609 1905 Lutherus,
624 1847 730 1904 vocem
743 1828 897 1912 iucipiens
911 1829 1110 1894 traxissemus
1125 1829 1284 1912 improvidi
1300 1830 1341 1894 cd
1361 1831 1454 1896 verba

103 1923 173 1980 erat
190 1912 244 1980 30
257 1933 420 1982 ιιιιοιιιιι
467 1913 547 1990 Quid
569 1917 648 1982 enim
663 1918 799 1982 crebrius
819 1923 883 1998 ost,
906 1937 997 2002 quum
1017 1918 1099 1983 hoc
1090 1938 1204 2001 ipsum,
1227 1920 1308 2004 quod
1329 1919 1454 1984 maximi

103 2003 175 2082 viri,
196 2005 293 2070 dum
283 2026 315 2070 ιι
330 2013 507 2070 transcursu
529 2014 613 2084 ιιιι,
634 2007 706 2072 dum
726 2007 849 2090 integra
861 2007 964 2072 Biblic
977 2014 1117 2094 vertunt,
1139 2008 1209 2072 dum
1225 2007 1381 2072 orationes
1398 2016 1453 2074 eut

103 2053 243 2160 boniilias
259 2095 411 2172 scribunt,
433 2096 473 2160 ad
488 2095 624 2180 singulos
638 2102 743 2162 textus
757 2095 861 2160 biblici
876 2097 980 2180 apices
1002 2115 1063 2162 non
1078 2115 1198 2202 sempor
1213 2097 1380 2180 respiciunt
1395 2117 1453 2162 nec

104 2183 351 2250 cncumstantias
366 2201 470 2249 omnes
485 2184 667 2268 expendunt,
680 2185 833 2250 interdum
846 2185 931 2250 ieves
946 2185 1138 2267 coniecturas
1148 2185 1263 2250 incauti
1278 2194 1453 2269 sequuntur,

105 2293 161 2336 non
176 2275 404 2356 perpendentes
419 2273 534 2352 omnia,
555 2294 632 2357 quse
647 2275 738 2357 objici
751 2283 889 2358 possunt
925 2276 971 2339 At
983 2283 1146 2358 postquam
1166 2275 1256 2340 bodie
1271 2274 1452 2358 gravissimo

105 2362 248 2426 conflictu
269 2363 420 2428 rationum
442 2364 720 2448 chronologicarum
742 2384 844 2428 sumus
860 2363 986 2428 excitati
1000 2365 1087 2428 velut
1101 2383 1118 2428 ι
1132 2371 1275 2444 veterno,
1297 2372 1332 2428 ut
1347 2384 1452 2429 omncs

104 2452 265 2516 verborum
278 2451 533 2534 Evangelioorum
552 2453 656 2536 apices
671 2453 862 2535 diligentius,
883 2473 972 2536 quam
994 2453 1066 2518 olim
1087 2453 1215 2530 iactum,
1237 2454 1453 2536 expendamus,

102 2541 209 2606 mirum
224 2561 415 2624 nequaquam
430 2561 499 2608 ιιιι
515 2541 620 2648 debet,
638 2563 693 2607 nos
708 2543 798 2606 hodio
814 2543 916 2627 aliquo
930 2550 1048 2617 notare,
1069 2547 1146 2625 quae
1162 2549 1284 2606 veteres
1299 2562 1359 2606 non
1375 2543 1450 2606 teti-
1497 2578 1500 2598 ·

103 2637 228 2712 gerunt3
253 2650 310 2694 nec
325 2631 461 2707 dubium,
483 2632 554 2713 quin
569 2632 596 2696 si
611 2632 668 2714 ipsi
688 2631 732 2694 ilii
748 2638 889 2695 suctores
904 2625 1137 2720 reviviscerent,
1159 2630 1265 2694 ecdem
1287 2630 1452 2708 nobiscum,

98 2720 161 2800 jam
177 2719 297 2796 moniti,
312 2719 424 2784 fuerint
439 2720 571 2802 agnituri
586 2729 619 2784 et
634 2719 809 2785 confessuri.
840 2717 975 2794 Quorum
989 2713 1070 2784 boc
1061 2719 1190 2803 primum
1205 2728 1283 2798 esto,
1297 2720 1377 2805 quod
1391 2739 1453 2784 vox

103 2809 259 2914 ιἰιιριιιιι
274 2808 312 2872 de
327 2816 462 2891 tempore
478 2809 636 2874 intellecta
651 2817 768 2892 pugnet
784 2829 851 2874 oum
864 2829 940 2873 voce
955 2829 1046 2894 quaer
1041 2809 1111 2872 ιιι
1127 2809 1260 2874 circiter.
1304 2809 1451 2894 Numqui

102 2897 210 2980 incipit
232 2917 301 2962 esse
321 2897 515 2974 tricenarius,
536 2899 564 2962 is
579 2917 639 2962 non
660 2905 765 2982 potest
780 2898 840 2963 dici
859 2898 966 2963 esdem
988 2898 1106 2962 simul
1097 2918 1129 2962 ιι
1151 2899 1288 2963 ιιιιιοιι
1304 2915 1451 2962 ιιιιιιιι

102 2988 233 3069 triginta
245 2985 377 3052 circiter.
406 2988 577 3070 Pnoptsrea
591 2989 668 3052 scite
684 2995 718 3052 ιι
733 2988 870 3071 quamvis
884 3007 963 3052 novo
973 2988 1112 3070 exemplo
1121 2987 1340 3069 trsnsposmstr
1353 3005 1449 3051 vocu-
1563 3041 1567 3048 ,

101 3077 146 3140 las
155 3077 316 3182 tegisque.
339 3084 408 3142 erat
428 3077 522 3159 quusi
536 3078 704 3176 incipiam,
724 3085 761 3140 ut
781 3077 969 3140 indefinitam
990 3096 1096 3142 vocem
1111 3077 1204 3159 quusi
1223 3094 1284 3139 non
1300 3076 1340 3140 sd
1355 3076 1450 3140 trice·

100 3165 218 3230 narium
240 3183 405 3241 numerum,
421 3174 455 3229 ιι
467 3151 684 3248 Evangelists,
705 3167 760 3230 sed
775 3166 815 3230 sd
830 3185 937 3252 vocem
960 3165 1114 3249 descipiens
1128 3165 1287 3247 alligeros:
1311 3183 1451 3247 sperans,

102 3256 144 3318 sic
158 3255 271 3318 melius
287 3262 503 3318 conventurum
517 3255 597 3319 inter
607 3255 668 3351 bas
682 3255 771 3320 binas
785 3255 919 3320 voculas

185 3343 296 3426 Atqu,
310 3344 391 3427 quod
405 3343 538 3414 secundo
559 3344 626 3408 ioco
649 3344 687 3408 do
703 3343 971 3420 considerandum,
991 3343 1131 3424 nuspiam
1145 3343 1281 3407 invenies
1303 3354 1399 3424 noque
1419 3342 1451 3407 ιιι

99 3431 225 3497 Graeca
245 3433 398 3538 usquein
412 3433 526 3496 Latina
547 3433 651 3516 lingua
672 3433 841 3515 exemplum
862 3433 955 3496 ullum
970 3431 1084 3508 simile,
1105 3432 1156 3496 ubi
1171 3431 1254 3514 quis
1250 3431 1380 3499 dicetur
1399 3432 1451 3496 vsi
1548 3451 1551 3464 ·

99 3521 310 3605 simpliciter
301 3521 433 3604 mcipore
456 3522 506 3586 ιιι
528 3521 614 3604 quasi
634 3521 767 3604 incipere
790 3541 858 3585 esso
881 3521 1182 3603 sociaremus
1205 3539 1242 3584 eo
1264 3519 1344 3602 quod
1365 3528 1450 3584 recte

99 3612 245 3688 dicimus,
265 3611 349 3675 ilium
363 3610 442 3675 bunc
457 3631 604 3676 aunomm
618 3629 774 3676 numerum
782 3609 912 3692 jsmjsm
926 3610 1144 3692 completurum
1158 3609 1208 3673 vel
1223 3609 1403 3691 explevisse,
1418 3618 1451 3674 ιι
1471 3678 1475 3686 ,

95 3703 160 3782 jam
174 3701 312 3782 incipere
331 3700 458 3783 primum
474 3720 566 3783 supra
580 3701 773 3766 tricesimum.
801 3698 944 3764 Ridicule
962 3699 1054 3783 plane
1069 3699 1202 3780 inceptio
1225 3699 1339 3763 rotatis
1354 3699 1449 3764 trice-

100 3790 217 3865 auiae,
233 3809 311 3872 quae
326 3789 358 3854 in
373 3788 521 3854 desitione
537 3788 682 3854 tricesimi
697 3788 857 3854 consistet
899 3787 997 3872 Atqui
1010 3787 1166 3870 putabam,
1181 3787 1339 3852 desinente
1354 3788 1448 3852 trice-

100 3881 178 3944 simo
190 3879 326 3961 incipere
341 3877 526 3943 tricesimum
539 3879 675 3960 primum.
697 3878 741 3942 Et
754 3878 812 3942 hoc
826 3885 901 3960 puto
911 3875 1035 3942 secut'os
1050 3895 1118 3940 esse
1133 3883 1271 3940 veterum
1279 3877 1449 3955 nonnullos,

99 3977 267 4052 propterea
281 3967 361 4050 quod
375 3967 543 4032 ministerio
559 3967 676 4034 Christi
690 3966 898 4049 utplurimum
913 3985 1023 4031 aunum
1038 3965 1200 4030 duntaxat
1204 3985 1295 4030 unum
1310 3973 1343 4030 ot
1356 3967 1448 4048 paulo

98 4061 169 4141 quid
184 4057 316 4139 amplius
338 4057 489 4134 tribuunt,
510 4076 641 4139 eumque
657 4057 779 4139 expleto
801 4075 948 4120 sonorum
969 4055 1132 4120 tricenario
1153 4075 1278 4148 passum
1297 4064 1448 4132 asserunt,

99 4169 157 4230 quo
179 4155 275 4231 pacto
297 4154 401 4228 patet,
421 4147 491 4211 illos
507 4153 659 4222 statuero,
681 4145 838 4210 Christum
855 4145 942 4210 initio
958 4144 1104 4209 tricesimi
1118 4145 1158 4209 sd
1171 4137 1324 4227 baptisma
1338 4164 1446 4209 acces-

100 4237 196 4314 sisse,
217 4256 280 4301 non
301 4244 338 4299 ut
358 4244 393 4300 tu
413 4236 500 4300 initio
522 4235 667 4300 tricesimi
688 4235 785 4318 primi
829 4235 900 4299 Non
923 4235 1030 4317 loquor
1054 4233 1092 4298 de
1116 4234 1253 4298 omuibus
1276 4233 1445 4298 veteribus:

98 4327 171 4404 scio,
185 4283 238 4390 iric
252 4325 323 4390 iilos
336 4324 474 4390 variasse
487 4325 583 4389 libore
599 4325 654 4388 et
645 4343 775 4407 impune,
788 4324 935 4388 immunes
951 4322 1046 4388 atuis
1062 4323 1329 4388 criminationibus.

183 4416 292 4480 Tertio
307 4413 377 4478 vide
391 4414 464 4480 mibi
479 4414 588 4479 seriem
602 4413 700 4496 ipsam
714 4413 888 4477 vocularum
903 4413 1006 4496 etipse
1014 4411 1286 4495 erotJeaueprecei
1293 4431 1445 4475 ιιιιιιιιιι

98 4507 230 4589 ιιιιιιιι
243 4505 409 4588 incipiens.
438 4503 525 4580 Erat,
538 4503 652 4586 inquit,
671 4509 720 4566 tot
734 4521 893 4567 anuomm:
917 4522 957 4566 an
972 4509 1006 4565 tu
1021 4509 1122 4584 putas,
1142 4501 1284 4566 mniuisse
1297 4500 1442 4580 Evange-

99 4597 198 4660 iistam
219 4594 330 4660 statim
352 4593 532 4675 subjungere
552 4591 771 4658 correctionem
784 4589 869 4656 vocis
882 4597 953 4656 erut
972 4599 1004 4654 ot
1025 4590 1138 4655 addere
1159 4589 1313 4671 incipieus
1331 4607 1396 4650 erse
1411 4595 1444 4650 et

100 4707 156 4750 uon
174 4686 280 4769 potius
303 4682 407 4748 delere
436 4700 540 4745 vocem
560 4689 630 4747 orat
656 4689 689 4745 ot
709 4680 842 4746 scribere
863 4699 919 4762 pro
942 4699 980 4743 ea
999 4677 1171 4763 incipiebat
1196 4675 1281 4742 esee!
1319 4675 1443 4740 Videris

99 4775 153 4839 boc
167 4777 268 4841 dicere
285 4773 377 4848 ιιιιι,
390 4789 497 4855 parum
512 4791 600 4836 curse
616 4769 785 4838 adhibitum
798 4771 838 4833 sb
851 4767 1061 4851 Evangelists,
1075 4767 1148 4850 quid
1162 4766 1317 4832 scriberet
1346 4764 1444 4846 Igitur
1512 4777 1515 4782 ’

150 4869 1233 4934 mom1v·1⁸
