3396 5540
251 232 312 292 396
768 229 876 294 Eclogae
904 229 1048 280 Chronicae.

252 401 410 486 positione
436 401 512 468 nihil
533 401 677 486 impedit.
722 403 784 470 Ubi
805 403 848 468 ad
869 403 1088 468 narrationem
1110 402 1203 480 venit,
1227 404 1295 488 jam
1310 400 1427 484 incipit
1448 419 1470 464 a
1492 419 1565 482 pro·

248 491 384 558 sectione
418 491 576 570 Tiridatis,
610 491 772 578 subjungit
804 493 889 557 diem
921 512 1064 572 auream,
1103 492 1244 557 citharae
1278 495 1420 568 cantum,
1454 509 1570 552 currus

250 581 474 665 agitationem:
505 601 589 661 qnae
618 587 651 644 et
680 580 763 664 ipsa,
780 587 874 645 erant
902 582 934 645 in
964 581 1189 664 propositione.
1235 578 1279 658 Si,
1301 577 1378 660 quia
1399 577 1447 642 bis
1469 577 1571 642 refert

250 667 469 748 decursibus,
492 667 540 732 bis
563 668 650 734 Nero
672 691 786 734 currus
809 670 949 751 agitavit,
971 668 1019 734 bis
1041 671 1137 752 igitur
1158 669 1245 734 Nero
1261 666 1435 731 Tiridatem
1455 665 1566 730 diade·

248 763 335 822 mate
357 757 500 837 revinxit,
524 757 599 840 quia
623 763 655 822 et
668 757 729 824 hoc
751 759 799 824 bis
821 760 968 824 refertur.
1003 759 1072 824 Etsi
1086 779 1196 824 verum
1211 777 1250 820 ex
1270 754 1390 835 Tacito,
1406 755 1570 820 Neronem

248 845 345 912 etiarn
366 851 442 910 ante
465 845 615 910 Tiridatis
635 847 808 912 adventurn
830 848 969 930 agitasse
985 867 1111 926 currus,
1134 845 1192 910 sed
1207 844 1367 930 prioribus
1384 842 1571 908 oonsulibus

249 954 335 1000 anno
363 934 480 1018 priore.
525 935 567 1000 Et
595 935 688 1002 facile
718 937 789 1018 quis
819 937 851 1000 in
879 935 961 1000 hanc
990 935 1145 1001 concedat
1173 934 1374 1018 sententiam,
1405 933 1571 997 Neronem

248 1043 334 1088 anno
358 1021 457 1105 priori
478 1022 529 1088 vel
551 1022 635 1092 ludis
656 1024 789 1110 plebeJis
810 1026 843 1090 in
858 1025 941 1089 circo
961 1029 1013 1090 17.
1031 1023 1099 1090 Oai.
1114 1025 1205 1104 ileo,
1228 1020 1278 1088 rel
1294 1021 1401 1086 Idibus
1417 1018 1572 1086 Decemh.

248 1112 357 1182 cursui
379 1131 540 1194 equorum,
560 1112 727 1178 destinatis
757 1113 803 1196 tid
826 1113 909 1178 enim
931 1111 1100 1179 confirmet
1121 1114 1249 1178 Tacitus
1270 1112 1303 1176 iu
1325 1111 1492 1190 Thrasea),
1521 1107 1572 1172 rel

244 1197 453 1286 juvenalibus
477 1206 508 1266 9.
533 1200 601 1266 Cal.
624 1203 770 1283 dannan,
797 1201 848 1267 vel
870 1203 1011 1284 denique
1033 1200 1220 1283 agonalibus
1242 1198 1371 1264 lustrali
1392 1197 1572 1264 certamine

251 1293 281 1354 3.
305 1287 353 1353 ld.
377 1289 453 1354 Ilec.
477 1288 615 1372 agitasse
637 1289 705 1370 illa,
729 1312 813 1376 quae
836 1296 1063 1356 commemorat
1075 1291 1215 1370 Tacitus,
1238 1289 1337 1371 idque
1351 1308 1390 1351 ex
1401 1305 1493 1350 more
1503 1290 1572 1371 jam

250 1378 393 1461 recept03
422 1399 506 1442 anno
528 1399 602 1443 vero
624 1378 682 1444 hoo
705 1380 876 1464 posteriori
898 1380 945 1444 vel
967 1379 1154 1462 agonalibus
1179 1385 1209 1444 5.
1231 1377 1279 1442 ld.
1302 1377 1386 1455 Jan,
1409 1374 1461 1438 vel
1484 1374 1571 1438 ludis

249 1465 402 1549 palatinis
423 1472 475 1532 16.
493 1466 561 1532 Cal.
578 1467 655 1533 Feb.
670 1465 719 1534 vel
734 1469 861 1550 equiriis
885 1475 915 1534 5.
932 1467 1001 1534 Cal.
1018 1467 1123 1548 Febr,
1145 1467 1192 1532 vel
1208 1466 1344 1548 denique
1360 1469 1454 1529 extra
1476 1463 1570 1528 ludo·

251 1558 323 1618 rrim
346 1555 425 1634 dice,
447 1561 573 1618 tanturn
594 1556 627 1619 in
649 1555 803 1622 horrorem
824 1557 988 1635 Tiridatis,
1015 1556 1145 1622 rediisse
1167 1555 1210 1620 ad
1231 1575 1345 1624 currus
1367 1575 1456 1619 suos.
1486 1552 1572 1617 Nam

249 1641 407 1723 ianuario,
437 1643 610 1709 exlribitnm
637 1645 823 1726 Tiridatem,
859 1645 930 1710 aliis
958 1645 1060 1709 literis
1086 1644 1220 1729 probari
1247 1663 1286 1708 cx
1303 1642 1428 1708 Tacito.
1476 1641 1571 1706 initio

248 1731 327 1796 anni
354 1731 448 1812 adest
474 1733 596 1798 Itomae
622 1735 779 1798 Antistius
807 1735 959 1801 Sociauus
988 1732 1072 1812 exul,
1103 1733 1247 1798 deferens
1270 1730 1422 1798 Anteium
1446 1729 1570 1796 Ostori-

249 1840 378 1901 umque.
403 1822 531 1904 ¹Atque
558 1822 580 1886 ii
606 1823 672 1888 rita
699 1822 830 1888 abeunt.
875 1823 998 1888 Paucos
1020 1823 1108 1887 intra
1130 1821 1197 1886 dies
1220 1819 1332 1887 eodem
1354 1820 1480 1903 agmine
1504 1821 1570 1884 An-

248 1929 339 1986 neus,
361 1907 471 1990 Mella,
495 1910 645 1991 Canache,
668 1912 798 1996 Anicius
820 1909 933 1990 Ituius',
957 1912 1121 1995 Crispinus
1135 1914 1167 1974 et
1179 1911 1216 1977 C.
1229 1909 1399 1976 Petronius
1418 1905 1572 1986 cecidere,

192 2007 196 2016 '
249 2000 283 2060 et
304 1995 472 2062 Petronius
503 1999 630 2080 quidem
651 1999 714 2064 illis
738 2000 860 2080 diebus,
889 1999 1005 2082 quihus
1028 2000 1246 2082 (lampuniam¹
1259 1999 1415 2081 petiverat
1438 1998 1573 2073 Caesar,

251 2085 393 2168 intellige
427 2086 460 2152 in
494 2105 661 2153 occursum
699 2089 857 2156 Tiridatis.
917 2089 1057 2154 Videsne
1094 2089 1306 2153 arctissimam
1344 2101 1455 2150 rerum
1494 2105 1570 2149 oon·

248 2175 416 2239 nexionem
445 2195 517 2240 curn
539 2178 692 2261 principio
715 2179 811 2243 sunit
845 2175 936 2244 Adde
965 2184 997 2241 et
1019 2177 1097 2241 ista:
1122 2176 1164 2240 ad
1186 2183 1384 2262 postremum
1400 2174 1429 2238 N
1432 2195 1488 2238 ero
1512 2173 1569 2237 ad·

245 2262 325 2348 jecit
357 2265 472 2329 ceteris
501 2265 639 2330 Baream
669 2269 828 2332 Soranum
859 2273 891 2330 et
921 2266 1096 2331 Thraseam
1127 2267 1275 2330 Paetum.
1331 2264 1369 2330 Ei
1398 2261 1571 2347 objectum,

247 2353 403 2436 principio
433 2353 510 2418 anni
536 2355 636 2419 vitare
665 2355 795 2420 solenne
819 2359 1049 2441 juramentum,
1081 2360 1113 2420 et
1136 2373 1220 2438 quae
1243 2353 1355 2418 fecerit
1376 2352 1571 2435 nuperrime,

249 2462 323 2505 curn
352 2442 394 2506 ad
407 2443 616 2508 ,coercendos
645 2444 788 2509 Silanum
816 2451 848 2508 et
876 2445 1025 2509 l'eterern
1053 2445 1200 2508 certatim
1229 2448 1489 2507 concurreretur.
1534 2440 1570 2504 ld

249 2528 310 2594 fuit
331 2551 414 2595 anno
437 2531 599 2614 superiore
621 2543 694 2615 post
713 2533 876 2618 juvenalis
898 2539 1098 2614 mortemque
1116 2533 1449 2616 Poppaeaeexeunte
1472 2549 1568 2608 anno,

188 2683 192 2698 ,
247 2617 429 2702 diciturque
452 2621 635 2703 nuperrime
657 2619 789 2691 facturn.
830 2623 976 2704 Denique
998 2620 1113 2686 horum
1132 2620 1297 2684 damnatio
1316 2620 1414 2698 facta,
1439 2617 1571 2699 quaudo

252 2706 412 2773 Tiridates
445 2709 579 2774 Romam
610 2710 749 2775 advenit.
794 2711 843 2776 En
870 2712 987 2775 iterum
1010 2710 1158 2776 Tiridatis
1187 2710 1364 2791 ingressum
1393 2707 1427 2772 iu
1460 2705 1572 2771 urbem
1630 2748 1634 2764 .

250 2815 357 2862 mense
379 2798 506 2866 omnino
529 2799 695 2864 Jauuario.
741 2800 832 2878 Quod
854 2800 950 2882 igitur
972 2801 1082 2863 novem
1104 2801 1131 2863 is
1152 2819 1278 2863 meuses
1300 2799 1333 2860 in
1354 2797 1471 2860 itinere
1495 2816 1567 2860 cou-

185 2945 191 2952 .
250 2887 379 2966 sumsit,
410 2887 431 2950 ii
460 2887 610 2952 recidunt
639 2888 699 2954 sub
728 2889 852 2972 priores
879 2888 1024 2953 consules
1051 2887 1190 2952 Nervam
1219 2895 1251 2955 et
1279 2887 1456 2950 Vestinum.
1503 2885 1570 2948 Nec

247 2973 365 3038 mirum
392 2975 450 3040 hoo
473 2977 587 3054 refero,
611 2979 786 3060 perlectum
801 2978 905 3041 Nerea
921 2981 953 3039 et
969 2976 1100 3041 Vestino
1120 2977 1219 3056 Coss,
1244 2996 1316 3040 curn
1331 2973 1364 3050 id
1385 2973 1570 3056 promiserit

248 3061 396 3132 Memmio
427 3065 550 3146 Regulo
582 3071 615 3130 et
645 3066 783 3146 Virginio
814 3066 896 3130 Ruth
920 3065 1020 3144 Cosa,
1048 3065 1193 3147 ‹leposito
1223 3065 1351 3130 iuterim
1378 3061 1570 3140 diaderuale,

248 3152 479 3235 cessaveritque
501 3155 636 3220 Lecanio
660 3161 692 3218 et
715 3155 832 3220 Licinio
855 3154 943 3220 Coss.
966 3173 1051 3219 anno
1073 3155 1211 3234 integro.

337 3241 425 3306 llaec
454 3243 498 3308 sic
525 3241 655 3325 pulchre
677 3242 799 3324 digesta
822 3249 858 3307 tu
881 3243 1032 3327 ‹lhoerpis
1053 3241 1190 3324 longina,
1213 3241 1310 3306 aliam
1331 3242 1452 3324 putans
1475 3237 1571 3302 fuisse

248 3325 385 3392 Neronis
408 3333 625 3396 excursionem
647 3333 680 3396 in
698 3333 914 3416 Campaniam,
938 3332 970 3396 in
987 3351 1053 3413 qua
1065 3330 1235 3396 Petronius
1251 3327 1444 3394 sententiam
1460 3328 1571 3392 morra

248 3419 383 3502 accepit,
406 3421 563 3484 referente
586 3421 707 3500 Tacito,
736 3441 835 3502 quam
858 3439 938 3500 eam,
962 3441 1028 3504 qna
1049 3420 1190 3486 occurrit
1211 3421 1297 3486 h'ero
1320 3417 1472 3497 Tiridati,
1501 3437 1570 3482 cum

248 3509 356 3570 tamon
380 3507 492 3571 eadem
513 3509 621 3587 hrerit,
645 3515 682 3574 ut
704 3509 833 3575 audisti.

327 3625 497 3681 Caluisius
528 3631 617 3700 (Epist.
637 3635 693 3700 X.):
741 3632 783 3686 Ad
814 3630 883 3683 hoec
913 3629 1135 3684 Hecatonrbaeon
1166 3626 1264 3682 mensis
1296 3624 1374 3680 sanai
1405 3631 1470 3680 erat
1501 3625 1570 3680 ludis

130 3773 136 3782 .
248 3705 394 3776 olympicis
425 3707 563 3778 agendis,
584 3727 634 3763 nec
666 3711 705 3764 ita
731 3709 757 3763 in
784 3709 837 3764 alio
865 3727 955 3762 menae
982 3709 1080 3780 peragi
1105 3714 1247 3785 poterant;
1275 3707 1372 3760 Graeci
1400 3713 1429 3760 et
1455 3705 1570 3760 ltorrroni

248 3786 330 3838 etiarn
350 3788 530 3855 superstitiosi
550 3789 662 3843 inerunt
682 3791 708 3842 in
729 3790 814 3849 sacris
835 3790 891 3842 suis
912 3789 1047 3842 mensibus
1067 3788 1244 3859 peragendis.
1284 3786 1442 3841 Demetrius
1465 3787 1569 3840 Polior·

247 3873 321 3918 cotes
347 3883 407 3919 curn
432 3869 516 3922 vellet
534 3871 659 3933 Athenis,
685 3869 804 3923 sirecte
822 3869 939 3930 maurini,
967 3868 1044 3922 isidis
1065 3869 1150 3922 sacris
1171 3867 1281 3930 initiari,
1307 3884 1358 3920 nec
1378 3866 1489 3926 mensis,
1518 3882 1570 3936 quo

247 3945 347 4015 peragi
372 3947 510 4012 solebant,
536 3951 658 4012 adesset,
683 3949 791 4019 publico
817 3950 905 4004 edicto
931 3949 957 4002 in
984 3949 1102 4004 Graecia
1125 3948 1294 4018 propositum
1319 3946 1386 4010 fuit,
1413 3955 1444 3999 ut
1472 3945 1570 4000 mensis

246 4025 350 4079 instans
370 4043 419 4094 pro
441 4045 473 4080 eo
494 4029 650 4093 haberetur,
671 4029 717 4101 qui
737 4045 815 4090 sacer·
836 4035 909 4082 esset
928 4029 1012 4082 sacris
1034 4029 1111 4082 Isidis
1132 4027 1313 4098 peragerrdis;
1334 4026 1453 4080 historia
1475 4033 1571 4080 exstat

248 4107 593 4182 apud·P1urarcouu,qur
609 4110 668 4179 jour
688 4127 742 4164 noa
762 4112 795 4162 ad
818 4125 926 4170 nrauus:
948 4109 991 4161 hic
1011 4109 1079 4162 nihil
1099 4110 1156 4162 tale
1177 4108 1247 4178 legit
1268 4109 1301 4160 de
1323 4105 1415 4176 aliquo
1441 4105 1569 4160 uidelicet

247 4185 345 4249 odiet-o,
372 4203 423 4256 quo
444 4187 708 4243 Hecatornhaeonenr
730 4189 917 4258 anticiparent.
948 4189 1003 4242 Nos
1025 4195 1099 4242 certe
1120 4206 1172 4242 non
1193 4189 1362 4242 celebramus
1379 4185 1570 4240 Bacchanalia

247 4265 275 4318 in
296 4273 418 4320 aestate:
441 4267 500 4320 ideo
522 4269 648 4333 arbitror,
670 4270 796 4340 Olympia
814 4268 999 4338 praecipit-eta
1018 4286 1071 4321 non
1091 4267 1176 4321 fuisso
1196 4284 1215 4320 a
1234 4268 1350 4322 Nerone.

334 4375 526 4460 Keplerus
560 4387 649 4454 (apua
667 4389 738 4454 x1.>:
772 4376 1125 4443 De.Hecatomhaeone
1143 4375 1271 4443 abunde
1294 4375 1450 4459 respondi
1474 4395 1566 4460 supe-

246 4463 394 4531 rioribus.
440 4466 527 4532 Nero
556 4487 678 4532 annum
705 4467 925 4550 Olympiorum
946 4488 1010 4532 uon
1037 4467 1151 4545 tenuit,
1180 4467 1251 4550 quis
1274 4467 1371 4549 igitur
1397 4464 1438 4530 de
1461 4483 1568 4530 mense

246 4551 399 4618 sollicitus
427 4575 495 4620 esse
515 4554 676 4620 voluerit?
710 4557 822 4637 Neque
843 4561 953 4621 tamen
981 4576 1062 4638 nego
1084 4556 1142 4622 tibi
1164 4556 1204 4620 de
1228 4553 1520 4632 liecatombaeone‚
1541 4553 1566 4617 si

247 4640 385 4722 affirmo,
403 4645 524 4708 venisse
544 4645 576 4710 in
593 4646 745 4710 Achaiam
762 4642 945 4710 Februario.
980 4644 1120 4710 Multum
1139 4645 1258 4728 quippo
1276 4645 1380 4727 operis
1394 4651 1466 4708 erat
1477 4649 1566 4728 juxta

246 4729 484 4813 perficiendum,
507 4733 687 4799 canendum
713 4733 846 4811 cithara,
871 4757 1145 4816 rorrrrrpasrurroa
1165 4743 1363 4823 rpoppdpraor
1386 4738 1419 4798 et
1444 4731 1564 4811 similia,
