3390 5542
273 235 337 299 594
733 225 925 278 senonenses
943 219 1123 272 Archimedem

360 405 409 473 Sit
430 409 462 474 in
484 405 645 472 schemate
670 406 709 468 19
733 397 935 485 sphaeroides
961 351 1091 478 longum
1114 391 1197 471 cul,
1222 385 1472 546 Ἓιιὲαιθήὶοοι
1495 385 1587 465 o,1;

580 507 671 561 essm.
856 497 862 518 ·
1085 529 1092 544 .
1278 523 1284 536 .

271 1539 305 1607 in
324 1538 390 1604 sch.
404 1542 456 1602 20.
469 1536 571 1601 latum
583 1534 675 1614 Aes,
694 1531 863 1598 verticibus
877 1533 914 1612 A,
931 1531 1166 1615 mesitanus
1182 1534 1249 1600 axis
1265 1535 1316 1616 01,
1333 1532 1478 1617 aequalis
1494 1531 1590 1617 hujus

184 1699 193 1716 f
273 1629 431 1696 diametro
445 1626 494 1705 CI,
510 1626 596 1691 illius
611 1643 687 1688 vero
706 1623 859 1686 mameter
872 1622 938 1700 ΑΕ,
956 1621 1099 1704 aequalis
1114 1623 1167 1686 axi
1178 1622 1275 1708 hujus
1286 1623 1358 1687 Ab:
1380 1623 1450 1686 dico
1463 1621 1590 1704 ellipsin

272 1717 400 1800 longam
416 1736 473 1780 seu
484 1735 577 1782 orum
588 1732 657 1778 esse
680 1711 723 1776 ad
736 1711 837 1775 latam
852 1711 1048 1790 seuientem,
1065 1717 1102 1774 ut
1112 1711 1169 1777 ΑΕ
1180 1711 1307 1778 brevior
1323 1711 1481 1776 diameter
1496 1711 1539 1774 ad
1551 1709 1591 1776 CI

273 1805 459 1889 longiorem.
504 1801 734 1868 Describantur
755 1799 839 1864 enim
861 1791 940 1880 coni,
964 1799 997 1864 in
1020 1799 1147 1867 dimidio
1171 1822 1230 1865 ovo
1251 1803 1341 1881 AGE,
1367 1803 1458 1885 cujus
1480 1805 1592 1864 vertex

275 1893 310 1976 C,
333 1893 419 1960 basis
441 1893 497 1959 ΑΕ
519 1889 665 1969 circulus,
687 1888 721 1952 in
743 1888 871 1953 dimidia
891 1909 965 1954 vero
987 1888 1074 1954 lente
1096 1889 1174 1967 CAI,
1198 1893 1288 1975 ¹cujus
1310 1887 1419 1956 vertes
1442 1890 1481 1966 A,
1506 1888 1591 1952 basis

276 1983 316 2050 Gl
339 1981 495 2062 cuculum
519 1999 577 2065 per
599 1977 806 2062 praemissam
828 1978 935 2061 igitur,
957 1977 1066 2042 utAlt
1088 1977 1321 2044 semidiameter
1344 1977 1453 2043 circuli
1469 1977 1527 2042 EA
1550 1975 1592 2042 ad

274 2071 330 2138 ΒΟ
359 2069 627 2136 semidiametrum
657 2066 768 2132 circuli
799 2066 855 2146 01,
887 2066 931 2130 sic
960 2084 1057 2130 conus
1085 2066 1167 2132 Aca
1197 2067 1238 2132 sd
1259 2089 1374 2132 conum
1400 2064 1482 2130 IAG.
1529 2063 1593 2129 Sed

275 2160 441 2226 dimidium
462 2154 668 2242 sphaeroides
691 2173 817 2237 semper
840 2158 889 2219 est
909 2155 1044 2238 duplum
1059 2155 1130 2220 coni
1145 2156 1205 2222 sibi
1225 2157 1370 2240 inscripti
1391 2154 1433 2218 ad
1456 2155 1592 2222 eundem

275 2269 368 2314 axem
390 2253 423 2313 et
444 2267 542 2330 super
564 2243 676 2310 eadem
697 2242 767 2308 basi
789 2243 946 2307 circulari.
991 2238 1077 2327 Ergo
1096 2245 1192 2310 etiam
1214 2243 1437 2328 sphaeroidum
1459 2241 1592 2308 dimidia

275 2343 308 2402 et
330 2339 374 2403 sic
396 2334 603 2422 sphaeroides
625 2337 696 2398 tota
717 2335 791 2402 sunt
811 2331 844 2396 in
866 2331 1073 2416 proportione
1097 2338 1134 2398 ut
1155 2333 1213 2400 AR
1233 2333 1276 2398 ad
1298 2333 1369 2416 Rc,
1397 2333 1460 2398 hoc
1483 2337 1593 2397 estut

276 2447 388 2494 eorum
408 2425 507 2509 dupla
528 2421 648 2489 Anac
671 2419 721 2487 01.
754 2423 755 2430 ’
834 2438 837 2446 ’

214 2558 217 2568 ’
610 2531 612 2538 ”
786 2525 962 2594 Theorema
983 2526 1078 2593 XXV.

276 2645 475 2732 Seprccctom
497 2647 582 2731 ptobr'
604 2645 648 2710 ad
663 2643 801 2723 citrium,
825 2643 931 2709 eodem
945 2649 1100 2726 sepmcoto
1114 2645 1226 2710 circuli
1241 2645 1442 2726 descriptam,
1466 2643 1594 2709 ridetur

277 2758 347 2823 cora
367 2737 479 2803 babere
497 2735 745 2818 proportiones,
774 2753 868 2816 qaam
894 2731 986 2796 babet
1009 2733 1242 2798 ‘senridicmctcr
1264 2735 1351 2800 boris
1373 2735 1529 2818 sagmarii
1552 2733 1594 2798 ad

645 2841 737 2888 ocem
759 2841 815 2886 sec
837 2820 1038 2886 altitudinem
1059 2824 1219 2905 segmenti.

295 2977 298 2984 .
365 2940 674 3006 Demonstrationem
695 2937 868 3022 legitimam
883 2945 1042 3019 quaerant
1065 2938 1131 3004 alii.
1168 2941 1246 3022 Ego,
1269 2938 1355 3021 quod
1377 2959 1441 3004 non
1463 2958 1594 3021 possum

278 3030 464 3116 apodictico,
489 3027 837 3113 comprobabodlcdco,
860 3030 998 3109 quatuor
1014 3047 1093 3091 usus
1108 3026 1311 3094 documentis.
1355 3029 1524 3094 Primum
1547 3034 1595 3091 est

280 3119 323 3185 ab
346 3117 501 3201 analogia.
548 3116 640 3197 Quod
663 3118 746 3182 enim
767 3117 801 3180 in
823 3113 952 3180 dimidio
975 3113 1080 3198 globo,
1103 3117 1238 3183 velutin
1260 3115 1396 3181 maximo
1420 3123 1594 3200 segmento,

280 3207 368 3292 quod
390 3213 437 3272 est
462 3205 655 3290 principium
676 3209 923 3287 segmenterum,
945 3223 1055 3268 verum
1076 3209 1138 3286 est,
1162 3212 1200 3270 ut
1221 3209 1253 3270 et
1274 3206 1307 3270 in
1322 3204 1451 3271 dimidio
1481 3205 1594 3287 sphae

280 3295 381 3376 roide,
406 3294 492 3379 quod
512 3297 589 3361 item
610 3296 644 3360 in
665 3295 795 3360 minimo
818 3295 980 3374 segmento
1004 3300 1037 3358 et
1059 3294 1158 3359 veluti
1181 3293 1214 3358 in
1237 3293 1504 3360 ultimoomhium
1527 3314 1593 3375 seg·

280 3392 463 3450 mentorum
490 3386 642 3464 termino,
673 3382 706 3448 id
736 3381 862 3448 videtur
892 3381 987 3446 etiam
1014 3382 1048 3446 in
1078 3384 1245 3465 segmentis
1273 3381 1468 3448 intermediis
1490 3381 1596 3446 locum

280 3473 408 3540 habere.
459 3471 500 3537 ht
526 3474 560 3536 in
583 3473 710 3538 dimidio
736 3471 830 3554 globo
858 3486 921 3534 res‘
942 3468 989 3534 ita
1010 3469 1126 3554 babet:¹
1152 3467 1419 3555 quemadmodum
1442 3472 1529 3536 enim
1550 3471 1595 3536 la-

281 3568 353 3627 tera
383 3561 468 3627 circa
496 3567 620 3626 rectum
650 3561 803 3644 angulum
834 3555 1023 3642 quadrantis
1050 3558 1171 3627 habent
1197 3561 1280 3626 iuter
1302 3581 1337 3626 se
1358 3561 1596 3644 proportionem

281 3649 501 3733 aequalitatis,
532 3651 578 3715 sic
604 3651 708 3730 etiam,
732 3650 819 3733 quod
838 3650 973 3712 mentm
1003 3627 1184 3730 quadrante
1217 3649 1302 3714 circs
1333 3648 1596 3733 perpendiculum

282 3737 402 3817 voluto,
426 3739 562 3823 aequale
583 3745 632 3804 est
654 3739 691 3820 ei,
714 3739 800 3822 quod
823 3743 961 3815 creatur,
986 3737 1098 3827 eodem
1113 3737 1299 3820 quadrante
1322 3738 1406 3804 circs
1428 3735 1521 3802 basin
1544 3759 1595 3802 vo·

281 3826 378 3893 lutea
404 3828 442 3892 In
463 3827 600 3893 minimis
623 3847 698 3892 vero
726 3827 871 3891 siruibter
893 3824 999 3890 locum
1020 3825 1118 3891 habet
1139 3828 1202 3892 ista
1220 3825 1392 3910 proportio,
1420 3827 1508 3908 quia,
1534 3847 1596 3910 quo

281 3915 387 3980 minus
409 3915 494 4000 globi
517 3922 710 3998 segmentum
731 3922 762 3981 et
785 3916 908 3981 citrium
929 3911 964 3978 in
986 3933 1039 3994 eo,
1066 3915 1129 3982 hoe
1150 3917 1255 3980 minus
1277 3913 1318 3979 ab
1340 3915 1427 3978 hisce
1449 3914 1598 3980 diberent

283 4004 363 4083 coni,
386 4003 495 4088 figuris
518 4005 594 4088 ipsis
609 4005 760 4087 inscripti,
789 4022 940 4070 concrum
951 4023 1025 4068 vcro
1041 4004 1185 4084 istorum,
1201 4010 1238 4070 ut
1251 4001 1465 4068 habettheor.
1480 4002 1596 4081 XXIII,

282 4099 331 4156 est
352 4091 438 4158 dicta
466 4093 644 4178 proportio,
674 4113 774 4176 quare
810 4099 843 4156 st
876 4091 1190 4174 circumscriptorum
1216 4093 1398 4158 solidorum.
1450 4093 1525 4158 Etsi
1551 4091 1596 4158 ia·

283 4186 364 4261 teor,
388 4180 486 4262 abeo,
510 4181 597 4264 quod
619 4186 667 4248 est
689 4182 832 4248 absolute
846 4180 1018 4260 minimum,
1042 4179 1139 4263 adid,
1163 4181 1249 4266 quod
1263 4182 1596 4265 minimoproximum,

284 4289 349 4334 nou
371 4268 490 4351 ubique
511 4274 616 4336 tutam
638 4291 706 4336 esse
728 4269 953 4336 collectionem.
1286 4311 1290 4320 -

373 4355 560 4426 Secundo:
597 4360 765 4443 Propertio
797 4358 882 4422 dicta
910 4357 1015 4422 locum
1041 4357 1139 4424 babet
1171 4359 1205 4424 in
1234 4357 1426 4442 sphaeroide
1457 4358 1597 4434 dimidio,

284 4444 409 4510 etiamsi
433 4437 475 4510 ibi
501 4469 565 4512 non
591 4454 704 4529 regnet
726 4446 938 4531 ,aequalitatis
972 4449 1136 4530 proportio
1165 4447 1252 4513 inter
1281 4448 1468 4527 diametros,
1499 4455 1538 4512 ut
1566 4448 1600 4512 in

284 4532 388 4616 globo,
412 4537 450 4597 ut
470 4536 599 4617 quidem
620 4537 654 4600 in
674 4535 805 4602 infinitis
827 4533 1069 4616 sphaeroidibus
1092 4543 1125 4601 et
1145 4535 1275 4602 infinitis
1294 4537 1527 4602 diametrorum
1541 4557 1599 4621 per

284 4620 341 4686 illa
361 4624 640 4705 proportionibus:
663 4630 699 4687 ut
720 4631 768 4689 est
789 4623 822 4688 in
843 4623 943 4689 theor.
967 4627 1175 4691 antecedenti.
1217 4627 1261 4690 At
1282 4627 1364 4690 sicut
1393 4625 1598 4709 sphaeroides
1675 4623 1676 4634 ³

169 4716 177 4733 ⁶
286 4705 415 4793 longum
439 4710 621 4778 inscribitur
648 4711 827 4796 sphaeroidi
852 4711 932 4792 lato,
961 4713 1008 4776 sic
1034 4715 1131 4781 etiam
1158 4714 1286 4781 citrium
1308 4721 1414 4780 totum
1438 4721 1598 4800 segmento
