3428 5542
568 276 1021 433 emmeramensem
1400 313 1460 394 271
1559 334 1563 346 ’
1683 313 1688 322 ’

116 486 235 550 libellus
256 507 346 551 meus
369 485 549 555 Germanico
573 489 717 551 idiomate
740 489 871 571 scriptus
900 509 960 553 nun
980 489 1108 572 pertulit
1134 496 1269 566 tanturn,
1295 483 1466 554 sedetiam

118 577 285 640 encomium
300 578 417 641 retulit
453 579 523 640 Nun
539 585 660 641 ceterae
676 597 730 659 per
747 579 956 642 Germaniam:
981 585 1086 642 exstat
1101 579 1179 641 enirn
1193 579 1312 652 libellus
1326 597 1411 642 meus
1427 579 1465 641 de

118 666 208 730 stella
224 686 308 730 nova
324 667 446 750 ejusque
462 668 614 749 appendix
629 668 666 730 de
683 675 786 730 aetate
804 668 918 733 Christi
934 670 1022 731 annis
1033 669 1099 748 jam
1114 675 1197 743 octo,
1220 668 1303 748 cujus
1319 674 1466 731 sexcenta

118 755 305 836 exemplaria
320 757 435 838 passim
449 775 503 838 per
517 757 671 838 Europam
685 757 836 820 distracta
856 759 969 821 multus
987 759 1062 820 mihi
1083 777 1260 820 assensores
1274 764 1466 839 pepererunt,

117 863 280 926 eommque
312 845 428 928 aliquos
458 847 550 909 etiam
570 845 603 908 in
633 847 702 927 ipsa
731 847 888 910 academia
910 847 1177 928 Witenbergensi;
1209 847 1466 928 reprehensorem,

117 941 243 1014 praeter
263 935 424 998 Rtslinum
446 944 478 997 et
500 935 681 1010 Calvisium,
703 936 832 1012 nullum,
855 938 905 1020 qui
927 937 1047 1020 quidem
1066 937 1185 1018 publice
1207 935 1239 999 id
1254 941 1402 998 testatum
1418 936 1465 1000 le·
1560 1007 1567 1028 Ι

117 1023 221 1086 uisset

205 1111 323 1175 Restat
344 1112 474 1175 ecclesia
492 1112 664 1194 Lipsensis,
686 1115 770 1195 cujus
793 1135 827 1178 es
848 1115 1027 1178 membrum:
1059 1133 1155 1196 neque
1181 1114 1259 1176 enim
1280 1121 1313 1176 te
1333 1113 1414 1176 inter
1435 1111 1467 1175 id

118 1208 253 1283 tempus
277 1221 344 1264 cum
358 1202 491 1266 libellum
514 1221 613 1264 meum
627 1204 755 1284 primum
775 1205 881 1268 vidisti
903 1213 935 1268 et
956 1205 1037 1267 inter
1053 1203 1119 1268 (lul.
1136 1203 1205 1267 Oct.
1226 1201 1467 1284 cum-scripsisti,

118 1309 185 1352 cnm
201 1290 271 1352 aliis
288 1291 423 1354 ecclesiis
439 1292 675 1355 communicasse
689 1301 772 1375 putu.
899 1353 905 1366 ,
1030 1345 1033 1355 ,

205 1380 331 1442 Videris
346 1388 449 1442 autem
461 1381 537 1463 ipse,
552 1383 732 1462 perturbata
745 1383 799 1446 illa
815 1381 945 1446 ecclesia
967 1383 1009 1444 sit
1032 1401 1088 1445 nec
1108 1401 1155 1444 ne.
1199 1381 1318 1444 Vereor
1333 1400 1406 1462 ego,
1429 1399 1467 1442 ne

118 1471 176 1532 huc
192 1475 229 1531 tu
243 1475 364 1531 tanturn
385 1470 477 1532 fueris
494 1471 650 1551 opinatus,
672 1491 767 1554 neque
782 1471 836 1534 ille
850 1472 926 1534 velit
947 1471 1046 1534 fateri.
1090 1470 1217 1546 Vereor,
1233 1490 1270 1532 ne
1287 1477 1320 1532 tu
1336 1469 1467 1533 confisus

118 1558 335 1621 consuetudine
351 1559 509 1641 imperitae
530 1559 643 1640 plebis,
666 1580 742 1642 quae
765 1581 814 1624 res
829 1561 926 1624 bonas
942 1560 1143 1624 calumniatur
1163 1578 1201 1621 ex
1216 1578 1251 1622 eo
1268 1560 1378 1634 sulum,
1399 1558 1469 1640 quia

117 1667 233 1724 nouae,
258 1649 429 1728 speraveris
450 1667 581 1711 mercem
602 1647 634 1712 te
656 1649 795 1712 venalem
811 1658 1010 1714 extrnsnrum.
1056 1648 1137 1720 Quin
1158 1649 1218 1710 imo
1234 1649 1317 1712 subit
1336 1648 1469 1710 animum

117 1756 218 1800 meum
239 1737 316 1799 haec
332 1738 480 1818 cogitatio
502 1737 595 1820 priori
612 1739 778 1802 contraria:
803 1739 829 1802 si
850 1759 949 1802 meum
965 1748 999 1802 tu
1014 1737 1148 1801 libellum
1171 1739 1210 1801 ad
1225 1737 1368 1820 populum
1383 1754 1467 1800 cum-

117 1827 263 1890 mendare
293 1826 441 1902 volueris,
473 1828 557 1908 cnjus
587 1828 688 1890 studia
717 1847 776 1892 non
808 1829 869 1892 alia
898 1848 931 1890 re
961 1828 1074 1891 rectius
1105 1846 1195 1908 quam
1225 1826 1469 1890 contentionibus

117 1915 289 1997 hujusmodi
304 1917 524 1980 accenduntur:
555 1917 635 1998 quod
650 1917 771 1980 amoma
785 1917 1037 2000 typographicam
1060 1916 1116 1980 tibi
1131 1935 1192 1979 non
1206 1924 1313 1997 potest
1335 1935 1403 1980 esse
1418 1915 1467 1978 in-

117 2006 283 2086 cognitum
1260 2075 1264 2088 .

206 2093 367 2156 Neminem
382 2094 476 2174 igitur
498 2096 655 2168 cordatum
671 2096 871 2159 commovebit
884 2096 962 2159 haec
977 2102 1032 2158 tua
1046 2115 1108 2158 vox
1125 2094 1275 2171 „ecclesia
1289 2090 1470 2175 perturbata

117 2183 205 2260 est“‚
226 2189 263 2246 ut
278 2190 310 2245 et
325 2183 391 2264 ipse
406 2183 578 2264 perturbari
593 2184 675 2247 velit.
720 2187 801 2248 Nam
816 2185 882 2268 quis
898 2191 932 2247 tu
948 2192 1070 2260 auctor,
1085 2183 1135 2266 qui
1149 2183 1352 2246 universalem
1368 2180 1468 2244 eccle-

117 2275 194 2336 siam
217 2291 256 2334 ex
276 2279 330 2334 tua
345 2272 555 2335 imbecillitate
577 2274 739 2350 aestimas,
761 2282 815 2337 aut
836 2275 887 2356 qui
909 2276 945 2337 de
961 2274 1104 2337 universa
1126 2271 1256 2334 ecclesia
1270 2272 1360 2334 fidem
1380 2270 1470 2333 alicui

117 2365 219 2424 lacere
240 2360 363 2442 possis?
399 2361 468 2426 Nisi
483 2364 562 2425 forte
586 2363 713 2426 concilia
729 2371 837 2426 coacta
860 2365 922 2426 sint
938 2363 1101 2444 superbae
1117 2361 1309 2443 quaestione,
1329 2360 1388 2424 nisi
1404 2360 1468 2422 dis-

117 2452 275 2514 cessiones
290 2451 402 2526 factae,
417 2451 476 2513 nisi
492 2450 623 2532 depositi
639 2451 773 2534 episcopi
789 2452 888 2514 autin
905 2453 1026 2515 exilium
1041 2451 1135 2526 missi,
1150 2451 1274 2531 quorum
1290 2450 1420 2511 omniurn
1435 2455 1469 2518 tu

117 2547 278 2622 spectator
301 2539 402 2602 fueris.
445 2540 489 2602 Et
510 2559 603 2622 quae,
626 2561 754 2623 quaeso,
775 2540 875 2622 possit
897 2559 935 2603 ex
956 2560 1024 2604 meo
1039 2540 1142 2604 libello
1166 2539 1237 2603 oriri
1258 2537 1469 2621 perturbatio?

117 2630 151 2694 Si
167 2649 230 2692 non
246 2647 430 2709 persuasero
446 2629 510 2710 'piis
533 2650 569 2692 ac
586 2629 705 2692 devotis
727 2631 765 2692 de
779 2631 816 2692 B.
830 2631 933 2692 Lucae
949 2629 1080 2694 rotundo
1103 2647 1197 2710 eoque
1212 2628 1310 2690 minus
1326 2633 1469 2690 accuratu
1515 2680 1518 2690 ι

117 2737 258 2782 numeru:
284 2717 470 2781 damnabunt
484 2719 626 2794 libellum,
649 2718 806 2799 abjicient,
829 2727 984 2782 auctorem
1000 2717 1085 2782 flocci
1098 2719 1230 2792 ¹facient,
1250 2717 1415 2799 periculum
1430 2715 1469 2778 ab
1544 2745 1545 2750 ¹

117 2808 168 2870 illo
185 2807 303 2873 nullum
317 2813 470 2882 metuent,
493 2808 602 2890 quippe
625 2809 675 2890 qui
689 2808 869 2890 Episcopus,
885 2809 934 2890 qui
949 2809 1067 2882 Ductor
1079 2807 1230 2870 'ecclesiae
1246 2825 1307 2869 nun
1323 2813 1388 2869 esti
1409 2805 1469 2868 imo

117 2915 181 2959 rem
196 2897 307 2977 ipsam,
323 2916 383 2977 qua
399 2897 436 2958 de
453 2897 670 2973 contendimus,
685 2898 765 2960 tanti
781 2917 842 2960 non
858 2916 926 2961 esse
942 2904 1092 2972 statuunt,
1106 2904 1141 2958 rt
1155 2907 1226 2958 vere
1242 2895 1323 2958 tanti
1336 2914 1398 2958 nun
1413 2901 1470 2969 cst,

117 2993 150 3048 ut
166 3005 206 3048 ea
221 2985 260 3047 de
277 3005 370 3047 causa
386 2986 451 3067 quis
466 2987 638 3067 perturbari
654 2987 774 3050 debeat
805 2985 861 3050 Sin
877 2994 980 3049 autem
993 3005 1092 3050 meam
1101 2984 1336 3049 inculcationem
1343 2983 1470 3047 voculae

117 3070 202 3149 duaa,
219 3073 356 3150 circiter,
379 3075 586 3138 confirmatam
610 3075 765 3158 sexcentis
780 3077 926 3158 exemplis
949 3077 1045 3139 sacris
1061 3082 1094 3137 et
1107 3074 1288 3156 prophanis,
1309 3083 1381 3136 tuae
1396 3090 1468 3136 uer-

115 3164 224 3227 borum
246 3163 355 3226 hurum
375 3163 634 3246 interpretationi,
662 3171 735 3228 tuae
756 3165 864 3228 mirum
893 3184 982 3248 quam
1003 3165 1147 3228 insolenti
1177 3162 1395 3226 constructioni
1420 3157 1470 3244 (ἠν

117 3251 287 3336 ἀρχομηος
301 3248 374 3332 uis),
398 3254 481 3334 cujus
497 3273 535 3316 ne
550 3275 610 3316 una
626 3255 745 3336 quidem
760 3255 866 3318 similis
882 3255 1014 3318 occurrit
1027 3271 1083 3336 per
1098 3271 1202 3315 omnes
1217 3253 1312 3315 libros
1328 3251 1469 3334 antiquus

117 3347 269 3424 quotquot
284 3349 424 3417 exstant,
445 3342 515 3405 huic
530 3342 651 3426 inquam
666 3351 738 3406 tuae
761 3343 787 3406 si
801 3362 900 3407 meam
920 3343 1206 3424 interpretationem
1221 3343 1374 3404 anteferre
1395 3359 1469 3422 per-

117 3431 202 3494 suasi
217 3430 344 3493 fuerint:
369 3449 445 3512 qnae
466 3432 544 3495 haec
559 3431 677 3496 illorum
698 3431 911 3514 perturbatio?
941 3433 1025 3496 Tune
1040 3432 1203 3512 perturbas
1225 3430 1328 3512 potius
1343 3429 1469 3512 imperi-

117 3531 219 3584 turum
235 3519 443 3594 devotionem,
466 3541 505 3583 en
521 3521 599 3602 eg‘u?
629 3523 690 3596 Τιι,
712 3521 762 3601 qui
777 3521 944 3602 persuades
959 3521 1051 3602 ipsis,
1073 3519 1150 3582 talia
1173 3519 1273 3582 dicere
1294 3519 1330 3582 B.
1345 3518 1470 3594 Lucam,

117 3629 196 3692 quae
218 3627 286 3671 cum
300 3609 444 3689 Jusepho,
459 3617 603 3672 accuratu
619 3617 652 3671 et
667 3630 686 3671 a
701 3621 732 3671 te
748 3610 814 3690 ipso
830 3608 955 3672 laudato
972 3611 1129 3690 scripture,
1146 3615 1228 3670 stare
1245 3627 1305 3671 nun
1319 3608 1470 3690 possunt?

116 3699 201 3779 Ego,
224 3696 372 3780 quinitur
394 3699 569 3773 ostendere,
591 3699 667 3761 talia
688 3699 724 3762 B.
739 3698 854 3760 Lucam
878 3715 1067 3781 nequaquam
1090 3697 1212 3760 dicere?
1249 3697 1295 3759 Tu
1311 3697 1469 3780 scrupulos

118 3789 197 3850 aeris
213 3794 247 3848 et
262 3805 352 3866 urges
360 3779 371 3860 ‚'
392 3805 448 3867 ego
465 3788 572 3855 eximo.

208 3875 360 3957 Superest
380 3875 469 3938 unica
491 3878 588 3942 sunna
609 3872 863 3956 perturbationis,
886 3895 962 3958 quae
985 3895 1024 3936 ex
1044 3893 1111 3936 meo
1127 3873 1230 3936 libello
1253 3875 1468 3956 proficiscitur:

117 3967 199 4048 quud
220 3964 378 4028 inanimis
398 3965 551 4028 huminum
570 3964 761 4046 ignorantiae
784 3985 873 4028 saera
894 3971 1067 4048 mouentum
1098 3964 1178 4046 quod
1201 3981 1303 4026 errare
1320 3965 1470 4038 desinunt,

117 4055 289 4135 intelligere
312 4054 467 4135 incipiunt.
504 4051 600 4136 Atqui
622 4054 824 4135 pulcherrima
845 4055 922 4116 haec
946 4060 995 4116 est
1016 4053 1220 4135 perturbatio:
1252 4053 1296 4114 sic
1319 4053 1413 4128 enim,
1434 4057 1470 4113 ut

116 4143 326 4226 longissimam
347 4143 552 4207 inductionem
573 4145 661 4206 unico
684 4162 779 4225 eoque
801 4161 915 4206 summu
933 4142 1070 4223 exemplu
1086 4142 1281 4216 absorbeam,
1302 4142 1388 4205 Deus
1403 4142 1469 4221 ipse

117 4235 259 4298 conditur
273 4233 466 4314 perturbavit
480 4233 554 4296 rude
578 4235 672 4296 chaus
688 4233 765 4294 cueli
782 4239 814 4294 et
828 4240 945 4307 terrae,
968 4233 1105 4314 huncque
1127 4231 1264 4294 vicissim
1280 4230 1400 4293 induxit
1416 4248 1467 4292 or-

117 4331 223 4386 natum
238 4322 457 4386 admirabilem.

203 4413 293 4476 Haec
309 4413 348 4473 de
363 4418 417 4473 tno
432 4413 568 4474 themate
585 4429 638 4472 sen
653 4411 785 4493 querela.
1220 4483 1223 4498 Ι

202 4499 297 4573 Quod
312 4508 522 4581 argumentum
538 4501 666 4575 attinet,
687 4501 718 4563 id
732 4499 844 4582 partim
860 4499 946 4563 futile
963 4507 1025 4573 est,
1046 4498 1159 4580 partim
1175 4513 1343 4570 commune,
1366 4492 1467 4576 putis-

119 4593 191 4655 sima
205 4598 299 4674 perte
314 4590 408 4671 plane
423 4589 540 4651 falsum.

200 4681 341 4745 Primum
364 4678 391 4740 si
413 4677 542 4740 ecclesia
564 4677 725 4742 offenditur
741 4697 792 4752 eu,
814 4677 894 4758 quud
909 4677 1000 4740 aliter
1022 4695 1079 4757 ego
1094 4682 1229 4740 aetatem
1245 4669 1361 4735 Christi
1381 4687 1466 4732 com-

116 4779 201 4850 putu,
224 4787 320 4853 qnam
334 4767 464 4842 Patres,
486 4767 590 4830 debuit
605 4773 677 4830 ante
698 4767 779 4829 mille
795 4785 891 4830 annos
907 4766 1027 4840 offendi,
1043 4766 1162 4846 quando
1177 4758 1342 4838 Dionysius
1356 4757 1466 4822 Abbas

115 4860 201 4924 aliter
217 4855 425 4939 computavit,
439 4872 529 4936 quem
542 4861 663 4918 retems
677 4855 789 4918 Patres
805 4861 837 4917 ct
845 4854 984 4917 hodierni
1000 4852 1176 4932 chronologi
1190 4849 1229 4911 ed
1243 4861 1334 4909 unum
1343 4863 1464 4910 omues:
