3412 5538
593 271 960 386 ,dersbmclnoaclogtcb
1030 329 1073 382 ·‚
1225 307 1227 310 ’
1344 289 1469 368 “’121
1580 345 1583 353 -

125 459 179 532 eat,
200 457 284 540 quod
299 457 428 524 initium
449 468 483 524 et
497 461 586 524 finem
607 461 654 524 tui
670 461 852 544 exemplaris
875 459 1019 526 addidisti
1025 479 1035 537 ς
1057 460 1143 543 plura
1164 478 1223 526 non
1245 461 1393 544 petebam.
1423 461 1470 526 At

130 545 151 610 si
164 545 473 632 exHeidelbergensi
488 551 631 634 patuerit,
645 551 773 614 ulterius
784 552 992 616 continuatum
1007 551 1199 634 chrphyno
1216 551 1471 627 commentarium,

129 645 194 700 tnnc
217 638 360 703 omnibus
382 635 482 702 modis
504 647 593 722 peto,
614 649 651 703 ut
671 642 751 723 quod
772 641 844 705 mibi
867 642 956 705 deest
977 641 1126 723 suppleas.
1171 639 1340 706 collatione
1364 658 1469 702 exem-

128 725 251 807 plarium
265 728 369 790 minus
386 736 544 810 estopus,
566 747 655 811 qnam
669 730 701 792 in
716 730 878 812 philologis
894 738 928 792 et
941 729 1076 792 historiis
1096 731 1262 812 ceterisque
1285 729 1468 811 hujusmodi3
1493 729 1496 736 '

130 833 195 878 nam
208 816 280 936 ipsa
294 818 438 894 materia,
454 818 524 900 quid
539 818 675 899 quolibet
688 819 757 881 loco
773 819 862 882 dubio
878 819 1038 901 legendnm
1053 819 1102 894 sit,
1123 819 1199 882 satis
1214 819 1336 882 indicat.

234 899 300 990 ἸΨ
315 907 408 970 Febr.
430 907 460 970 h.
476 907 505 972 8.
527 907 678 971 matutina
700 914 800 972 terrae
815 916 916 972 motus
930 927 985 990 per
1001 907 1171 984 Austriam,
1191 907 1369 988 ngariam,
1391 903 1469 989 Sty-

126 994 415 1148 έηίιιιῐιὲῗδιὴιιιιιίιω,
429 997 599 1062 Moreviam
614 998 842 1062 animadversus
858 1007 915 1062 est.
938 997 1026 1062 Vale.
1049 996 1170 1062 Dabam
1178 995 1275 1062 Lincii
1285 997 1312 1060 d
1322 997 1468 1062 231111·

213 1243 247 1308 S.
262 1245 297 1309 P.
312 1247 351 1310 D.
388 1245 504 1327 Accepi
525 1241 632 1310 literas
644 1254 741 1323 tuas,
762 1247 821 1310 Vir
842 1245 1033 1322 Clarissimo,
1055 1245 1084 1308 3.
1098 1247 1174 1327 Apa.
1194 1245 1340 1327 scriptas,
1363 1245 1469 1329 quibus
1564 1239 1567 1246 ’

125 1353 195 1416 spes
212 1340 284 1397 tuas
298 1337 521 1416 praeproperas
536 1335 609 1398 mibi
624 1335 752 1418 detegis.
782 1336 890 1419 Itaque
907 1336 1012 1400 statim
1030 1335 1115 1398 initio
1130 1334 1241 1398 videris
1257 1335 1469 1411 admonendus,

124 1423 214 1488 tarde
229 1421 263 1488 iu
278 1425 350 1488 aula
364 1425 466 1486 omnia
479 1425 560 1506 geri,
582 1425 764 1506 pracsertim
778 1445 869 1501 nunc,
892 1427 1011 1508 quando
1027 1443 1136 1488 omnes
1152 1424 1240 1499 aulici
1261 1432 1331 1488 sunt
1350 1426 1381 1488 in
1396 1443 1468 1506 pro·

124 1513 228 1576 ductu
247 1513 370 1576 itineris
384 1511 555 1589 Bohemici3
587 1532 690 1577 omnes
707 1515 823 1591 curiae,
844 1533 948 1578 omnes
970 1514 1095 1577 cancelli
1111 1513 1219 1588 clausi,
1240 1520 1349 1580 utnon
1364 1513 1471 1589 dicam,

122 1602 204 1686 quod
220 1602 260 1666 de
277 1600 393 1684 optima
408 1603 566 1665 voluntate
586 1603 709 1685 patroni
723 1604 783 1667 mei
805 1610 838 1666 et
859 1605 987 1666 musices
1001 1603 1154 1685 pollicitus
1174 1602 1294 1677 fuerim,
1315 1622 1375 1666 non
1397 1616 1469 1666 vero

29 1705 32 1712 '
122 1691 160 1754 de
174 1691 324 1754 moderno
347 1691 419 1755 etilo
436 1691 551 1767 curiae,
573 1693 623 1774 qui
638 1693 669 1756 in
684 1692 776 1757 horas
790 1699 941 1770 mutatur,
962 1700 1053 1776 prout
1064 1699 1208 1773 'ternpore
1223 1691 1342 1755 luerint.
1386 1693 1470 1756 Idem

120 1781 220 1844 multo
235 1780 336 1863 magis
353 1781 390 1846 dc
407 1779 538 1844 editione
554 1780 716 1864 Porphyrii
731 1782 832 1846 dicere
849 1801 981 1864 possum.
1015 1783 1061 1844 Tn
1082 1782 1200 1864 quidem
1216 1788 1353 1857 strenue,
1374 1781 1424 1864 qui
1438 1782 1472 1844 in

122 1869 349 1933 correctionem
365 1871 547 1952 exemplaris
568 1871 714 1935 incumbis
736 1851 831 1953 eique
848 1873 886 1935 de
901 1891 994 1934 causa
1014 1870 1214 1952 proficisceris
1228 1871 1470 1952 Heidelbergam.
1587 1923 1591 1932 .

119 1959 229 2022 Macte
243 1959 305 2022 hac
321 1959 451 2022 virtute!
480 1959 547 2040 Ego
563 1959 711 2024 veronen
727 1979 792 2023 sum
808 1967 892 2024 totus
907 1961 966 2023 mai
982 1960 1111 2035 arbitrii,
1131 1961 1245 2022 multae
1261 1960 1353 2022 etiam
1367 1979 1471 2024 morae

120 2055 250 2130 praeter
273 2067 360 2130 spem
382 2049 482 2112 solent
501 2049 647 2131 interp'ioi3
679 2049 814 2131 polliceri
837 2050 874 2111 de
899 2056 1033 2131 tempore
1057 2048 1131 2121 nihil
1154 2067 1278 2131 possum
1302 2056 1390 2113 et‘tu
1404 2049 1478 2131 jam

121 2137 354 2220 typographum
369 2136 549 2200 conduxisti
579 2139 678 2214 Adde,
694 2140 774 2221 quod
789 2139 952 2221 exemplar,
974 2157 1031 2221 quo
1046 2145 1124 2214 utor,
1138 2138 1296 2202 Herwardi
1309 2146 1368 2214 est,
1384 2138 1468 2212 (lan-

121 2227 243 2290 cellarii
257 2227 419 2302 naemei,
442 2227 507 2290 sine
523 2228 607 2308 cnjus
623 2247 772 2292 consensu
795 2228 896 2292 iacere
911 2228 985 2291 nihil
999 2239 1136 2309 possum
1166 2227 1217 2292 ille
1232 2244 1304 2292 vero
1320 2249 1376 2298 sua
1391 2222 1471 2292 solet

121 2317 279 2379 mundare
302 2316 353 2379 vel
375 2317 528 2378 Monachii
553 2317 601 2379 vel
623 2317 792 2398 Augustae.
838 2315 891 2380 Sic
910 2323 1014 2380 tamen
1035 2317 1252 2380 commendasti
1274 2323 1357 2380 tuum
1377 2324 1469 2399 typo-

121 2405 285 2487 graphum,
300 2411 336 2467 ut
344 2405 543 2469 laborandum
557 2405 630 2470 mibi
645 2425 795 2481 censeam,
810 2412 845 2468 ut
860 2406 925 2486 ejus
941 2423 1033 2488 opera
1043 2425 1138 2488 aequo
1148 2406 1312 2470 Hernardc
1321 2406 1470 2487 possimne

121 2495 177 2569 uti,
193 2495 316 2576 eritque
337 2495 412 2558 nubi
433 2494 513 2556 inter
528 2505 708 2578 argumenta
728 2503 813 2559 tuum
828 2496 983 2577 exemplar
997 2495 1195 2578 auxiliumque
1211 2493 1404 2576 praestitum,
1426 2495 1470 2558 si-

124 2583 249 2666 quidem
266 2603 334 2646 eum
351 2584 430 2646 diem
446 2585 557 2648 videro.
940 2590 946 2650 J
1072 2627 1076 2636 -

215 2673 287 2756 Ego
301 2673 429 2753 primum
444 2681 536 2754 atque
552 2663 669 2738 Caesar
678 2674 812 2754 Pragam
825 2673 954 2750 renent,
969 2674 1017 2736 vel
1034 2673 1126 2736 edam
1139 2672 1165 2736 si
1173 2672 1310 2736 Viennae
1320 2671 1472 2768 xmanserit

124 2763 258 2838 aurato,
280 2769 317 2824 ut
330 2780 386 2844 per
401 2762 514 2825 amicos
527 2779 612 2826 meos
627 2771 772 2843 urgeatur
787 2763 991 2845 privilegium,
1013 2781 1082 2825 nam
1105 2762 1210 2824 statim
1224 2762 1265 2825 ad
1277 2759 1474 2825 Wackarium

124 2852 247 2934 scripsi,
263 2851 320 2914 sed
335 2851 386 2933 qui
401 2851 508 2914 literas
524 2851 706 2934 deportavit,
721 2853 854 2916 nondum
863 2851 999 2916 Lincinm
1010 2857 1215 2928 estreversus,
1230 2857 1263 2914 et
1278 2851 1383 2914 diebus
1398 2859 1470 2914 anta
1537 2841 1539 2856 '

124 2948 159 3004 et
182 2949 260 3022 post
282 2941 458 3004 memoriam
488 2941 640 3022 passionis
671 2941 783 3004 domini
811 2942 894 3005 nulla
922 2942 1002 3005 ratio
1028 2947 1077 3003 est
1100 2939 1240 3023 cujusque
1270 2939 1385 3021 negotii
1414 2959 1471 3004 ex·

163 3029 279 3094 diondi.
910 3053 913 3060 ¹

123 3047 162 3112 μ
215 3109 303 3184 Vale'
314 3117 373 3182 Vir
387 3118 568 3182 amicissime
584 3126 679 3183 etms
695 3139 798 3184 amare
812 3138 915 3202 perge.
958 3118 1057 3196 Lincii
1072 3120 1100 3182 d.
1115 3117 1251 3202 29.Apr.
1268 3117 1361 3184 1616.

216 3275 251 3344 S.
267 3277 302 3344 Ρ..
323 3278 363 3344 D.
398 3277 576 3344 Clarissima
599 3288 632 3346 ct
652 3280 841 3346 amicissime.
885 3279 1009 3344 Literas
1030 3287 1101 3344 tnas
1124 3300 1143 3343 a
1165 3279 1383 3344 Nonuemauuo
1405 3280 1471 3344 Ar·

125 3368 307 3454 gentinensi
329 3369 434 3451 accepi
456 3376 529 3432 ants
550 3370 626 3433 duos
650 3370 771 3435 circiter
785 3390 919 3445 menses,
942 3371 1028 3453 eique
1048 3370 1202 3434 consultor
1217 3378 1251 3432 et·
1262 3376 1416 3452 promotor
1431 3368 1475 3432 fai
1523 3406 1527 3412 ·

127 3467 278 3544 quantum
308 3455 341 3522 iu
365 3475 414 3522 me
445 3465 521 3522 erat
569 3459 704 3524 Mertelii
732 3460 887 3542 negotium
915 3458 1144 3540 diligentissime
1173 3477 1227 3540 per
1256 3459 1362 3522 literas
1392 3457 1472 3540 apud

126 3548 363 3614 sollicitatorem
383 3566 517 3610 meorum
539 3549 745 3630 negotiorum,
768 3549 847 3617 Nob.
868 3548 908 3613 D.
923 3547 1070 3613 Themam
1083 3547 1197 3628 Major,
1219 3539 1312 3612 Ordd.
1325 3547 1471 3612 Austriae

125 3658 221 3720 snpra
244 3638 386 3702 Anasrm
409 3645 552 3719 agentern
577 3639 608 3702 in
633 3640 703 3702 aula
729 3638 883 3704 Caesarea
912 3638 961 3719 egi
983 3656 1145 3720 speroque,
1174 3637 1354 3718 scripturum
1374 3637 1473 3720 ipsum

125 3747 219 3810 super
239 3727 300 3791 boc
321 3728 446 3808 negotio
467 3727 508 3792 ad
528 3729 571 3790 Te
594 3737 648 3792 aut
668 3727 708 3792 ad
729 3729 911 3792 Mortalium.
956 3724 1072 3798 Quodsi
1095 3746 1156 3789 non
1180 3727 1375 3802 successerit,
1397 3725 1473 3790 nihil

125 3835 218 3900 porro
235 3824 379 3898 superest
393 3815 468 3900 spei,
483 3816 541 3880 uisi
557 3824 611 3880 aut
626 3817 743 3883 Caesar
756 3816 896 3890 Iincium
911 3824 965 3879 aut
980 3834 1036 3897 ego
1052 3815 1184 3897 Pragam
1198 3816 1324 3880 veniam.

213 3905 280 3970 Vix
299 3906 389 3970 lectis
410 3906 472 3972 tuis
485 3905 591 3986 ¹literis
614 3907 791 3989 supervenit
807 3905 921 3986 Esaias
943 3904 1140 3970 Pacbmarius
1163 3903 1366 3980 Gremsensis,
1388 3922 1472 3968 com-

125 3997 277 4064 mendam
296 3995 370 4062 niti
390 3995 497 4060 literas
510 3996 666 4060 Ammouii
685 3994 725 4061 ad
744 4004 915 4078 parentem,
937 3993 1084 4076 superiori
1099 4001 1218 4058 aestate
1235 3994 1301 4076 jam
1315 4001 1471 4058 mortuum.

125 4085 252 4152 Literas
273 4085 409 4150 inclusas
434 4083 563 4148 Gnraldi
583 4085 694 4149 tutoris
714 4084 754 4148 ad
776 4084 875 4166 ipsum
899 4102 1012 4167 quaeso
1042 4083 1086 4146 ilii
1110 4083 1224 4157 tradas.
1267 4083 1303 4146 In
1325 4102 1472 4166 praesens

128 4177 249 4242 nmium
264 4175 354 4238 dabis
368 4174 516 4239 brevitati
530 4192 617 4238 meae
638 4175 676 4240 ob
691 4173 891 4238 nmdiuarum
905 4173 1012 4238 turbas
1027 4179 1060 4236 et
1074 4173 1206 4254 negotia.
1249 4174 1337 4236 Vale
1366 4171 1405 4238 D.
1422 4171 1471 4235 14.
1500 4273 1506 4280 ι
1619 4203 1624 4212 -

127 4267 200 4350 Apr.
217 4265 328 4350 1616..

193 4425 326 4486 Proxima,
347 4434 425 4492 quam
436 4421 540 4476 exbibet
559 4423 672 4476 collaudo
684 4423 884 4488 Argentinemis,
898 4421 1005 4489 epistola
1015 4417 1120 4487 Kspleri
1131 4419 1164 4472 ad
1179 4417 1350 4488 Brenggerum
1362 4417 1422 4470 tata
1433 4423 1474 4470 est

129 4491 185 4552 Η.
195 4499 269 4551 Patr.
285 4489 369 4556 1617,
389 4498 460 4560 cums
472 4501 571 4560 partam
584 4495 739 4547 srbrbnimus
751 4495 798 4546 rol.
810 4495 830 4546 1.
847 4511 872 4560 p.
886 4493 946 4554 oso,
961 4495 1056 4557 majore
1073 4498 1190 4558 exparte
1205 4495 1261 4558 agit
1277 4493 1308 4544 de
1320 4489 1472 4564 ammiranti,

127 4585 196 4638 ῃίιι
217 4571 421 4640 Argantlncnsas
444 4568 525 4636 anim,
537 4565 649 4631 Ksplero
669 4567 767 4632 patenti
787 4567 996 4618 commendabant
1020 4565 1112 4630 qatque
1131 4569 1220 4630 postas
1239 4563 1351 4616 interluit
1368 4558 1473 4624 Keplsri

126 4645 231 4712 nnana
248 4646 276 4696 ln
294 4635 627 4704 matemautensem.
663 4637 742 4696 Illae.
761 4649 829 4702 quaa
844 4639 911 4690 bauo
926 4641 1075 4704 tumtur,
1092 4634 1213 4700 epistolas
1230 4649 1286 4686 mm
1298 4631 1472 4696 pramsrider

127 4721 177 4772 tu
188 4717 245 4770 alia
255 4713 366 4782 Ksplert
377 4725 465 4778 opera,
475 4709 652 4776 posterioribus
664 4708 817 4774 temporibus
829 4710 905 4770 adita,
918 4713 1043 4776 spectant.
1055 4721 1132 4774 qums
1143 4707 1184 4760 bic
1197 4703 1346 4758 emaculas
1358 4709 1424 4755 saut.

699 4862 910 4881 m
