<?xml version="1.0" encoding="UTF-8"?>
<!DOCTYPE html PUBLIC "-//W3C//DTD XHTML 1.0 Transitional//EN"
    "http://www.w3.org/TR/xhtml1/DTD/xhtml1-transitional.dtd">
<html xmlns="http://www.w3.org/1999/xhtml" xml:lang="en" lang="en">
 <head>
  <title>
</title>
<meta http-equiv="Content-Type" content="text/html;charset=utf-8" />
  <meta name='ocr-system' content='tesseract 3.04.00' />
  <meta name='ocr-capabilities' content='ocr_page ocr_carea ocr_par ocr_line ocrx_word'/>
</head>
<body>
  <div class='ocr_page' id='page_1' title='image "./joanniskepleria00unkngoog_0682.png"; bbox 0 0 3390 5542; ppageno 0'>
   <div class='ocr_carea' id='block_1_1' title="bbox 669 300 1433 364">
    <p class='ocr_par' dir='ltr' id='par_1_1' title="bbox 669 300 1433 364">
     <span class='ocr_line' id='line_1_1' title="bbox 669 300 1433 364; baseline 0 -12"><span class='ocrx_word' id='word_1_1' title='bbox 669 300 750 352; x_wconf 81' lang='lat' dir='ltr'>Notae</span> <span class='ocrx_word' id='word_1_2' title='bbox 768 301 882 352; x_wconf 78' lang='grc' dir='ltr'>ιιιιιοιιι.</span> <span class='ocrx_word' id='word_1_3' title='bbox 1371 301 1433 364; x_wconf 81' lang='grc'>657</span> 
     </span>
    </p>
   </div>
   <div class='ocr_carea' id='block_1_2' title="bbox 115 473 1436 968">
    <p class='ocr_par' dir='ltr' id='par_1_2' title="bbox 115 473 1436 968">
     <span class='ocr_line' id='line_1_2' title="bbox 116 473 1434 542; baseline 0.002 -17"><span class='ocrx_word' id='word_1_4' title='bbox 116 473 199 526; x_wconf 87' lang='lat' dir='ltr'>lucem</span> <span class='ocrx_word' id='word_1_5' title='bbox 224 475 351 540; x_wconf 79' lang='lat' dir='ltr'>publicam</span> <span class='ocrx_word' id='word_1_6' title='bbox 376 476 515 528; x_wconf 84' lang='lat' dir='ltr'>vindicaret</span> <span class='ocrx_word' id='word_1_7' title='bbox 539 477 684 528; x_wconf 87' lang='lat' dir='ltr'>methodum</span> <span class='ocrx_word' id='word_1_8' title='bbox 715 477 917 528; x_wconf 74' lang='lat' dir='ltr'>indivisibilium.</span> <span class='ocrx_word' id='word_1_9' title='bbox 938 513 945 527; x_wconf 94' lang='lat'>.</span> <span class='ocrx_word' id='word_1_10' title='bbox 965 513 997 527; x_wconf 91' lang='lat'>..</span> <span class='ocrx_word' id='word_1_11' title='bbox 1035 476 1118 528; x_wconf 89' lang='lat' dir='ltr'>Plana</span> <span class='ocrx_word' id='word_1_12' title='bbox 1139 477 1185 528; x_wconf 91' lang='lat' dir='ltr'>illa</span> <span class='ocrx_word' id='word_1_13' title='bbox 1201 477 1359 542; x_wconf 84' lang='lat' dir='ltr'>Keplarlana</span> <span class='ocrx_word' id='word_1_14' title='bbox 1377 491 1434 528; x_wconf 91' lang='lat' dir='ltr'>cum</span> 
     </span>
     <span class='ocr_line' id='line_1_3' title="bbox 115 549 1433 612; baseline 0.004 -17"><span class='ocrx_word' id='word_1_15' title='bbox 115 549 143 596; x_wconf 91' lang='lat' dir='ltr'>in</span> <span class='ocrx_word' id='word_1_16' title='bbox 160 555 281 611; x_wconf 88' lang='lat' dir='ltr'>puuctum</span> <span class='ocrx_word' id='word_1_17' title='bbox 300 549 391 606; x_wconf 87' lang='lat' dir='ltr'>omnia,</span> <span class='ocrx_word' id='word_1_18' title='bbox 410 556 436 598; x_wconf 91' lang='lat' dir='ltr'>et</span> <span class='ocrx_word' id='word_1_19' title='bbox 453 563 557 612; x_wconf 88' lang='lat' dir='ltr'>corpora</span> <span class='ocrx_word' id='word_1_20' title='bbox 574 551 600 599; x_wconf 93' lang='lat' dir='ltr'>in</span> <span class='ocrx_word' id='word_1_21' title='bbox 619 562 692 599; x_wconf 88' lang='lat' dir='ltr'>axem</span> <span class='ocrx_word' id='word_1_22' title='bbox 705 552 807 608; x_wconf 79' lang='lat' dir='ltr'>coirent,</span> <span class='ocrx_word' id='word_1_23' title='bbox 826 552 908 599; x_wconf 89' lang='lat' dir='ltr'>minus</span> <span class='ocrx_word' id='word_1_24' title='bbox 926 549 959 598; x_wconf 95' lang='lat' dir='ltr'>ad</span> <span class='ocrx_word' id='word_1_25' title='bbox 977 563 1030 598; x_wconf 90' lang='lat' dir='ltr'>rem</span> <span class='ocrx_word' id='word_1_26' title='bbox 1049 549 1133 598; x_wconf 89' lang='lat' dir='ltr'>facere</span> <span class='ocrx_word' id='word_1_27' title='bbox 1145 550 1201 598; x_wconf 87' lang='lat' dir='ltr'>visa</span> <span class='ocrx_word' id='word_1_28' title='bbox 1218 556 1276 598; x_wconf 90' lang='lat' dir='ltr'>suut</span> <span class='ocrx_word' id='word_1_29' title='bbox 1288 549 1433 608; x_wconf 71' lang='lat' dir='ltr'>Cavalerioc</span> 
     </span>
     <span class='ocr_line' id='line_1_4' title="bbox 115 619 1436 684; baseline 0.004 -18"><span class='ocrx_word' id='word_1_30' title='bbox 115 621 196 668; x_wconf 89' lang='lat' dir='ltr'>utitur</span> <span class='ocrx_word' id='word_1_31' title='bbox 221 633 280 683; x_wconf 90' lang='lat' dir='ltr'>ergo</span> <span class='ocrx_word' id='word_1_32' title='bbox 304 620 349 668; x_wconf 93' lang='lat' dir='ltr'>ille</span> <span class='ocrx_word' id='word_1_33' title='bbox 368 621 440 669; x_wconf 85' lang='lat' dir='ltr'>lineis</span> <span class='ocrx_word' id='word_1_34' title='bbox 463 628 490 669; x_wconf 88' lang='lat' dir='ltr'>et</span> <span class='ocrx_word' id='word_1_35' title='bbox 506 620 637 684; x_wconf 68' lang='lat' dir='ltr'>parallelis</span> <span class='ocrx_word' id='word_1_36' title='bbox 655 621 737 684; x_wconf 87' lang='lat' dir='ltr'>planis</span> <span class='ocrx_word' id='word_1_37' title='bbox 755 620 946 670; x_wconf 88' lang='lat' dir='ltr'>indivisibillbus</span> <span class='ocrx_word' id='word_1_38' title='bbox 964 627 992 669; x_wconf 91' lang='lat' dir='ltr'>et</span> <span class='ocrx_word' id='word_1_39' title='bbox 1009 620 1121 675; x_wconf 85' lang='lat' dir='ltr'>infinitis,</span> <span class='ocrx_word' id='word_1_40' title='bbox 1140 619 1219 683; x_wconf 91' lang='lat' dir='ltr'>deque</span> <span class='ocrx_word' id='word_1_41' title='bbox 1238 621 1290 670; x_wconf 89' lang='lat' dir='ltr'>illis</span> <span class='ocrx_word' id='word_1_42' title='bbox 1308 621 1436 671; x_wconf 72' lang='lat' dir='ltr'>concludit</span> 
     </span>
     <span class='ocr_line' id='line_1_5' title="bbox 116 689 1434 776; baseline 0.003 -39"><span class='ocrx_word' id='word_1_43' title='bbox 116 689 152 746; x_wconf 90' lang='lat' dir='ltr'>id,</span> <span class='ocrx_word' id='word_1_44' title='bbox 171 690 237 753; x_wconf 91' lang='lat' dir='ltr'>quod</span> <span class='ocrx_word' id='word_1_45' title='bbox 255 690 286 755; x_wconf 80' lang='lat' dir='ltr'>de</span> <span class='ocrx_word' id='word_1_46' title='bbox 305 690 381 741; x_wconf 85' lang='lat' dir='ltr'>linitis</span> <span class='ocrx_word' id='word_1_47' title='bbox 399 693 535 755; x_wconf 87' lang='lat' dir='ltr'>quaeritur.</span> <span class='ocrx_word' id='word_1_48' title='bbox 572 692 682 756; x_wconf 79' lang='lat' dir='ltr'>Agnovit</span> <span class='ocrx_word' id='word_1_49' title='bbox 699 692 845 742; x_wconf 79' lang='lat' dir='ltr'>cavalevlua</span> <span class='ocrx_word' id='word_1_50' title='bbox 864 691 998 740; x_wconf 90' lang='lat' dir='ltr'>solidorum</span> <span class='ocrx_word' id='word_1_51' title='bbox 1019 690 1194 748; x_wconf 87' lang='lat' dir='ltr'>rotundorum,</span> <span class='ocrx_word' id='word_1_52' title='bbox 1226 691 1434 776; x_wconf 81' lang='lat' dir='ltr'>quemadmodum</span> 
     </span>
     <span class='ocr_line' id='line_1_6' title="bbox 117 761 1434 827; baseline 0.002 -18"><span class='ocrx_word' id='word_1_53' title='bbox 117 770 145 809; x_wconf 85' lang='lat' dir='ltr'>et</span> <span class='ocrx_word' id='word_1_54' title='bbox 162 761 297 823; x_wconf 84' lang='lat' dir='ltr'>Keplerus,</span> <span class='ocrx_word' id='word_1_55' title='bbox 316 763 429 826; x_wconf 77' lang='lat' dir='ltr'>genesim</span> <span class='ocrx_word' id='word_1_56' title='bbox 447 763 502 812; x_wconf 90' lang='lat' dir='ltr'>lieri</span> <span class='ocrx_word' id='word_1_57' title='bbox 520 777 551 812; x_wconf 91' lang='lat' dir='ltr'>ex</span> <span class='ocrx_word' id='word_1_58' title='bbox 568 765 690 811; x_wconf 88' lang='lat' dir='ltr'>rotatione</span> <span class='ocrx_word' id='word_1_59' title='bbox 709 763 839 827; x_wconf 85' lang='lat' dir='ltr'>planomm</span> <span class='ocrx_word' id='word_1_60' title='bbox 858 764 926 812; x_wconf 89' lang='lat' dir='ltr'>circa</span> <span class='ocrx_word' id='word_1_61' title='bbox 944 773 1026 818; x_wconf 88' lang='lat' dir='ltr'>axem,</span> <span class='ocrx_word' id='word_1_62' title='bbox 1050 761 1095 810; x_wconf 89' lang='lat' dir='ltr'>sed</span> <span class='ocrx_word' id='word_1_63' title='bbox 1113 761 1234 825; x_wconf 88' lang='lat' dir='ltr'>quomodo</span> <span class='ocrx_word' id='word_1_64' title='bbox 1252 776 1283 810; x_wconf 91' lang='lat' dir='ltr'>ex</span> <span class='ocrx_word' id='word_1_65' title='bbox 1302 763 1348 811; x_wconf 90' lang='lat' dir='ltr'>hoc</span> <span class='ocrx_word' id='word_1_66' title='bbox 1366 764 1434 826; x_wconf 92' lang='lat' dir='ltr'>prin·</span> 
     </span>
     <span class='ocr_line' id='line_1_7' title="bbox 117 830 1434 922; baseline 0.002 -42"><span class='ocrx_word' id='word_1_67' title='bbox 117 833 183 894; x_wconf 88' lang='lat' dir='ltr'>cipio</span> <span class='ocrx_word' id='word_1_68' title='bbox 202 833 300 916; x_wconf 81' lang='lat' dir='ltr'>reliqua</span> <span class='ocrx_word' id='word_1_69' title='bbox 322 845 387 896; x_wconf 89' lang='lat' dir='ltr'>quae</span> <span class='ocrx_word' id='word_1_70' title='bbox 412 832 558 883; x_wconf 77' lang='lat' dir='ltr'>intendebat</span> <span class='ocrx_word' id='word_1_71' title='bbox 575 847 637 897; x_wconf 87' lang='lat' dir='ltr'>pure</span> <span class='ocrx_word' id='word_1_72' title='bbox 663 835 814 898; x_wconf 88' lang='lat' dir='ltr'>geometrice</span> <span class='ocrx_word' id='word_1_73' title='bbox 837 833 979 891; x_wconf 78' lang='lat' dir='ltr'>deduceret,</span> <span class='ocrx_word' id='word_1_74' title='bbox 999 830 1046 880; x_wconf 88' lang='lat' dir='ltr'>hoc</span> <span class='ocrx_word' id='word_1_75' title='bbox 1063 832 1102 882; x_wconf 92' lang='lat' dir='ltr'>illi</span> <span class='ocrx_word' id='word_1_76' title='bbox 1120 846 1170 881; x_wconf 91' lang='lat' dir='ltr'>uon</span> <span class='ocrx_word' id='word_1_77' title='bbox 1183 832 1297 882; x_wconf 87' lang='lat' dir='ltr'>venitin</span> <span class='ocrx_word' id='word_1_78' title='bbox 1314 843 1434 922; x_wconf 71' lang='lat' dir='ltr'>menum,</span> 
     </span>
     <span class='ocr_line' id='line_1_8' title="bbox 115 897 1083 968; baseline 0.002 -18"><span class='ocrx_word' id='word_1_79' title='bbox 115 902 179 951; x_wconf 90' lang='lat' dir='ltr'>licet</span> <span class='ocrx_word' id='word_1_80' title='bbox 196 916 250 951; x_wconf 90' lang='lat' dir='ltr'>rem</span> <span class='ocrx_word' id='word_1_81' title='bbox 267 904 347 967; x_wconf 87' lang='lat' dir='ltr'>ipsam</span> <span class='ocrx_word' id='word_1_82' title='bbox 363 906 417 966; x_wconf 87' lang='lat' dir='ltr'>jam</span> <span class='ocrx_word' id='word_1_83' title='bbox 434 897 657 968; x_wconf 83' lang='lat' dir='ltr'>auspicaretur-</span> <span class='ocrx_word' id='word_1_84' title='bbox 677 913 789 954; x_wconf 83' lang='lat' dir='ltr'>centrum</span> <span class='ocrx_word' id='word_1_85' title='bbox 807 897 938 954; x_wconf 88' lang='lat' dir='ltr'>videlicet</span> <span class='ocrx_word' id='word_1_86' title='bbox 943 905 1083 968; x_wconf 88' lang='lat' dir='ltr'>gravitatis.</span> 
     </span>
    </p>
   </div>
   <div class='ocr_carea' id='block_1_3' title="bbox 57 989 1500 3752">
    <p class='ocr_par' dir='ltr' id='par_1_3' title="bbox 112 989 1500 1555">
     <span class='ocr_line' id='line_1_9' title="bbox 207 989 1433 1058; baseline 0.002 -19"><span class='ocrx_word' id='word_1_87' title='bbox 207 989 320 1040; x_wconf 86' lang='lat' dir='ltr'>Adbaec</span> <span class='ocrx_word' id='word_1_88' title='bbox 335 989 536 1042; x_wconf 77' lang='lat' dir='ltr'>Caraleriua</span> <span class='ocrx_word' id='word_1_89' title='bbox 555 991 664 1051; x_wconf 88' lang='lat' dir='ltr'>inlibro,</span> <span class='ocrx_word' id='word_1_90' title='bbox 677 1007 750 1057; x_wconf 89' lang='lat' dir='ltr'>quem</span> <span class='ocrx_word' id='word_1_91' title='bbox 764 995 902 1058; x_wconf 83' lang='lat' dir='ltr'>inscripsit:</span> <span class='ocrx_word' id='word_1_92' title='bbox 921 991 1195 1042; x_wconf 68' lang='lat' dir='ltr'>Exercitationes</span> <span class='ocrx_word' id='word_1_93' title='bbox 1212 992 1433 1046; x_wconf 83' lang='lat' dir='ltr'>Geometricae</span> 
     </span>
     <span class='ocr_line' id='line_1_10' title="bbox 116 1058 1433 1130; baseline 0.002 -20"><span class='ocrx_word' id='word_1_94' title='bbox 116 1077 175 1111; x_wconf 91' lang='lat' dir='ltr'>sex</span> <span class='ocrx_word' id='word_1_95' title='bbox 195 1058 301 1120; x_wconf 87' lang='grc' dir='ltr'>(Βοιιοιι.</span> <span class='ocrx_word' id='word_1_96' title='bbox 323 1058 410 1125; x_wconf 79' lang='grc'>1647),</span> <span class='ocrx_word' id='word_1_97' title='bbox 437 1063 598 1127; x_wconf 87' lang='lat' dir='ltr'>respondens,</span> <span class='ocrx_word' id='word_1_98' title='bbox 619 1065 751 1122; x_wconf 83' lang='lat' dir='ltr'>Gnldinns,</span> <span class='ocrx_word' id='word_1_99' title='bbox 769 1065 857 1130; x_wconf 88' lang='lat' dir='ltr'>inquit,</span> <span class='ocrx_word' id='word_1_100' title='bbox 877 1063 918 1113; x_wconf 91' lang='lat' dir='ltr'>hic</span> <span class='ocrx_word' id='word_1_101' title='bbox 936 1062 1065 1113; x_wconf 88' lang='lat' dir='ltr'>declarare</span> <span class='ocrx_word' id='word_1_102' title='bbox 1083 1062 1190 1120; x_wconf 88' lang='lat' dir='ltr'>videtur,</span> <span class='ocrx_word' id='word_1_103' title='bbox 1209 1077 1237 1112; x_wconf 89' lang='lat' dir='ltr'>se</span> <span class='ocrx_word' id='word_1_104' title='bbox 1255 1062 1332 1112; x_wconf 89' lang='lat' dir='ltr'>libros</span> <span class='ocrx_word' id='word_1_105' title='bbox 1350 1063 1433 1112; x_wconf 89' lang='lat' dir='ltr'>dictae</span> 
     </span>
     <span class='ocr_line' id='line_1_11' title="bbox 114 1133 1433 1200; baseline 0.002 -20"><span class='ocrx_word' id='word_1_106' title='bbox 114 1134 274 1198; x_wconf 79' lang='lat' dir='ltr'>geometriae</span> <span class='ocrx_word' id='word_1_107' title='bbox 301 1143 418 1183; x_wconf 87' lang='lat' dir='ltr'>accurate</span> <span class='ocrx_word' id='word_1_108' title='bbox 436 1135 522 1199; x_wconf 88' lang='lat' dir='ltr'>legere</span> <span class='ocrx_word' id='word_1_109' title='bbox 548 1149 598 1183; x_wconf 91' lang='lat' dir='ltr'>non</span> <span class='ocrx_word' id='word_1_110' title='bbox 614 1137 734 1200; x_wconf 89' lang='lat' dir='ltr'>potuisse.</span> <span class='ocrx_word' id='word_1_111' title='bbox 772 1136 798 1186; x_wconf 82' lang='lat' dir='ltr'>Si</span> <span class='ocrx_word' id='word_1_112' title='bbox 817 1137 884 1185; x_wconf 85' lang='lat' dir='ltr'>enim</span> <span class='ocrx_word' id='word_1_113' title='bbox 903 1149 953 1193; x_wconf 92' lang='lat' dir='ltr'>eos,</span> <span class='ocrx_word' id='word_1_114' title='bbox 972 1147 1023 1198; x_wconf 92' lang='lat' dir='ltr'>qua</span> <span class='ocrx_word' id='word_1_115' title='bbox 1041 1133 1196 1200; x_wconf 91' lang='lat' dir='ltr'>congruebat</span> <span class='ocrx_word' id='word_1_116' title='bbox 1213 1134 1354 1198; x_wconf 87' lang='lat' dir='ltr'>diligentia,</span> <span class='ocrx_word' id='word_1_117' title='bbox 1374 1147 1433 1183; x_wconf 87' lang='lat' dir='ltr'>axa·</span> 
     </span>
     <span class='ocr_line' id='line_1_12' title="bbox 112 1204 1434 1272; baseline 0.001 -20"><span class='ocrx_word' id='word_1_118' title='bbox 112 1205 253 1260; x_wconf 79' lang='grc' dir='ltr'>ιιιιιιιιιιιι,</span> <span class='ocrx_word' id='word_1_119' title='bbox 281 1211 341 1253; x_wconf 89' lang='lat' dir='ltr'>tunc</span> <span class='ocrx_word' id='word_1_120' title='bbox 369 1219 465 1269; x_wconf 91' lang='lat' dir='ltr'>qnoque</span> <span class='ocrx_word' id='word_1_121' title='bbox 490 1206 614 1270; x_wconf 90' lang='lat' dir='ltr'>potuisset</span> <span class='ocrx_word' id='word_1_122' title='bbox 639 1205 852 1263; x_wconf 88' lang='lat' dir='ltr'>animadvertere,</span> <span class='ocrx_word' id='word_1_123' title='bbox 876 1220 951 1272; x_wconf 88' lang='lat' dir='ltr'>qnam</span> <span class='ocrx_word' id='word_1_124' title='bbox 970 1205 1069 1254; x_wconf 86' lang='lat' dir='ltr'>dirersa</span> <span class='ocrx_word' id='word_1_125' title='bbox 1093 1205 1143 1254; x_wconf 89' lang='lat' dir='ltr'>sint</span> <span class='ocrx_word' id='word_1_126' title='bbox 1167 1207 1296 1269; x_wconf 89' lang='lat' dir='ltr'>utriusque</span> <span class='ocrx_word' id='word_1_127' title='bbox 1321 1204 1434 1254; x_wconf 86' lang='lat' dir='ltr'>methodi</span> 
     </span>
     <span class='ocr_line' id='line_1_13' title="bbox 113 1273 1435 1341; baseline 0 -17"><span class='ocrx_word' id='word_1_128' title='bbox 113 1274 290 1324; x_wconf 78' lang='lat' dir='ltr'>fundamenta.</span> <span class='ocrx_word' id='word_1_129' title='bbox 332 1273 458 1339; x_wconf 85' lang='lat' dir='ltr'>Keplerus</span> <span class='ocrx_word' id='word_1_130' title='bbox 483 1277 550 1325; x_wconf 90' lang='lat' dir='ltr'>enim</span> <span class='ocrx_word' id='word_1_131' title='bbox 574 1292 606 1327; x_wconf 88' lang='lat' dir='ltr'>ex</span> <span class='ocrx_word' id='word_1_132' title='bbox 629 1277 801 1328; x_wconf 77' lang='lat' dir='ltr'>minutissimis</span> <span class='ocrx_word' id='word_1_133' title='bbox 829 1276 971 1341; x_wconf 87' lang='lat' dir='ltr'>cerporibus</span> <span class='ocrx_word' id='word_1_134' title='bbox 995 1275 1176 1340; x_wconf 90' lang='lat' dir='ltr'>quodammodo</span> <span class='ocrx_word' id='word_1_135' title='bbox 1195 1279 1291 1339; x_wconf 87' lang='lat' dir='ltr'>majora</span> <span class='ocrx_word' id='word_1_136' title='bbox 1309 1277 1435 1340; x_wconf 86' lang='lat' dir='ltr'>componit</span> 
     </span>
     <span class='ocr_line' id='line_1_14' title="bbox 113 1345 1494 1418; baseline 0.002 -25"><span class='ocrx_word' id='word_1_137' title='bbox 113 1347 196 1409; x_wconf 91' lang='lat' dir='ltr'>iisque</span> <span class='ocrx_word' id='word_1_138' title='bbox 215 1347 294 1395; x_wconf 91' lang='lat' dir='ltr'>utitur</span> <span class='ocrx_word' id='word_1_139' title='bbox 309 1353 430 1412; x_wconf 88' lang='lat' dir='ltr'>tanquam</span> <span class='ocrx_word' id='word_1_140' title='bbox 450 1346 660 1407; x_wconf 84' lang='lat' dir='ltr'>concurrentibus,</span> <span class='ocrx_word' id='word_1_141' title='bbox 679 1347 721 1398; x_wconf 91' lang='lat' dir='ltr'>nbi</span> <span class='ocrx_word' id='word_1_142' title='bbox 739 1350 792 1412; x_wconf 93' lang='lat' dir='ltr'>ipse</span> <span class='ocrx_word' id='word_1_143' title='bbox 803 1347 858 1404; x_wconf 82' lang='lat' dir='ltr'>,hoc</span> <span class='ocrx_word' id='word_1_144' title='bbox 875 1355 974 1398; x_wconf 87' lang='lat' dir='ltr'>tantum</span> <span class='ocrx_word' id='word_1_145' title='bbox 993 1345 1057 1406; x_wconf 91' lang='lat' dir='ltr'>dico,</span> <span class='ocrx_word' id='word_1_146' title='bbox 1075 1346 1152 1414; x_wconf 91' lang='lat' dir='ltr'>plana</span> <span class='ocrx_word' id='word_1_147' title='bbox 1170 1361 1225 1396; x_wconf 85' lang='lat' dir='ltr'>eave</span> <span class='ocrx_word' id='word_1_148' title='bbox 1243 1354 1272 1396; x_wconf 90' lang='lat' dir='ltr'>ut</span> <span class='ocrx_word' id='word_1_149' title='bbox 1290 1353 1435 1412; x_wconf 84' lang='lat' dir='ltr'>aggregata</span> <span class='ocrx_word' id='word_1_150' title='bbox 1488 1394 1494 1418; x_wconf 42' lang='grc' dir='ltr'>ἱ</span> 
     </span>
     <span class='ocr_line' id='line_1_15' title="bbox 113 1417 1500 1484; baseline 0.001 -19"><span class='ocrx_word' id='word_1_151' title='bbox 113 1417 227 1465; x_wconf 90' lang='lat' dir='ltr'>omnium</span> <span class='ocrx_word' id='word_1_152' title='bbox 251 1417 375 1466; x_wconf 86' lang='lat' dir='ltr'>linearum</span> <span class='ocrx_word' id='word_1_153' title='bbox 401 1417 638 1482; x_wconf 87' lang='lat' dir='ltr'>aequidistantinm,</span> <span class='ocrx_word' id='word_1_154' title='bbox 665 1426 691 1468; x_wconf 89' lang='lat' dir='ltr'>et</span> <span class='ocrx_word' id='word_1_155' title='bbox 716 1431 819 1482; x_wconf 88' lang='lat' dir='ltr'>corpora</span> <span class='ocrx_word' id='word_1_156' title='bbox 842 1426 871 1469; x_wconf 91' lang='lat' dir='ltr'>ut</span> <span class='ocrx_word' id='word_1_157' title='bbox 894 1425 1035 1484; x_wconf 89' lang='lat' dir='ltr'>aggregata</span> <span class='ocrx_word' id='word_1_158' title='bbox 1059 1418 1170 1467; x_wconf 90' lang='lat' dir='ltr'>omniurn</span> <span class='ocrx_word' id='word_1_159' title='bbox 1188 1419 1321 1482; x_wconf 90' lang='lat' dir='ltr'>planorum</span> <span class='ocrx_word' id='word_1_160' title='bbox 1339 1420 1434 1483; x_wconf 86' lang='lat' dir='ltr'>pariter</span> <span class='ocrx_word' id='word_1_161' title='bbox 1494 1429 1500 1438; x_wconf 90' lang='lat'><strong>·</strong></span> 
     </span>
     <span class='ocr_line' id='line_1_16' title="bbox 114 1487 1221 1555; baseline 0.002 -19"><span class='ocrx_word' id='word_1_162' title='bbox 114 1487 347 1552; x_wconf 89' lang='lat' dir='ltr'>aequidistantium.</span> <span class='ocrx_word' id='word_1_163' title='bbox 384 1489 456 1537; x_wconf 85' lang='lat' dir='ltr'>Haec</span> <span class='ocrx_word' id='word_1_164' title='bbox 475 1497 560 1538; x_wconf 86' lang='lat' dir='ltr'>autem</span> <span class='ocrx_word' id='word_1_165' title='bbox 579 1504 651 1538; x_wconf 92' lang='lat' dir='ltr'>nemo</span> <span class='ocrx_word' id='word_1_166' title='bbox 669 1505 720 1539; x_wconf 89' lang='lat' dir='ltr'>nen</span> <span class='ocrx_word' id='word_1_167' title='bbox 738 1491 806 1540; x_wconf 89' lang='lat' dir='ltr'>videt</span> <span class='ocrx_word' id='word_1_168' title='bbox 823 1503 898 1555; x_wconf 90' lang='lat' dir='ltr'>qnam</span> <span class='ocrx_word' id='word_1_169' title='bbox 917 1491 968 1539; x_wconf 91' lang='lat' dir='ltr'>sint</span> <span class='ocrx_word' id='word_1_170' title='bbox 984 1490 1050 1538; x_wconf 89' lang='lat' dir='ltr'>inter</span> <span class='ocrx_word' id='word_1_171' title='bbox 1069 1503 1095 1536; x_wconf 88' lang='lat' dir='ltr'>se</span> <span class='ocrx_word' id='word_1_172' title='bbox 1115 1489 1221 1538; x_wconf 82' lang='lat' dir='ltr'>diversa.</span> 
     </span>
    </p>

    <p class='ocr_par' dir='ltr' id='par_1_4' title="bbox 111 1557 1468 2898">
     <span class='ocr_line' id='line_1_17' title="bbox 208 1557 1435 1626; baseline 0.004 -21"><span class='ocrx_word' id='word_1_173' title='bbox 208 1557 230 1605; x_wconf 91' lang='lat' dir='ltr'>A</span> <span class='ocrx_word' id='word_1_174' title='bbox 248 1557 369 1623; x_wconf 85' lang='lat' dir='ltr'>Keplero,</span> <span class='ocrx_word' id='word_1_175' title='bbox 387 1562 471 1626; x_wconf 85' lang='lat' dir='ltr'>pergit</span> <span class='ocrx_word' id='word_1_176' title='bbox 487 1559 643 1619; x_wconf 70' lang='lat' dir='ltr'>Caraleriun</span> <span class='ocrx_word' id='word_1_177' title='bbox 661 1561 725 1611; x_wconf 91' lang='lat' dir='ltr'>nihil</span> <span class='ocrx_word' id='word_1_178' title='bbox 743 1561 804 1610; x_wconf 90' lang='lat' dir='ltr'>rnihi</span> <span class='ocrx_word' id='word_1_179' title='bbox 828 1567 970 1610; x_wconf 87' lang='lat' dir='ltr'>mutuatum</span> <span class='ocrx_word' id='word_1_180' title='bbox 988 1567 1035 1618; x_wconf 88' lang='lat' dir='ltr'>est,</span> <span class='ocrx_word' id='word_1_181' title='bbox 1053 1567 1229 1624; x_wconf 72' lang='lat' dir='ltr'>praeterquam</span> <span class='ocrx_word' id='word_1_182' title='bbox 1247 1573 1330 1624; x_wconf 89' lang='lat' dir='ltr'>panca</span> <span class='ocrx_word' id='word_1_183' title='bbox 1347 1560 1435 1624; x_wconf 87' lang='lat' dir='ltr'>aliqua</span> 
     </span>
     <span class='ocr_line' id='line_1_18' title="bbox 114 1628 1434 1697; baseline 0.003 -21"><span class='ocrx_word' id='word_1_184' title='bbox 114 1628 252 1677; x_wconf 88' lang='lat' dir='ltr'>solidorum</span> <span class='ocrx_word' id='word_1_185' title='bbox 270 1632 378 1686; x_wconf 89' lang='lat' dir='ltr'>nomina,</span> <span class='ocrx_word' id='word_1_186' title='bbox 398 1631 530 1694; x_wconf 89' lang='lat' dir='ltr'>dequibus</span> <span class='ocrx_word' id='word_1_187' title='bbox 549 1633 575 1681; x_wconf 88' lang='lat' dir='ltr'>in</span> <span class='ocrx_word' id='word_1_188' title='bbox 587 1631 635 1682; x_wconf 89' lang='lat' dir='ltr'>hac</span> <span class='ocrx_word' id='word_1_189' title='bbox 654 1635 792 1697; x_wconf 86' lang='lat' dir='ltr'>geometria</span> <span class='ocrx_word' id='word_1_190' title='bbox 807 1631 836 1681; x_wconf 87' lang='lat' dir='ltr'>fit</span> <span class='ocrx_word' id='word_1_191' title='bbox 847 1633 949 1681; x_wconf 89' lang='lat' dir='ltr'>mentio.</span> <span class='ocrx_word' id='word_1_192' title='bbox 978 1631 1038 1681; x_wconf 87' lang='lat' dir='ltr'>Sola</span> <span class='ocrx_word' id='word_1_193' title='bbox 1050 1632 1117 1680; x_wconf 90' lang='lat' dir='ltr'>enlm</span> <span class='ocrx_word' id='word_1_194' title='bbox 1130 1631 1271 1688; x_wconf 89' lang='lat' dir='ltr'>admiratio,</span> <span class='ocrx_word' id='word_1_195' title='bbox 1289 1645 1340 1696; x_wconf 91' lang='lat' dir='ltr'>qna</span> <span class='ocrx_word' id='word_1_196' title='bbox 1352 1632 1434 1680; x_wconf 88' lang='lat' dir='ltr'>solent</span> 
     </span>
     <span class='ocr_line' id='line_1_19' title="bbox 113 1699 1432 1767; baseline 0.002 -18"><span class='ocrx_word' id='word_1_197' title='bbox 113 1699 227 1762; x_wconf 86' lang='lat' dir='ltr'>incipere</span> <span class='ocrx_word' id='word_1_198' title='bbox 240 1699 381 1764; x_wconf 87' lang='lat' dir='ltr'>philesophi</span> <span class='ocrx_word' id='word_1_199' title='bbox 398 1701 577 1766; x_wconf 87' lang='lat' dir='ltr'>philosophari,</span> <span class='ocrx_word' id='word_1_200' title='bbox 595 1711 622 1752; x_wconf 88' lang='lat' dir='ltr'>et</span> <span class='ocrx_word' id='word_1_201' title='bbox 633 1718 683 1752; x_wconf 90' lang='lat' dir='ltr'>non</span> <span class='ocrx_word' id='word_1_202' title='bbox 693 1703 851 1767; x_wconf 86' lang='lat' dir='ltr'>Kepleriana</span> <span class='ocrx_word' id='word_1_203' title='bbox 862 1703 976 1755; x_wconf 87' lang='lat' dir='ltr'>doctrina</span> <span class='ocrx_word' id='word_1_204' title='bbox 992 1703 1148 1751; x_wconf 70' lang='lat' dir='ltr'>occasionem</span> <span class='ocrx_word' id='word_1_205' title='bbox 1166 1700 1278 1752; x_wconf 87' lang='lat' dir='ltr'>methodi</span> <span class='ocrx_word' id='word_1_206' title='bbox 1296 1701 1432 1752; x_wconf 88' lang='lat' dir='ltr'>indivisibi-</span> 
     </span>
     <span class='ocr_line' id='line_1_20' title="bbox 114 1769 1431 1839; baseline 0.004 -22"><span class='ocrx_word' id='word_1_207' title='bbox 114 1771 180 1818; x_wconf 86' lang='lat' dir='ltr'>lium</span> <span class='ocrx_word' id='word_1_208' title='bbox 198 1769 363 1821; x_wconf 83' lang='lat' dir='ltr'>inveniendae</span> <span class='ocrx_word' id='word_1_209' title='bbox 382 1787 414 1822; x_wconf 90' lang='lat' dir='ltr'>ea</span> <span class='ocrx_word' id='word_1_210' title='bbox 426 1772 531 1830; x_wconf 89' lang='lat' dir='ltr'>ratione,</span> <span class='ocrx_word' id='word_1_211' title='bbox 551 1787 601 1839; x_wconf 87' lang='lat' dir='ltr'>qua</span> <span class='ocrx_word' id='word_1_212' title='bbox 617 1775 644 1822; x_wconf 92' lang='grc' dir='ltr'>ιιι</span> <span class='ocrx_word' id='word_1_213' title='bbox 664 1775 776 1837; x_wconf 82' lang='lat' dir='ltr'>ejusdem</span> <span class='ocrx_word' id='word_1_214' title='bbox 794 1775 949 1839; x_wconf 73' lang='lat' dir='ltr'>praelatione</span> <span class='ocrx_word' id='word_1_215' title='bbox 969 1775 1089 1838; x_wconf 87' lang='lat' dir='ltr'>aperitur,</span> <span class='ocrx_word' id='word_1_216' title='bbox 1106 1773 1168 1821; x_wconf 90' lang='lat' dir='ltr'>mihi</span> <span class='ocrx_word' id='word_1_217' title='bbox 1187 1773 1390 1838; x_wconf 76' lang='lat' dir='ltr'>suppeditavit..</span> <span class='ocrx_word' id='word_1_218' title='bbox 1404 1809 1431 1822; x_wconf 84' lang='lat'>..</span> 
     </span>
     <span class='ocr_line' id='line_1_21' title="bbox 112 1839 1433 1907; baseline 0.002 -17"><span class='ocrx_word' id='word_1_219' title='bbox 112 1839 168 1890; x_wconf 86' lang='lat' dir='ltr'>Sed</span> <span class='ocrx_word' id='word_1_220' title='bbox 187 1848 248 1898; x_wconf 89' lang='lat' dir='ltr'>esto,</span> <span class='ocrx_word' id='word_1_221' title='bbox 268 1840 333 1905; x_wconf 90' lang='lat' dir='ltr'>qnod</span> <span class='ocrx_word' id='word_1_222' title='bbox 352 1843 453 1894; x_wconf 83' lang='lat' dir='ltr'>Guldinl</span> <span class='ocrx_word' id='word_1_223' title='bbox 472 1847 584 1894; x_wconf 90' lang='lat' dir='ltr'>rationes</span> <span class='ocrx_word' id='word_1_224' title='bbox 611 1845 748 1895; x_wconf 84' lang='lat' dir='ltr'>efficaciter</span> <span class='ocrx_word' id='word_1_225' title='bbox 772 1845 928 1902; x_wconf 85' lang='lat' dir='ltr'>convincant,</span> <span class='ocrx_word' id='word_1_226' title='bbox 953 1860 993 1895; x_wconf 90' lang='lat' dir='ltr'>me</span> <span class='ocrx_word' id='word_1_227' title='bbox 1019 1858 1050 1894; x_wconf 91' lang='lat' dir='ltr'>ex</span> <span class='ocrx_word' id='word_1_228' title='bbox 1067 1844 1178 1907; x_wconf 86' lang='lat' dir='ltr'>Keplero</span> <span class='ocrx_word' id='word_1_229' title='bbox 1197 1841 1239 1903; x_wconf 86' lang='lat' dir='ltr'>(ac</span> <span class='ocrx_word' id='word_1_230' title='bbox 1258 1840 1361 1906; x_wconf 81' lang='lat' dir='ltr'>Severo)</span> <span class='ocrx_word' id='word_1_231' title='bbox 1380 1857 1433 1893; x_wconf 89' lang='lat' dir='ltr'>me·</span> 
     </span>
     <span class='ocr_line' id='line_1_22' title="bbox 114 1909 1432 1980; baseline 0.004 -21"><span class='ocrx_word' id='word_1_232' title='bbox 114 1913 222 1960; x_wconf 89' lang='lat' dir='ltr'>thodum</span> <span class='ocrx_word' id='word_1_233' title='bbox 241 1909 453 1964; x_wconf 89' lang='lat' dir='ltr'>indivisibilium&#39;</span> <span class='ocrx_word' id='word_1_234' title='bbox 446 1917 580 1974; x_wconf 79' lang='lat' dir='ltr'>invenisse,</span> <span class='ocrx_word' id='word_1_235' title='bbox 597 1923 699 1980; x_wconf 89' lang='lat' dir='ltr'>propter</span> <span class='ocrx_word' id='word_1_236' title='bbox 721 1916 831 1980; x_wconf 90' lang='lat' dir='ltr'>aliquam</span> <span class='ocrx_word' id='word_1_237' title='bbox 856 1917 1064 1972; x_wconf 90' lang='lat' dir='ltr'>convenientiam,</span> <span class='ocrx_word' id='word_1_238' title='bbox 1083 1926 1158 1980; x_wconf 87' lang='lat' dir='ltr'>qnam</span> <span class='ocrx_word' id='word_1_239' title='bbox 1176 1929 1235 1964; x_wconf 90' lang='lat' dir='ltr'>mea</span> <span class='ocrx_word' id='word_1_240' title='bbox 1252 1915 1350 1966; x_wconf 85' lang='lat' dir='ltr'>infinita</span> <span class='ocrx_word' id='word_1_241' title='bbox 1368 1915 1432 1964; x_wconf 91' lang='lat' dir='ltr'>indi·</span> 
     </span>
     <span class='ocr_line' id='line_1_23' title="bbox 114 1982 1468 2072; baseline 0.001 -40"><span class='ocrx_word' id='word_1_242' title='bbox 114 1982 226 2032; x_wconf 88' lang='lat' dir='ltr'>visibilia</span> <span class='ocrx_word' id='word_1_243' title='bbox 244 1999 300 2032; x_wconf 91' lang='lat' dir='ltr'>cum</span> <span class='ocrx_word' id='word_1_244' title='bbox 318 1987 489 2035; x_wconf 89' lang='lat' dir='ltr'>minutissimis</span> <span class='ocrx_word' id='word_1_245' title='bbox 514 1992 540 2035; x_wconf 95' lang='lat' dir='ltr'>et</span> <span class='ocrx_word' id='word_1_246' title='bbox 557 1987 660 2037; x_wconf 86' lang='lat' dir='ltr'>infinitis</span> <span class='ocrx_word' id='word_1_247' title='bbox 686 1987 828 2072; x_wconf 78' lang='lat' dir='ltr'>corporibus</span> <span class='ocrx_word' id='word_1_248' title='bbox 845 1987 1006 2058; x_wconf 84' lang='lat' dir='ltr'>Keplerianis</span> <span class='ocrx_word' id='word_1_249' title='bbox 1024 1985 1117 2034; x_wconf 88' lang='lat' dir='ltr'>habere</span> <span class='ocrx_word' id='word_1_250' title='bbox 1136 1984 1258 2036; x_wconf 90' lang='lat' dir='ltr'>videntur.</span> <span class='ocrx_word' id='word_1_251' title='bbox 1294 1985 1353 2036; x_wconf 89' lang='lat' dir='ltr'>Pari</span> <span class='ocrx_word' id='word_1_252' title='bbox 1372 2000 1432 2050; x_wconf 90' lang='lat' dir='ltr'>ergo</span> <span class='ocrx_word' id='word_1_253' title='bbox 1462 2042 1468 2061; x_wconf 43' lang='grc'>1</span> 
     </span>
     <span class='ocr_line' id='line_1_24' title="bbox 113 2055 1433 2123; baseline 0.004 -22"><span class='ocrx_word' id='word_1_254' title='bbox 113 2055 213 2102; x_wconf 84' lang='lat' dir='ltr'>ratione</span> <span class='ocrx_word' id='word_1_255' title='bbox 232 2055 373 2120; x_wconf 89' lang='lat' dir='ltr'>ubicunque</span> <span class='ocrx_word' id='word_1_256' title='bbox 393 2058 458 2105; x_wconf 90' lang='lat' dir='ltr'>inter</span> <span class='ocrx_word' id='word_1_257' title='bbox 476 2055 579 2106; x_wconf 85' lang='lat' dir='ltr'>duorum</span> <span class='ocrx_word' id='word_1_258' title='bbox 598 2066 712 2107; x_wconf 89' lang='lat' dir='ltr'>autorum</span> <span class='ocrx_word' id='word_1_259' title='bbox 724 2059 847 2123; x_wconf 91' lang='lat' dir='ltr'>principia</span> <span class='ocrx_word' id='word_1_260' title='bbox 859 2065 981 2122; x_wconf 81' lang='lat' dir='ltr'>appareat</span> <span class='ocrx_word' id='word_1_261' title='bbox 993 2058 1079 2122; x_wconf 90' lang='lat' dir='ltr'>aliqua</span> <span class='ocrx_word' id='word_1_262' title='bbox 1096 2057 1241 2116; x_wconf 88' lang='lat' dir='ltr'>similitudo,</span> <span class='ocrx_word' id='word_1_263' title='bbox 1259 2064 1319 2108; x_wconf 88' lang='lat' dir='ltr'>tunc</span> <span class='ocrx_word' id='word_1_264' title='bbox 1332 2057 1433 2106; x_wconf 88' lang='lat' dir='ltr'>eviden-</span> 
     </span>
     <span class='ocr_line' id='line_1_25' title="bbox 113 2125 1431 2214; baseline 0.003 -42"><span class='ocrx_word' id='word_1_265' title='bbox 113 2133 156 2173; x_wconf 88' lang='lat' dir='ltr'>ter</span> <span class='ocrx_word' id='word_1_266' title='bbox 179 2125 327 2175; x_wconf 87' lang='lat' dir='ltr'>concludere</span> <span class='ocrx_word' id='word_1_267' title='bbox 353 2130 497 2189; x_wconf 79' lang='lat' dir='ltr'>poterimus,</span> <span class='ocrx_word' id='word_1_268' title='bbox 523 2143 595 2186; x_wconf 91' lang='lat' dir='ltr'>eum,</span> <span class='ocrx_word' id='word_1_269' title='bbox 620 2131 662 2193; x_wconf 90' lang='lat' dir='ltr'>qui</span> <span class='ocrx_word' id='word_1_270' title='bbox 687 2131 810 2194; x_wconf 87' lang='lat' dir='ltr'>posterius</span> <span class='ocrx_word' id='word_1_271' title='bbox 835 2132 947 2193; x_wconf 90' lang='lat' dir='ltr'>scripsit,</span> <span class='ocrx_word' id='word_1_272' title='bbox 972 2143 1004 2178; x_wconf 89' lang='lat' dir='ltr'>ex</span> <span class='ocrx_word' id='word_1_273' title='bbox 1026 2129 1102 2214; x_wconf 82' lang='lat' dir='ltr'>priori</span> <span class='ocrx_word' id='word_1_274' title='bbox 1127 2125 1277 2178; x_wconf 88' lang='lat' dir='ltr'>desumsisse</span> <span class='ocrx_word' id='word_1_275' title='bbox 1301 2129 1431 2193; x_wconf 89' lang='lat' dir='ltr'>principia.</span> 
     </span>
     <span class='ocr_line' id='line_1_26' title="bbox 113 2194 1432 2264; baseline 0.003 -22"><span class='ocrx_word' id='word_1_276' title='bbox 113 2194 226 2254; x_wconf 85' lang='lat' dir='ltr'>Qualem</span> <span class='ocrx_word' id='word_1_277' title='bbox 245 2211 305 2260; x_wconf 88' lang='lat' dir='ltr'>ergo</span> <span class='ocrx_word' id='word_1_278' title='bbox 323 2199 488 2262; x_wconf 86' lang='lat' dir='ltr'>suspicionem</span> <span class='ocrx_word' id='word_1_279' title='bbox 506 2199 626 2248; x_wconf 89' lang='lat' dir='ltr'>subiret&#39;</span> <span class='ocrx_word' id='word_1_280' title='bbox 620 2213 712 2264; x_wconf 81' lang='lat' dir='ltr'>ipse</span> <span class='ocrx_word' id='word_1_281' title='bbox 690 2199 821 2258; x_wconf 84' lang='lat' dir='ltr'>Guldinus,</span> <span class='ocrx_word' id='word_1_282' title='bbox 849 2204 919 2262; x_wconf 86' lang='lat' dir='ltr'>cujus</span> <span class='ocrx_word' id='word_1_283' title='bbox 937 2201 1060 2264; x_wconf 85' lang='lat' dir='ltr'>principia</span> <span class='ocrx_word' id='word_1_284' title='bbox 1077 2212 1124 2246; x_wconf 88' lang='lat' dir='ltr'>seu</span> <span class='ocrx_word' id='word_1_285' title='bbox 1142 2199 1233 2263; x_wconf 87' lang='lat' dir='ltr'>regula</span> <span class='ocrx_word' id='word_1_286' title='bbox 1250 2198 1412 2264; x_wconf 67' lang='lat' dir='ltr'>generalia·</span> <span class='ocrx_word' id='word_1_287' title='bbox 1405 2213 1432 2246; x_wconf 92' lang='grc' dir='ltr'>ιιι</span> 
     </span>
     <span class='ocr_line' id='line_1_27' title="bbox 113 2267 1431 2335; baseline 0.005 -23"><span class='ocrx_word' id='word_1_288' title='bbox 113 2280 167 2329; x_wconf 86' lang='lat' dir='ltr'>que</span> <span class='ocrx_word' id='word_1_289' title='bbox 184 2274 239 2314; x_wconf 85' lang='lat' dir='ltr'>tcta</span> <span class='ocrx_word' id='word_1_290' title='bbox 263 2268 331 2316; x_wconf 92' lang='lat' dir='ltr'>illius</span> <span class='ocrx_word' id='word_1_291' title='bbox 352 2267 538 2332; x_wconf 80' lang='lat' dir='ltr'>Centrobaryca</span> <span class='ocrx_word' id='word_1_292' title='bbox 560 2271 679 2320; x_wconf 89' lang='lat' dir='ltr'>fundatur</span> <span class='ocrx_word' id='word_1_293' title='bbox 697 2268 742 2331; x_wconf 88' lang='grc' dir='ltr'>(ιι,</span> <span class='ocrx_word' id='word_1_294' title='bbox 759 2271 777 2320; x_wconf 89' lang='lat'><em>8</em></span> <span class='ocrx_word' id='word_1_295' title='bbox 794 2285 864 2335; x_wconf 93' lang='lat' dir='ltr'>prop.</span> <span class='ocrx_word' id='word_1_296' title='bbox 883 2269 915 2320; x_wconf 84' lang='lat'>3:</span> <span class='ocrx_word' id='word_1_297' title='bbox 941 2273 1083 2335; x_wconf 81' lang='lat' dir='ltr'>,quantitas</span> <span class='ocrx_word' id='word_1_298' title='bbox 1107 2269 1213 2318; x_wconf 88' lang='lat' dir='ltr'>rotunde</span> <span class='ocrx_word' id='word_1_299' title='bbox 1231 2271 1257 2318; x_wconf 94' lang='lat' dir='ltr'>ln</span> <span class='ocrx_word' id='word_1_300' title='bbox 1275 2271 1342 2318; x_wconf 90' lang='lat' dir='ltr'>viam</span> <span class='ocrx_word' id='word_1_301' title='bbox 1363 2277 1431 2318; x_wconf 87' lang='lat' dir='ltr'>rota·</span> 
     </span>
     <span class='ocr_line' id='line_1_28' title="bbox 113 2337 1431 2406; baseline 0.002 -21"><span class='ocrx_word' id='word_1_302' title='bbox 113 2339 192 2386; x_wconf 89' lang='lat' dir='ltr'>tionis</span> <span class='ocrx_word' id='word_1_303' title='bbox 225 2337 302 2386; x_wconf 81' lang='lat' dir='ltr'>ducta</span> <span class='ocrx_word' id='word_1_304' title='bbox 330 2337 445 2402; x_wconf 87' lang='lat' dir='ltr'>producit</span> <span class='ocrx_word' id='word_1_305' title='bbox 471 2347 621 2403; x_wconf 87' lang='lat' dir='ltr'>potestatem</span> <span class='ocrx_word' id='word_1_306' title='bbox 645 2343 777 2391; x_wconf 87' lang='lat' dir='ltr'>retundam</span> <span class='ocrx_word' id='word_1_307' title='bbox 802 2355 851 2391; x_wconf 90' lang='lat' dir='ltr'>uno</span> <span class='ocrx_word' id='word_1_308' title='bbox 881 2341 962 2406; x_wconf 86' lang='lat' dir='ltr'>gradu</span> <span class='ocrx_word' id='word_1_309' title='bbox 986 2343 1101 2391; x_wconf 84' lang='lat' dir='ltr'>altiorem</span> <span class='ocrx_word' id='word_1_310' title='bbox 1127 2349 1251 2404; x_wconf 84' lang='lat' dir='ltr'>potestate</span> <span class='ocrx_word' id='word_1_311' title='bbox 1275 2342 1327 2389; x_wconf 90' lang='lat' dir='ltr'>sive</span> <span class='ocrx_word' id='word_1_312' title='bbox 1353 2353 1431 2404; x_wconf 92' lang='lat' dir='ltr'>quan·</span> 
     </span>
     <span class='ocr_line' id='line_1_29' title="bbox 113 2409 1432 2476; baseline 0.002 -21"><span class='ocrx_word' id='word_1_313' title='bbox 113 2411 190 2456; x_wconf 89' lang='lat' dir='ltr'>titate</span> <span class='ocrx_word' id='word_1_314' title='bbox 209 2409 329 2470; x_wconf 82' lang='lat' dir='ltr'>rotata“),</span> <span class='ocrx_word' id='word_1_315' title='bbox 348 2410 410 2460; x_wconf 86' lang='lat' dir='ltr'>adeo</span> <span class='ocrx_word' id='word_1_316' title='bbox 428 2413 555 2476; x_wconf 88' lang='lat' dir='ltr'>principiis</span> <span class='ocrx_word' id='word_1_317' title='bbox 573 2412 678 2476; x_wconf 81' lang='lat' dir='ltr'>Kepleri</span> <span class='ocrx_word' id='word_1_318' title='bbox 698 2415 724 2462; x_wconf 93' lang='lat' dir='ltr'>in</span> <span class='ocrx_word' id='word_1_319' title='bbox 743 2412 808 2463; x_wconf 86' lang='lat' dir='ltr'>Ster.</span> <span class='ocrx_word' id='word_1_320' title='bbox 827 2414 884 2462; x_wconf 86' lang='lat' dir='ltr'>Del.</span> <span class='ocrx_word' id='word_1_321' title='bbox 904 2412 1022 2462; x_wconf 86' lang='lat' dir='ltr'>adhibitis</span> <span class='ocrx_word' id='word_1_322' title='bbox 1041 2413 1220 2469; x_wconf 65' lang='lat' dir='ltr'>assimilantur,</span> <span class='ocrx_word' id='word_1_323' title='bbox 1239 2419 1276 2470; x_wconf 90' lang='lat' dir='ltr'>ut,</span> <span class='ocrx_word' id='word_1_324' title='bbox 1294 2412 1360 2475; x_wconf 92' lang='lat' dir='ltr'>quod</span> <span class='ocrx_word' id='word_1_325' title='bbox 1378 2413 1432 2474; x_wconf 86' lang='lat' dir='ltr'>ipsa</span> 
     </span>
     <span class='ocr_line' id='line_1_30' title="bbox 111 2479 1432 2548; baseline 0.004 -24"><span class='ocrx_word' id='word_1_326' title='bbox 111 2479 260 2541; x_wconf 79' lang='lat' dir='ltr'>specialiter</span> <span class='ocrx_word' id='word_1_327' title='bbox 278 2479 311 2529; x_wconf 90' lang='lat' dir='ltr'>ibi</span> <span class='ocrx_word' id='word_1_328' title='bbox 329 2482 445 2540; x_wconf 80' lang='lat' dir='ltr'>tradidit,</span> <span class='ocrx_word' id='word_1_329' title='bbox 470 2489 568 2532; x_wconf 91' lang='lat' dir='ltr'>tantum</span> <span class='ocrx_word' id='word_1_330' title='bbox 592 2485 768 2532; x_wconf 86' lang='lat' dir='ltr'>universaliter</span> <span class='ocrx_word' id='word_1_331' title='bbox 792 2495 929 2548; x_wconf 89' lang='lat' dir='ltr'>appareat,</span> <span class='ocrx_word' id='word_1_332' title='bbox 948 2483 1089 2532; x_wconf 83' lang='lat' dir='ltr'>extendisse</span> <span class='ocrx_word' id='word_1_333' title='bbox 1109 2483 1259 2540; x_wconf 85' lang='lat' dir='ltr'>Guldinum;</span> <span class='ocrx_word' id='word_1_334' title='bbox 1285 2480 1350 2545; x_wconf 91' lang='lat' dir='ltr'>qnod</span> <span class='ocrx_word' id='word_1_335' title='bbox 1368 2481 1432 2532; x_wconf 88' lang='lat' dir='ltr'>hacc</span> 
     </span>
     <span class='ocr_line' id='line_1_31' title="bbox 111 2550 1432 2618; baseline 0.003 -22"><span class='ocrx_word' id='word_1_336' title='bbox 111 2550 171 2598; x_wconf 92' lang='lat' dir='ltr'>loca</span> <span class='ocrx_word' id='word_1_337' title='bbox 190 2551 302 2611; x_wconf 87' lang='lat' dir='ltr'>ejusdem</span> <span class='ocrx_word' id='word_1_338' title='bbox 319 2552 424 2615; x_wconf 90' lang='lat' dir='ltr'>Kepleri</span> <span class='ocrx_word' id='word_1_339' title='bbox 451 2554 617 2603; x_wconf 86' lang='lat' dir='ltr'>consideranti</span> <span class='ocrx_word' id='word_1_340' title='bbox 639 2556 799 2604; x_wconf 84' lang='lat' dir='ltr'>manifestum</span> <span class='ocrx_word' id='word_1_341' title='bbox 818 2556 862 2604; x_wconf 87' lang='lat' dir='ltr'>liet</span> <span class='ocrx_word' id='word_1_342' title='bbox 880 2551 971 2614; x_wconf 80' lang='lat' dir='ltr'>(theor.</span> <span class='ocrx_word' id='word_1_343' title='bbox 990 2551 1102 2615; x_wconf 74' lang='lat' dir='ltr'>xum).</span> <span class='ocrx_word' id='word_1_344' title='bbox 1139 2553 1233 2602; x_wconf 87' lang='lat' dir='ltr'>Videat</span> <span class='ocrx_word' id='word_1_345' title='bbox 1249 2553 1336 2616; x_wconf 77' lang='lat' dir='ltr'>lector,</span> <span class='ocrx_word' id='word_1_346' title='bbox 1355 2565 1432 2618; x_wconf 86' lang='lat' dir='ltr'>quam</span> 
     </span>
     <span class='ocr_line' id='line_1_32' title="bbox 112 2619 1432 2688; baseline 0.002 -19"><span class='ocrx_word' id='word_1_347' title='bbox 112 2619 179 2669; x_wconf 84' lang='lat' dir='ltr'>hacc</span> <span class='ocrx_word' id='word_1_348' title='bbox 204 2623 254 2670; x_wconf 90' lang='lat' dir='ltr'>sint</span> <span class='ocrx_word' id='word_1_349' title='bbox 272 2623 365 2672; x_wconf 88' lang='lat' dir='ltr'>similia</span> <span class='ocrx_word' id='word_1_350' title='bbox 392 2631 418 2673; x_wconf 93' lang='lat' dir='ltr'>et</span> <span class='ocrx_word' id='word_1_351' title='bbox 435 2637 510 2688; x_wconf 84' lang='lat' dir='ltr'>quam</span> <span class='ocrx_word' id='word_1_352' title='bbox 534 2625 609 2674; x_wconf 88' lang='lat' dir='ltr'>facile</span> <span class='ocrx_word' id='word_1_353' title='bbox 624 2628 698 2686; x_wconf 79' lang='lat' dir='ltr'>juxta</span> <span class='ocrx_word' id='word_1_354' title='bbox 721 2639 833 2675; x_wconf 89' lang='lat' dir='ltr'>normam</span> <span class='ocrx_word' id='word_1_355' title='bbox 852 2626 884 2675; x_wconf 91' lang='lat' dir='ltr'>ab</span> <span class='ocrx_word' id='word_1_356' title='bbox 903 2640 932 2674; x_wconf 94' lang='lat' dir='ltr'>eo</span> <span class='ocrx_word' id='word_1_357' title='bbox 952 2625 1070 2674; x_wconf 85' lang='lat' dir='ltr'>traditam</span> <span class='ocrx_word' id='word_1_358' title='bbox 1089 2623 1220 2687; x_wconf 86' lang='lat' dir='ltr'>dijudicari</span> <span class='ocrx_word' id='word_1_359' title='bbox 1239 2630 1331 2688; x_wconf 87' lang='lat' dir='ltr'>posset,</span> <span class='ocrx_word' id='word_1_360' title='bbox 1349 2625 1432 2687; x_wconf 86' lang='lat' dir='ltr'>ipsum</span> 
     </span>
     <span class='ocr_line' id='line_1_33' title="bbox 112 2691 1431 2760; baseline 0.001 -21"><span class='ocrx_word' id='word_1_361' title='bbox 112 2705 147 2740; x_wconf 90' lang='lat' dir='ltr'>ex</span> <span class='ocrx_word' id='word_1_362' title='bbox 166 2691 278 2754; x_wconf 89' lang='lat' dir='ltr'>Keplero</span> <span class='ocrx_word' id='word_1_363' title='bbox 304 2694 383 2742; x_wconf 87' lang='lat' dir='ltr'>talem</span> <span class='ocrx_word' id='word_1_364' title='bbox 408 2695 523 2760; x_wconf 88' lang='lat' dir='ltr'>regulam</span> <span class='ocrx_word' id='word_1_365' title='bbox 547 2695 594 2744; x_wconf 87' lang='lat' dir='ltr'>sibl</span> <span class='ocrx_word' id='word_1_366' title='bbox 618 2698 792 2746; x_wconf 87' lang='lat' dir='ltr'>construxisse.</span> <span class='ocrx_word' id='word_1_367' title='bbox 834 2696 889 2745; x_wconf 84' lang='lat' dir='ltr'>Hoc</span> <span class='ocrx_word' id='word_1_368' title='bbox 913 2710 970 2748; x_wconf 89' lang='lat' dir='ltr'>vero</span> <span class='ocrx_word' id='word_1_369' title='bbox 997 2696 1104 2760; x_wconf 87' lang='lat' dir='ltr'>amplius</span> <span class='ocrx_word' id='word_1_370' title='bbox 1130 2696 1319 2744; x_wconf 81' lang='lat' dir='ltr'>continuaretur</span> <span class='ocrx_word' id='word_1_371' title='bbox 1343 2707 1374 2744; x_wconf 85' lang='lat' dir='ltr'>ex</span> <span class='ocrx_word' id='word_1_372' title='bbox 1392 2706 1431 2751; x_wconf 91' lang='lat' dir='ltr'>eo,</span> 
     </span>
     <span class='ocr_line' id='line_1_34' title="bbox 111 2763 1431 2840; baseline 0.004 -31"><span class='ocrx_word' id='word_1_373' title='bbox 111 2763 181 2826; x_wconf 91' lang='lat' dir='ltr'>quod</span> <span class='ocrx_word' id='word_1_374' title='bbox 199 2763 291 2812; x_wconf 88' lang='lat' dir='ltr'>nedum</span> <span class='ocrx_word' id='word_1_375' title='bbox 309 2765 399 2829; x_wconf 91' lang='lat' dir='ltr'>regula</span> <span class='ocrx_word' id='word_1_376' title='bbox 417 2766 461 2816; x_wconf 91' lang='lat' dir='ltr'>sed</span> <span class='ocrx_word' id='word_1_377' title='bbox 480 2769 595 2824; x_wconf 81' lang='lat' dir='ltr'>stratio,</span> <span class='ocrx_word' id='word_1_378' title='bbox 614 2779 689 2840; x_wconf 86' lang='lat' dir='ltr'>qnam</span> <span class='ocrx_word' id='word_1_379' title='bbox 707 2767 781 2816; x_wconf 82' lang='lat' dir='ltr'>affert</span> <span class='ocrx_word' id='word_1_380' title='bbox 799 2769 911 2831; x_wconf 85' lang='lat' dir='ltr'>ejusdem</span> <span class='ocrx_word' id='word_1_381' title='bbox 930 2767 1044 2832; x_wconf 83' lang='lat' dir='ltr'>regulae,</span> <span class='ocrx_word' id='word_1_382' title='bbox 1073 2767 1253 2832; x_wconf 85' lang='lat' dir='ltr'>qualiscunque</span> <span class='ocrx_word' id='word_1_383' title='bbox 1272 2767 1313 2822; x_wconf 86' lang='grc' dir='ltr'>ιιι,</span> <span class='ocrx_word' id='word_1_384' title='bbox 1333 2764 1431 2814; x_wconf 87' lang='lat' dir='ltr'>similli-</span> 
     </span>
     <span class='ocr_line' id='line_1_35' title="bbox 112 2834 413 2898; baseline 0.014 -17"><span class='ocrx_word' id='word_1_385' title='bbox 112 2847 157 2882; x_wconf 89' lang='lat' dir='ltr'>ma</span> <span class='ocrx_word' id='word_1_386' title='bbox 176 2841 216 2882; x_wconf 84' lang='lat' dir='ltr'>esc</span> <span class='ocrx_word' id='word_1_387' title='bbox 233 2834 413 2898; x_wconf 87' lang='lat' dir='ltr'>Kepleriauac.</span> 
     </span>
    </p>

    <p class='ocr_par' dir='ltr' id='par_1_5' title="bbox 111 2870 1431 3188">
     <span class='ocr_line' id='line_1_36' title="bbox 204 2870 1431 2994; baseline 0 -40"><span class='ocrx_word' id='word_1_388' title='bbox 204 2905 257 2969; x_wconf 86' lang='lat' dir='ltr'>ligo</span> <span class='ocrx_word' id='word_1_389' title='bbox 282 2913 365 2955; x_wconf 85' lang='lat' dir='ltr'>tamen</span> <span class='ocrx_word' id='word_1_390' title='bbox 393 2909 500 2956; x_wconf 87' lang='lat' dir='ltr'>Guldino</span> <span class='ocrx_word' id='word_1_391' title='bbox 524 2909 588 2958; x_wconf 89' lang='lat' dir='ltr'>talia</span> <span class='ocrx_word' id='word_1_392' title='bbox 611 2921 721 2994; x_wconf 83' lang='lat' dir='ltr'>unquam</span> <span class='ocrx_word' id='word_1_393' title='bbox 746 2923 795 2958; x_wconf 91' lang='lat' dir='ltr'>non</span> <span class='ocrx_word' id='word_1_394' title='bbox 818 2870 972 2972; x_wconf 78' lang='lat' dir='ltr'>objecissem,</span> <span class='ocrx_word' id='word_1_395' title='bbox 991 2922 1071 2973; x_wconf 88' lang='lat' dir='ltr'>neque</span> <span class='ocrx_word' id='word_1_396' title='bbox 1090 2908 1158 2957; x_wconf 89' lang='lat' dir='ltr'>enim</span> <span class='ocrx_word' id='word_1_397' title='bbox 1176 2908 1311 2957; x_wconf 89' lang='lat' dir='ltr'>inventoris</span> <span class='ocrx_word' id='word_1_398' title='bbox 1329 2905 1431 2955; x_wconf 88' lang='lat' dir='ltr'>laudem</span> 
     </span>
     <span class='ocr_line' id='line_1_37' title="bbox 112 2976 1430 3046; baseline 0.003 -25"><span class='ocrx_word' id='word_1_399' title='bbox 112 2976 217 3024; x_wconf 88' lang='lat' dir='ltr'>omniuo</span> <span class='ocrx_word' id='word_1_400' title='bbox 235 2976 323 3026; x_wconf 87' lang='lat' dir='ltr'>tollere</span> <span class='ocrx_word' id='word_1_401' title='bbox 342 2978 480 3042; x_wconf 90' lang='lat' dir='ltr'>putandum</span> <span class='ocrx_word' id='word_1_402' title='bbox 499 2987 546 3037; x_wconf 87' lang='lat' dir='ltr'>est,</span> <span class='ocrx_word' id='word_1_403' title='bbox 567 2979 657 3046; x_wconf 91' lang='lat' dir='ltr'>quod&#39;</span> <span class='ocrx_word' id='word_1_404' title='bbox 650 2981 728 3043; x_wconf 82' lang='lat' dir='ltr'>ipsius</span> <span class='ocrx_word' id='word_1_405' title='bbox 747 2981 841 3030; x_wconf 89' lang='lat' dir='ltr'>inventi</span> <span class='ocrx_word' id='word_1_406' title='bbox 858 2981 921 3029; x_wconf 91' lang='lat' dir='ltr'>rude</span> <span class='ocrx_word' id='word_1_407' title='bbox 940 2979 1041 3044; x_wconf 88' lang='lat' dir='ltr'>aliquod</span> <span class='ocrx_word' id='word_1_408' title='bbox 1054 2978 1183 3042; x_wconf 89' lang='lat' dir='ltr'>exemplar</span> <span class='ocrx_word' id='word_1_409' title='bbox 1201 2979 1291 3026; x_wconf 83' lang='lat' dir='ltr'>artifex</span> <span class='ocrx_word' id='word_1_410' title='bbox 1309 2983 1430 3042; x_wconf 80' lang='lat' dir='ltr'>praeceg-</span> 
     </span>
     <span class='ocr_line' id='line_1_38' title="bbox 111 3046 1431 3112; baseline 0.001 -18"><span class='ocrx_word' id='word_1_411' title='bbox 111 3049 219 3096; x_wconf 80' lang='lat' dir='ltr'>noverit.</span> <span class='ocrx_word' id='word_1_412' title='bbox 261 3046 403 3108; x_wconf 80' lang='lat' dir='ltr'>Quinimmo</span> <span class='ocrx_word' id='word_1_413' title='bbox 432 3065 464 3099; x_wconf 88' lang='lat' dir='ltr'>ea</span> <span class='ocrx_word' id='word_1_414' title='bbox 488 3050 639 3100; x_wconf 83' lang='lat' dir='ltr'>videturs</span> <span class='ocrx_word' id='word_1_415' title='bbox 613 3065 667 3100; x_wconf 89' lang='lat' dir='ltr'>esse</span> <span class='ocrx_word' id='word_1_416' title='bbox 694 3051 807 3100; x_wconf 79' lang='lat' dir='ltr'>infimae</span> <span class='ocrx_word' id='word_1_417' title='bbox 830 3050 959 3101; x_wconf 89' lang='lat' dir='ltr'>hominum</span> <span class='ocrx_word' id='word_1_418' title='bbox 983 3051 1074 3099; x_wconf 90' lang='lat' dir='ltr'>mentis</span> <span class='ocrx_word' id='word_1_419' title='bbox 1099 3049 1215 3104; x_wconf 90' lang='lat' dir='ltr'>conditio,</span> <span class='ocrx_word' id='word_1_420' title='bbox 1234 3055 1263 3097; x_wconf 90' lang='lat' dir='ltr'>nt</span> <span class='ocrx_word' id='word_1_421' title='bbox 1280 3051 1328 3098; x_wconf 89' lang='lat' dir='ltr'>nisi</span> <span class='ocrx_word' id='word_1_422' title='bbox 1347 3049 1431 3112; x_wconf 91' lang='lat' dir='ltr'>aliquo</span> 
     </span>
     <span class='ocr_line' id='line_1_39' title="bbox 111 3118 1250 3188; baseline 0.003 -24"><span class='ocrx_word' id='word_1_423' title='bbox 111 3118 277 3184; x_wconf 49' lang='lat' dir='ltr'>extrinsecus,</span> <span class='ocrx_word' id='word_1_424' title='bbox 288 3129 467 3182; x_wconf 88' lang='lat' dir='ltr'>praemonente</span> <span class='ocrx_word' id='word_1_425' title='bbox 485 3124 633 3180; x_wconf 88' lang='lat' dir='ltr'>excitentur,</span> <span class='ocrx_word' id='word_1_426' title='bbox 652 3136 729 3186; x_wconf 80' lang='lat' dir='ltr'>aegre</span> <span class='ocrx_word' id='word_1_427' title='bbox 748 3121 883 3187; x_wconf 87' lang='lat' dir='ltr'>quidquam</span> <span class='ocrx_word' id='word_1_428' title='bbox 903 3123 999 3188; x_wconf 78' lang='lat' dir='ltr'>egregii</span> <span class='ocrx_word' id='word_1_429' title='bbox 1018 3122 1129 3170; x_wconf 90' lang='lat' dir='ltr'>invenire</span> <span class='ocrx_word' id='word_1_430' title='bbox 1148 3121 1250 3183; x_wconf 84' lang='lat' dir='ltr'>possint.</span> 
     </span>
    </p>

    <p class='ocr_par' dir='ltr' id='par_1_6' title="bbox 57 3189 1433 3752">
     <span class='ocr_line' id='line_1_40' title="bbox 204 3189 1431 3257; baseline 0.001 -21"><span class='ocrx_word' id='word_1_431' title='bbox 204 3189 358 3249; x_wconf 68' lang='lat' dir='ltr'>...L‘Quod</span> <span class='ocrx_word' id='word_1_432' title='bbox 376 3205 423 3256; x_wconf 89' lang='lat' dir='ltr'>ego</span> <span class='ocrx_word' id='word_1_433' title='bbox 441 3195 517 3242; x_wconf 92' lang='lat' dir='ltr'>innuo</span> <span class='ocrx_word' id='word_1_434' title='bbox 536 3194 561 3242; x_wconf 93' lang='grc' dir='ltr'>ιιι</span> <span class='ocrx_word' id='word_1_435' title='bbox 580 3195 736 3257; x_wconf 78' lang='lat' dir='ltr'>praefatione</span> <span class='ocrx_word' id='word_1_436' title='bbox 754 3207 827 3243; x_wconf 90' lang='lat' dir='ltr'>meae</span> <span class='ocrx_word' id='word_1_437' title='bbox 839 3195 1009 3250; x_wconf 87' lang='lat' dir='ltr'>Geometriae,</span> <span class='ocrx_word' id='word_1_438' title='bbox 1027 3207 1076 3242; x_wconf 90' lang='lat' dir='ltr'>non</span> <span class='ocrx_word' id='word_1_439' title='bbox 1095 3199 1134 3240; x_wconf 89' lang='lat' dir='ltr'>est</span> <span class='ocrx_word' id='word_1_440' title='bbox 1152 3203 1192 3240; x_wconf 90' lang='lat' dir='ltr'>me</span> <span class='ocrx_word' id='word_1_441' title='bbox 1211 3203 1299 3238; x_wconf 88' lang='lat' dir='ltr'>ansam</span> <span class='ocrx_word' id='word_1_442' title='bbox 1316 3195 1343 3240; x_wconf 91' lang='lat' dir='ltr'>et</span> <span class='ocrx_word' id='word_1_443' title='bbox 1359 3203 1431 3238; x_wconf 87' lang='lat' dir='ltr'>occa-</span> 
     </span>
     <span class='ocr_line' id='line_1_41' title="bbox 111 3261 1433 3326; baseline 0.002 -20"><span class='ocrx_word' id='word_1_444' title='bbox 111 3261 210 3308; x_wconf 87' lang='lat' dir='ltr'>sionem</span> <span class='ocrx_word' id='word_1_445' title='bbox 229 3262 362 3324; x_wconf 86' lang='lat' dir='ltr'>arripuisse</span> <span class='ocrx_word' id='word_1_446' title='bbox 382 3277 412 3312; x_wconf 81' lang='grc' dir='ltr'>ιι</span> <span class='ocrx_word' id='word_1_447' title='bbox 430 3263 542 3326; x_wconf 89' lang='lat' dir='ltr'>Keplero</span> <span class='ocrx_word' id='word_1_448' title='bbox 560 3279 642 3313; x_wconf 90' lang='lat' dir='ltr'>meam</span> <span class='ocrx_word' id='word_1_449' title='bbox 661 3264 806 3314; x_wconf 86' lang='lat' dir='ltr'>methodum</span> <span class='ocrx_word' id='word_1_450' title='bbox 824 3266 975 3323; x_wconf 86' lang='lat' dir='ltr'>inveniendi,</span> <span class='ocrx_word' id='word_1_451' title='bbox 996 3263 1042 3312; x_wconf 89' lang='lat' dir='ltr'>sed</span> <span class='ocrx_word' id='word_1_452' title='bbox 1059 3269 1157 3312; x_wconf 89' lang='lat' dir='ltr'>tautum</span> <span class='ocrx_word' id='word_1_453' title='bbox 1171 3261 1201 3311; x_wconf 89' lang='lat' dir='ltr'>de</span> <span class='ocrx_word' id='word_1_454' title='bbox 1212 3274 1245 3310; x_wconf 91' lang='lat' dir='ltr'>ea</span> <span class='ocrx_word' id='word_1_455' title='bbox 1258 3263 1312 3324; x_wconf 75' lang='lat' dir='ltr'>lam</span> <span class='ocrx_word' id='word_1_456' title='bbox 1330 3261 1433 3310; x_wconf 87' lang='lat' dir='ltr'>inventa</span> 
     </span>
     <span class='ocr_line' id='line_1_42' title="bbox 57 3330 1432 3400; baseline 0.003 -24"><span class='ocrx_word' id='word_1_457' title='bbox 57 3339 65 3354; x_wconf 92' lang='lat'><strong>·</strong></span> <span class='ocrx_word' id='word_1_458' title='bbox 111 3330 255 3392; x_wconf 89' lang='lat' dir='ltr'>periculum</span> <span class='ocrx_word' id='word_1_459' title='bbox 278 3333 387 3382; x_wconf 85' lang='lat' dir='ltr'>faciendi</span> <span class='ocrx_word' id='word_1_460' title='bbox 411 3337 437 3382; x_wconf 92' lang='lat' dir='ltr'>in</span> <span class='ocrx_word' id='word_1_461' title='bbox 462 3337 492 3384; x_wconf 90' lang='lat' dir='ltr'>iis</span> <span class='ocrx_word' id='word_1_462' title='bbox 517 3335 617 3392; x_wconf 88' lang='lat' dir='ltr'>solidis,</span> <span class='ocrx_word' id='word_1_463' title='bbox 641 3350 706 3400; x_wconf 90' lang='lat' dir='ltr'>quae</span> <span class='ocrx_word' id='word_1_464' title='bbox 731 3351 748 3385; x_wconf 86' lang='lat' dir='ltr'>a</span> <span class='ocrx_word' id='word_1_465' title='bbox 764 3336 875 3400; x_wconf 87' lang='lat' dir='ltr'>Keplero</span> <span class='ocrx_word' id='word_1_466' title='bbox 899 3338 926 3386; x_wconf 95' lang='grc' dir='ltr'>ιιι</span> <span class='ocrx_word' id='word_1_467' title='bbox 943 3349 990 3385; x_wconf 88' lang='lat' dir='ltr'>sua</span> <span class='ocrx_word' id='word_1_468' title='bbox 1008 3335 1187 3384; x_wconf 81' lang='lat' dir='ltr'>stereometria</span> <span class='ocrx_word' id='word_1_469' title='bbox 1204 3333 1306 3381; x_wconf 88' lang='lat' dir='ltr'>fucrant</span> <span class='ocrx_word' id='word_1_470' title='bbox 1322 3331 1432 3396; x_wconf 90' lang='lat' dir='ltr'>promul·</span> 
     </span>
     <span class='ocr_line' id='line_1_43' title="bbox 111 3401 1432 3470; baseline 0.002 -21"><span class='ocrx_word' id='word_1_471' title='bbox 111 3411 184 3464; x_wconf 82' lang='lat' dir='ltr'>gata.</span> <span class='ocrx_word' id='word_1_472' title='bbox 199 3438 204 3448; x_wconf 95' lang='lat'>.</span> <span class='ocrx_word' id='word_1_473' title='bbox 219 3436 226 3449; x_wconf 95' lang='lat'>.</span> <span class='ocrx_word' id='word_1_474' title='bbox 241 3437 269 3450; x_wconf 91' lang='lat'>..</span> <span class='ocrx_word' id='word_1_475' title='bbox 306 3401 341 3449; x_wconf 83' lang='lat' dir='ltr'>At</span> <span class='ocrx_word' id='word_1_476' title='bbox 358 3405 379 3451; x_wconf 92' lang='lat' dir='ltr'>si</span> <span class='ocrx_word' id='word_1_477' title='bbox 399 3403 505 3468; x_wconf 87' lang='lat' dir='ltr'>denique</span> <span class='ocrx_word' id='word_1_478' title='bbox 525 3407 687 3457; x_wconf 87' lang='lat' dir='ltr'>concederem</span> <span class='ocrx_word' id='word_1_479' title='bbox 700 3407 817 3464; x_wconf 87' lang='lat' dir='ltr'>Guldino,</span> <span class='ocrx_word' id='word_1_480' title='bbox 836 3406 901 3470; x_wconf 91' lang='lat' dir='ltr'>quod</span> <span class='ocrx_word' id='word_1_481' title='bbox 920 3407 994 3456; x_wconf 90' lang='lat' dir='ltr'>toties</span> <span class='ocrx_word' id='word_1_482' title='bbox 1006 3405 1126 3462; x_wconf 88' lang='lat' dir='ltr'>inculcat,</span> <span class='ocrx_word' id='word_1_483' title='bbox 1145 3418 1235 3466; x_wconf 90' lang='lat' dir='ltr'>nempe</span> <span class='ocrx_word' id='word_1_484' title='bbox 1253 3402 1317 3452; x_wconf 89' lang='lat' dir='ltr'>mibi</span> <span class='ocrx_word' id='word_1_485' title='bbox 1336 3403 1432 3466; x_wconf 89' lang='lat' dir='ltr'>aliquid</span> 
     </span>
     <span class='ocr_line' id='line_1_44' title="bbox 74 3471 1431 3540; baseline 0.002 -21"><span class='ocrx_word' id='word_1_486' title='bbox 74 3529 77 3536; x_wconf 61' lang='lat'>.</span> <span class='ocrx_word' id='word_1_487' title='bbox 111 3473 216 3521; x_wconf 88' lang='lat' dir='ltr'>luminis</span> <span class='ocrx_word' id='word_1_488' title='bbox 236 3487 267 3520; x_wconf 88' lang='lat' dir='ltr'>ex</span> <span class='ocrx_word' id='word_1_489' title='bbox 285 3471 401 3535; x_wconf 91' lang='lat' dir='ltr'>operibus</span> <span class='ocrx_word' id='word_1_490' title='bbox 420 3475 525 3538; x_wconf 86' lang='lat' dir='ltr'>Kepleri</span> <span class='ocrx_word' id='word_1_491' title='bbox 545 3471 582 3534; x_wconf 87' lang='lat' dir='ltr'>(et</span> <span class='ocrx_word' id='word_1_492' title='bbox 600 3474 696 3538; x_wconf 85' lang='lat' dir='ltr'>Severi)</span> <span class='ocrx_word' id='word_1_493' title='bbox 710 3476 895 3540; x_wconf 83' lang='lat' dir='ltr'>suppeditatum</span> <span class='ocrx_word' id='word_1_494' title='bbox 908 3479 985 3526; x_wconf 89' lang='lat' dir='ltr'>fuisse</span> <span class='ocrx_word' id='word_1_495' title='bbox 1005 3471 1082 3540; x_wconf 91' lang='lat' dir='ltr'>(qnod</span> <span class='ocrx_word' id='word_1_496' title='bbox 1093 3485 1179 3524; x_wconf 75' lang='grc' dir='ltr'>ιιιιιιιι</span> <span class='ocrx_word' id='word_1_497' title='bbox 1192 3475 1290 3524; x_wconf 89' lang='lat' dir='ltr'>omnino</span> <span class='ocrx_word' id='word_1_498' title='bbox 1303 3473 1431 3538; x_wconf 68' lang='lat' dir='ltr'>negaturi:</span> 
     </span>
     <span class='ocr_line' id='line_1_45' title="bbox 110 3543 1431 3609; baseline 0.003 -19"><span class='ocrx_word' id='word_1_499' title='bbox 110 3553 185 3590; x_wconf 81' lang='lat' dir='ltr'>estne</span> <span class='ocrx_word' id='word_1_500' title='bbox 204 3543 269 3592; x_wconf 88' lang='lat' dir='ltr'>haec</span> <span class='ocrx_word' id='word_1_501' title='bbox 287 3544 379 3606; x_wconf 74' lang='lat' dir='ltr'>(plano</span> <span class='ocrx_word' id='word_1_502' title='bbox 396 3547 522 3608; x_wconf 88' lang='lat' dir='ltr'>parallela</span> <span class='ocrx_word' id='word_1_503' title='bbox 539 3545 711 3608; x_wconf 74' lang='lat' dir='ltr'>indivisibilia)</span> <span class='ocrx_word' id='word_1_504' title='bbox 730 3550 920 3596; x_wconf 74' lang='lat' dir='ltr'>summatenus</span> <span class='ocrx_word' id='word_1_505' title='bbox 939 3547 1038 3596; x_wconf 82' lang='lat' dir='ltr'>artificii</span> <span class='ocrx_word' id='word_1_506' title='bbox 1051 3546 1155 3609; x_wconf 86' lang='lat' dir='ltr'>hujusce</span> <span class='ocrx_word' id='word_1_507' title='bbox 1173 3545 1303 3594; x_wconf 81' lang='lat' dir='ltr'>methodii</span> <span class='ocrx_word' id='word_1_508' title='bbox 1330 3544 1431 3608; x_wconf 81' lang='lat' dir='ltr'>Nequa-</span> 
     </span>
     <span class='ocr_line' id='line_1_46' title="bbox 110 3615 1431 3682; baseline 0.002 -20"><span class='ocrx_word' id='word_1_509' title='bbox 110 3628 197 3677; x_wconf 89' lang='lat' dir='ltr'>quam.</span> <span class='ocrx_word' id='word_1_510' title='bbox 216 3615 254 3662; x_wconf 86' lang='lat' dir='ltr'>Ea</span> <span class='ocrx_word' id='word_1_511' title='bbox 272 3617 339 3664; x_wconf 90' lang='lat' dir='ltr'>euim</span> <span class='ocrx_word' id='word_1_512' title='bbox 358 3617 450 3665; x_wconf 90' lang='lat' dir='ltr'>sterilis</span> <span class='ocrx_word' id='word_1_513' title='bbox 463 3624 489 3665; x_wconf 93' lang='lat' dir='ltr'>et</span> <span class='ocrx_word' id='word_1_514' title='bbox 501 3617 652 3669; x_wconf 87' lang='lat' dir='ltr'>infoecunda</span> <span class='ocrx_word' id='word_1_515' title='bbox 670 3617 849 3682; x_wconf 87' lang='lat' dir='ltr'>quodammodo</span> <span class='ocrx_word' id='word_1_516' title='bbox 867 3620 1037 3675; x_wconf 87' lang='lat' dir='ltr'>remansisset,</span> <span class='ocrx_word' id='word_1_517' title='bbox 1057 3619 1103 3665; x_wconf 89' lang='lat' dir='ltr'>nisi</span> <span class='ocrx_word' id='word_1_518' title='bbox 1117 3618 1206 3664; x_wconf 88' lang='lat' dir='ltr'>miram</span> <span class='ocrx_word' id='word_1_519' title='bbox 1219 3615 1301 3666; x_wconf 89' lang='lat' dir='ltr'>eidem</span> <span class='ocrx_word' id='word_1_520' title='bbox 1314 3617 1431 3666; x_wconf 81' lang='lat' dir='ltr'>fertilita-</span> 
     </span>
     <span class='ocr_line' id='line_1_47' title="bbox 110 3685 1431 3752; baseline 0.001 -19"><span class='ocrx_word' id='word_1_521' title='bbox 110 3693 166 3734; x_wconf 87' lang='lat' dir='ltr'>tem</span> <span class='ocrx_word' id='word_1_522' title='bbox 186 3685 330 3734; x_wconf 86' lang='lat' dir='ltr'>attulissent</span> <span class='ocrx_word' id='word_1_523' title='bbox 347 3686 511 3738; x_wconf 84' lang='lat' dir='ltr'>admirandae</span> <span class='ocrx_word' id='word_1_524' title='bbox 530 3688 655 3752; x_wconf 88' lang='lat' dir='ltr'>quaedam</span> <span class='ocrx_word' id='word_1_525' title='bbox 672 3690 852 3752; x_wconf 90' lang='lat' dir='ltr'>propositiones</span> <span class='ocrx_word' id='word_1_526' title='bbox 870 3690 982 3752; x_wconf 71' lang='lat' dir='ltr'>ejsudem</span> <span class='ocrx_word' id='word_1_527' title='bbox 999 3688 1155 3752; x_wconf 88' lang='lat' dir='ltr'>peculiarem</span> <span class='ocrx_word' id='word_1_528' title='bbox 1171 3701 1244 3735; x_wconf 89' lang='lat' dir='ltr'>usum</span> <span class='ocrx_word' id='word_1_529' title='bbox 1263 3686 1431 3736; x_wconf 88' lang='lat' dir='ltr'>declarantes.</span> 
     </span>
    </p>
   </div>
   <div class='ocr_carea' id='block_1_4' title="bbox 108 3772 1432 4194">
    <p class='ocr_par' dir='ltr' id='par_1_7' title="bbox 108 3772 1432 4194">
     <span class='ocr_line' id='line_1_48' title="bbox 201 3772 1431 3838; baseline -0.002 -16"><span class='ocrx_word' id='word_1_530' title='bbox 201 3772 230 3822; x_wconf 92' lang='lat' dir='ltr'>ln</span> <span class='ocrx_word' id='word_1_531' title='bbox 249 3777 406 3837; x_wconf 77' lang='lat' dir='ltr'>praefatione</span> <span class='ocrx_word' id='word_1_532' title='bbox 424 3776 554 3826; x_wconf 81' lang='lat' dir='ltr'>adGeom.</span> <span class='ocrx_word' id='word_1_533' title='bbox 573 3775 764 3826; x_wconf 79' lang='lat' dir='ltr'>Indicisibilium</span> <span class='ocrx_word' id='word_1_534' title='bbox 783 3775 930 3826; x_wconf 80' lang='lat' dir='ltr'>Cavalerlus</span> <span class='ocrx_word' id='word_1_535' title='bbox 949 3777 1012 3826; x_wconf 88' lang='lat' dir='ltr'>baec</span> <span class='ocrx_word' id='word_1_536' title='bbox 1030 3774 1061 3824; x_wconf 90' lang='lat' dir='ltr'>de</span> <span class='ocrx_word' id='word_1_537' title='bbox 1080 3773 1185 3838; x_wconf 88' lang='lat' dir='ltr'>Kepleri</span> <span class='ocrx_word' id='word_1_538' title='bbox 1204 3773 1324 3824; x_wconf 87' lang='lat' dir='ltr'>Stereom.</span> <span class='ocrx_word' id='word_1_539' title='bbox 1344 3772 1431 3821; x_wconf 83' lang='lat' dir='ltr'>affert:</span> 
     </span>
     <span class='ocr_line' id='line_1_49' title="bbox 111 3840 1431 3910; baseline 0 -17"><span class='ocrx_word' id='word_1_540' title='bbox 111 3845 285 3907; x_wconf 81' lang='lat' dir='ltr'>„Propositum</span> <span class='ocrx_word' id='word_1_541' title='bbox 314 3847 374 3897; x_wconf 89' lang='lat' dir='ltr'>mihi</span> <span class='ocrx_word' id='word_1_542' title='bbox 400 3853 451 3904; x_wconf 85' lang='lat' dir='ltr'>est,</span> <span class='ocrx_word' id='word_1_543' title='bbox 478 3849 504 3897; x_wconf 92' lang='grc' dir='ltr'>ιιι</span> <span class='ocrx_word' id='word_1_544' title='bbox 527 3847 566 3896; x_wconf 82' lang='grc' dir='ltr'>ιιι</span> <span class='ocrx_word' id='word_1_545' title='bbox 591 3840 609 3896; x_wconf 80' lang='grc'><strong>7</strong></span> <span class='ocrx_word' id='word_1_546' title='bbox 634 3846 703 3896; x_wconf 85' lang='grc' dir='ltr'>ιιιιιι</span> <span class='ocrx_word' id='word_1_547' title='bbox 729 3847 861 3910; x_wconf 87' lang='lat' dir='ltr'>planarum</span> <span class='ocrx_word' id='word_1_548' title='bbox 884 3855 911 3896; x_wconf 90' lang='lat' dir='ltr'>et</span> <span class='ocrx_word' id='word_1_549' title='bbox 928 3847 1063 3898; x_wconf 85' lang='lat' dir='ltr'>solidarum</span> <span class='ocrx_word' id='word_1_550' title='bbox 1090 3846 1227 3909; x_wconf 86' lang='lat' dir='ltr'>figurarum</span> <span class='ocrx_word' id='word_1_551' title='bbox 1251 3845 1431 3894; x_wconf 79' lang='lat' dir='ltr'>diruemiouem</span> 
     </span>
     <span class='ocr_line' id='line_1_50' title="bbox 109 3914 1430 3982; baseline 0.002 -19"><span class='ocrx_word' id='word_1_552' title='bbox 109 3916 273 3974; x_wconf 89' lang='lat' dir='ltr'>adinvenire,</span> <span class='ocrx_word' id='word_1_553' title='bbox 292 3931 396 3980; x_wconf 90' lang='lat' dir='ltr'>quarum</span> <span class='ocrx_word' id='word_1_554' title='bbox 422 3917 523 3982; x_wconf 89' lang='lat' dir='ltr'>aliquae</span> <span class='ocrx_word' id='word_1_555' title='bbox 542 3920 619 3967; x_wconf 89' lang='lat' dir='ltr'>etiam</span> <span class='ocrx_word' id='word_1_556' title='bbox 637 3918 670 3966; x_wconf 91' lang='lat' dir='ltr'>ab</span> <span class='ocrx_word' id='word_1_557' title='bbox 688 3918 760 3975; x_wconf 88' lang='lat' dir='ltr'>aliis,</span> <span class='ocrx_word' id='word_1_558' title='bbox 784 3932 814 3967; x_wconf 90' lang='lat' dir='ltr'>ac</span> <span class='ocrx_word' id='word_1_559' title='bbox 836 3920 970 3982; x_wconf 89' lang='lat' dir='ltr'>praecipue</span> <span class='ocrx_word' id='word_1_560' title='bbox 990 3918 1022 3967; x_wconf 86' lang='lat' dir='ltr'>ab</span> <span class='ocrx_word' id='word_1_561' title='bbox 1041 3915 1143 3966; x_wconf 81' lang='lat' dir='ltr'>Euclide</span> <span class='ocrx_word' id='word_1_562' title='bbox 1161 3921 1187 3965; x_wconf 92' lang='lat' dir='ltr'>et</span> <span class='ocrx_word' id='word_1_563' title='bbox 1206 3914 1355 3965; x_wconf 79' lang='lat' dir='ltr'>Archimede</span> <span class='ocrx_word' id='word_1_564' title='bbox 1374 3930 1430 3978; x_wconf 91' lang='lat' dir='ltr'>per·</span> 
     </span>
     <span class='ocr_line' id='line_1_51' title="bbox 108 3987 1431 4072; baseline 0.002 -39"><span class='ocrx_word' id='word_1_565' title='bbox 108 3993 236 4034; x_wconf 85' lang='lat' dir='ltr'>tractatae</span> <span class='ocrx_word' id='word_1_566' title='bbox 260 3989 377 4045; x_wconf 77' lang='lat' dir='ltr'>inierunt,</span> <span class='ocrx_word' id='word_1_567' title='bbox 402 3987 515 4052; x_wconf 86' lang='lat' dir='ltr'>reiquae</span> <span class='ocrx_word' id='word_1_568' title='bbox 539 4004 597 4038; x_wconf 86' lang='lat' dir='ltr'>vero</span> <span class='ocrx_word' id='word_1_569' title='bbox 621 3990 728 4046; x_wconf 88' lang='lat' dir='ltr'>nemini,</span> <span class='ocrx_word' id='word_1_570' title='bbox 747 3990 812 4054; x_wconf 91' lang='lat' dir='ltr'>qnod</span> <span class='ocrx_word' id='word_1_571' title='bbox 834 3991 927 4048; x_wconf 73' lang='lat' dir='ltr'>¹sciam,</span> <span class='ocrx_word' id='word_1_572' title='bbox 951 3989 1079 4072; x_wconf 81' lang='lat' dir='ltr'>hucusque</span> <span class='ocrx_word' id='word_1_573' title='bbox 1099 3994 1255 4044; x_wconf 87' lang='lat' dir='ltr'>attentatae,</span> <span class='ocrx_word' id='word_1_574' title='bbox 1279 4001 1328 4034; x_wconf 92' lang='lat' dir='ltr'>uno</span> <span class='ocrx_word' id='word_1_575' title='bbox 1346 3993 1431 4036; x_wconf 76' lang='grc' dir='ltr'>ιιιιιοιι</span> 
     </span>
     <span class='ocr_line' id='line_1_52' title="bbox 109 4057 1431 4127; baseline 0 -21"><span class='ocrx_word' id='word_1_576' title='bbox 109 4065 215 4127; x_wconf 78' lang='lat' dir='ltr'>excepto</span> <span class='ocrx_word' id='word_1_577' title='bbox 228 4057 348 4121; x_wconf 80' lang='lat' dir='ltr'>Keplero,</span> <span class='ocrx_word' id='word_1_578' title='bbox 366 4075 409 4124; x_wconf 89' lang='lat' dir='ltr'>qm</span> <span class='ocrx_word' id='word_1_579' title='bbox 421 4073 552 4110; x_wconf 83' lang='lat' dir='ltr'>occasione</span> <span class='ocrx_word' id='word_1_580' title='bbox 571 4061 631 4110; x_wconf 87' lang='lat' dir='ltr'>doln</span> <span class='ocrx_word' id='word_1_581' title='bbox 643 4061 768 4110; x_wconf 83' lang='lat' dir='ltr'>Austrlacr</span> <span class='ocrx_word' id='word_1_582' title='bbox 786 4075 831 4124; x_wconf 91' lang='lat' dir='ltr'>per</span> <span class='ocrx_word' id='word_1_583' title='bbox 844 4062 938 4126; x_wconf 89' lang='lat' dir='ltr'>virgam</span> <span class='ocrx_word' id='word_1_584' title='bbox 957 4061 1107 4109; x_wconf 86' lang='lat' dir='ltr'>mensoriam</span> <span class='ocrx_word' id='word_1_585' title='bbox 1126 4057 1281 4114; x_wconf 86' lang='lat' dir='ltr'>dimetiendi,</span> <span class='ocrx_word' id='word_1_586' title='bbox 1299 4062 1431 4120; x_wconf 86' lang='lat' dir='ltr'>postquam</span> 
     </span>
     <span class='ocr_line' id='line_1_53' title="bbox 109 4128 1432 4194; baseline 0.002 -20"><span class='ocrx_word' id='word_1_587' title='bbox 109 4130 136 4175; x_wconf 92' lang='grc' dir='ltr'>ιιι</span> <span class='ocrx_word' id='word_1_588' title='bbox 163 4143 210 4176; x_wconf 88' lang='lat' dir='ltr'>sua</span> <span class='ocrx_word' id='word_1_589' title='bbox 228 4129 407 4180; x_wconf 82' lang='lat' dir='ltr'>stereometria</span> <span class='ocrx_word' id='word_1_590' title='bbox 424 4131 592 4180; x_wconf 79' lang='lat' dir='ltr'>Archimedes</span> <span class='ocrx_word' id='word_1_591' title='bbox 617 4133 750 4180; x_wconf 87' lang='lat' dir='ltr'>summarie</span> <span class='ocrx_word' id='word_1_592' title='bbox 770 4133 853 4194; x_wconf 88' lang='lat' dir='ltr'>ipsius</span> <span class='ocrx_word' id='word_1_593' title='bbox 879 4131 1036 4181; x_wconf 78' lang='lat' dir='ltr'>Archimedis</span> <span class='ocrx_word' id='word_1_594' title='bbox 1061 4130 1197 4179; x_wconf 86' lang='lat' dir='ltr'>adinventa</span> <span class='ocrx_word' id='word_1_595' title='bbox 1221 4128 1298 4177; x_wconf 80' lang='lat' dir='ltr'>sibi·</span> <span class='ocrx_word' id='word_1_596' title='bbox 1293 4135 1432 4191; x_wconf 86' lang='lat' dir='ltr'>opportuna</span> 
     </span>
    </p>
   </div>
   <div class='ocr_carea' id='block_1_5' title="bbox 23 4189 1431 4268">
    <p class='ocr_par' dir='ltr' id='par_1_8' title="bbox 23 4189 1431 4268">
     <span class='ocr_line' id='line_1_54' title="bbox 23 4189 1431 4268; baseline 0.001 -22"><span class='ocrx_word' id='word_1_597' title='bbox 23 4247 25 4268; x_wconf 55' lang='grc' dir='ltr'>Ι</span> <span class='ocrx_word' id='word_1_598' title='bbox 109 4201 250 4258; x_wconf 87' lang='lat' dir='ltr'>recensuit,</span> <span class='ocrx_word' id='word_1_599' title='bbox 269 4203 338 4250; x_wconf 91' lang='lat' dir='ltr'>novis</span> <span class='ocrx_word' id='word_1_600' title='bbox 357 4201 509 4266; x_wconf 88' lang='lat' dir='ltr'>aliquando,</span> <span class='ocrx_word' id='word_1_601' title='bbox 532 4203 718 4268; x_wconf 90' lang='lat' dir='ltr'>qualescunque</span> <span class='ocrx_word' id='word_1_602' title='bbox 744 4203 807 4260; x_wconf 92' lang='lat' dir='ltr'>sint,</span> <span class='ocrx_word' id='word_1_603' title='bbox 833 4189 936 4264; x_wconf 74' lang='lat' dir='ltr'>adiectis</span> <span class='ocrx_word' id='word_1_604' title='bbox 962 4199 1114 4259; x_wconf 88' lang='lat' dir='ltr'>rationibus,</span> <span class='ocrx_word' id='word_1_605' title='bbox 1139 4199 1239 4250; x_wconf 77' lang='grc' dir='ltr'>ιιιιιιιιιι</span> <span class='ocrx_word' id='word_1_606' title='bbox 1259 4207 1431 4260; x_wconf 86' lang='lat' dir='ltr'>campartem</span> 
     </span>
    </p>
   </div>
   <div class='ocr_carea' id='block_1_6' title="bbox 108 4267 1431 4690">
    <p class='ocr_par' dir='ltr' id='par_1_9' title="bbox 108 4267 1431 4690">
     <span class='ocr_line' id='line_1_55' title="bbox 109 4267 1431 4337; baseline 0.002 -22"><span class='ocrx_word' id='word_1_607' title='bbox 109 4270 292 4331; x_wconf 84' lang='lat' dir='ltr'>superaddidit,</span> <span class='ocrx_word' id='word_1_608' title='bbox 302 4273 576 4337; x_wconf 88' lang='lat' dir='ltr'>quamStereomctriae</span> <span class='ocrx_word' id='word_1_609' title='bbox 591 4273 773 4323; x_wconf 89' lang='lat' dir='ltr'>Arclrimedeae</span> <span class='ocrx_word' id='word_1_610' title='bbox 786 4273 985 4336; x_wconf 87' lang='lat' dir='ltr'>supplementum</span> <span class='ocrx_word' id='word_1_611' title='bbox 998 4273 1175 4336; x_wconf 89' lang='lat' dir='ltr'>nuncupavit,</span> <span class='ocrx_word' id='word_1_612' title='bbox 1168 4287 1193 4320; x_wconf 91' lang='grc' dir='ltr'>ιιι</span> <span class='ocrx_word' id='word_1_613' title='bbox 1204 4283 1254 4334; x_wconf 88' lang='lat' dir='ltr'>qua</span> <span class='ocrx_word' id='word_1_614' title='bbox 1265 4267 1431 4331; x_wconf 86' lang='lat' dir='ltr'>multiplicem</span> 
     </span>
     <span class='ocr_line' id='line_1_56' title="bbox 108 4340 1431 4411; baseline 0.002 -24"><span class='ocrx_word' id='word_1_615' title='bbox 108 4343 248 4390; x_wconf 86' lang='lat' dir='ltr'>sectionum</span> <span class='ocrx_word' id='word_1_616' title='bbox 268 4345 418 4402; x_wconf 78' lang='lat' dir='ltr'>coclearum,</span> <span class='ocrx_word' id='word_1_617' title='bbox 438 4346 523 4394; x_wconf 91' lang='lat' dir='ltr'>circuli</span> <span class='ocrx_word' id='word_1_618' title='bbox 536 4359 635 4408; x_wconf 87' lang='lat' dir='ltr'>nempe,</span> <span class='ocrx_word' id='word_1_619' title='bbox 653 4344 798 4411; x_wconf 89' lang='lat' dir='ltr'>parabolae,</span> <span class='ocrx_word' id='word_1_620' title='bbox 816 4344 968 4408; x_wconf 85' lang='lat' dir='ltr'>hyperbolae</span> <span class='ocrx_word' id='word_1_621' title='bbox 988 4351 1014 4394; x_wconf 90' lang='lat' dir='ltr'>et</span> <span class='ocrx_word' id='word_1_622' title='bbox 1032 4343 1139 4408; x_wconf 89' lang='lat' dir='ltr'>ellipsis,</span> <span class='ocrx_word' id='word_1_623' title='bbox 1162 4355 1208 4390; x_wconf 90' lang='lat' dir='ltr'>uec</span> <span class='ocrx_word' id='word_1_624' title='bbox 1226 4355 1275 4389; x_wconf 91' lang='lat' dir='ltr'>non</span> <span class='ocrx_word' id='word_1_625' title='bbox 1294 4340 1431 4390; x_wconf 89' lang='lat' dir='ltr'>earundem</span> 
     </span>
     <span class='ocr_line' id='line_1_57' title="bbox 109 4407 1430 4482; baseline 0.002 -24"><span class='ocrx_word' id='word_1_626' title='bbox 109 4413 251 4472; x_wconf 85' lang='lat' dir='ltr'>portionum</span> <span class='ocrx_word' id='word_1_627' title='bbox 277 4415 344 4464; x_wconf 86' lang='lat' dir='ltr'>circa</span> <span class='ocrx_word' id='word_1_628' title='bbox 367 4415 477 4465; x_wconf 87' lang='lat' dir='ltr'>diversos</span> <span class='ocrx_word' id='word_1_629' title='bbox 502 4430 561 4466; x_wconf 90' lang='lat' dir='ltr'>axes</span> <span class='ocrx_word' id='word_1_630' title='bbox 586 4417 765 4465; x_wconf 87' lang='lat' dir='ltr'>revolutionem</span> <span class='ocrx_word' id='word_1_631' title='bbox 790 4417 985 4482; x_wconf 87' lang='lat' dir='ltr'>contemplatus,</span> <span class='ocrx_word' id='word_1_632' title='bbox 1009 4414 1089 4465; x_wconf 92' lang='lat' dir='ltr'>solida</span> <span class='ocrx_word' id='word_1_633' title='bbox 1112 4426 1214 4461; x_wconf 88' lang='lat' dir='ltr'>numero</span> <span class='ocrx_word' id='word_1_634' title='bbox 1233 4407 1276 4470; x_wconf 82' lang='lat'>87,</span> <span class='ocrx_word' id='word_1_635' title='bbox 1295 4413 1430 4475; x_wconf 75' lang='lat' dir='ltr'>praetere</span> 
     </span>
     <span class='ocr_line' id='line_1_58' title="bbox 110 4483 1431 4572; baseline 0.002 -43"><span class='ocrx_word' id='word_1_636' title='bbox 110 4483 289 4542; x_wconf 80' lang='lat' dir='ltr'>Archimeden,</span> <span class='ocrx_word' id='word_1_637' title='bbox 308 4489 442 4548; x_wconf 85' lang='lat' dir='ltr'>geometris</span> <span class='ocrx_word' id='word_1_638' title='bbox 460 4501 580 4552; x_wconf 88' lang='lat' dir='ltr'>perquam</span> <span class='ocrx_word' id='word_1_639' title='bbox 599 4487 711 4572; x_wconf 85' lang='lat' dir='ltr'>eleganti</span> <span class='ocrx_word' id='word_1_640' title='bbox 729 4487 860 4551; x_wconf 88' lang='lat' dir='ltr'>praeconio</span> <span class='ocrx_word' id='word_1_641' title='bbox 872 4487 1047 4552; x_wconf 87' lang='lat' dir='ltr'>promulgavit</span> <span class='ocrx_word' id='word_1_642' title='bbox 1076 4484 1139 4533; x_wconf 86' lang='lat' dir='ltr'>Cum</span> <span class='ocrx_word' id='word_1_643' title='bbox 1151 4497 1211 4548; x_wconf 88' lang='lat' dir='ltr'>ergo</span> <span class='ocrx_word' id='word_1_644' title='bbox 1221 4483 1274 4544; x_wconf 80' lang='lat' dir='ltr'>jam</span> <span class='ocrx_word' id='word_1_645' title='bbox 1293 4484 1431 4546; x_wconf 87' lang='lat' dir='ltr'>expositam</span> 
     </span>
     <span class='ocr_line' id='line_1_59' title="bbox 110 4553 1418 4622; baseline 0.001 -21"><span class='ocrx_word' id='word_1_646' title='bbox 110 4553 294 4606; x_wconf 85' lang='lat' dir='ltr'>metiendamm</span> <span class='ocrx_word' id='word_1_647' title='bbox 312 4557 450 4622; x_wconf 85' lang='lat' dir='ltr'>figurarum</span> <span class='ocrx_word' id='word_1_648' title='bbox 469 4572 566 4616; x_wconf 87' lang='grc' dir='ltr'>ιιοιιιιιι,</span> <span class='ocrx_word' id='word_1_649' title='bbox 586 4571 616 4608; x_wconf 88' lang='lat' dir='ltr'>ac</span> <span class='ocrx_word' id='word_1_650' title='bbox 628 4561 649 4607; x_wconf 89' lang='lat' dir='ltr'>si</span> <span class='ocrx_word' id='word_1_651' title='bbox 669 4558 752 4607; x_wconf 87' lang='lat' dir='ltr'>dicere</span> <span class='ocrx_word' id='word_1_652' title='bbox 771 4559 866 4615; x_wconf 89' lang='lat' dir='ltr'>fassit,</span> <span class='ocrx_word' id='word_1_653' title='bbox 885 4559 958 4608; x_wconf 90' lang='lat' dir='ltr'>valde</span> <span class='ocrx_word' id='word_1_654' title='bbox 978 4555 1177 4620; x_wconf 88' lang='lat' dir='ltr'>compendiosam</span> <span class='ocrx_word' id='word_1_655' title='bbox 1195 4554 1339 4603; x_wconf 90' lang='lat' dir='ltr'>methodum</span> <span class='ocrx_word' id='word_1_656' title='bbox 1358 4553 1418 4602; x_wconf 90' lang='lat' dir='ltr'>adin</span> 
     </span>
     <span class='ocr_line' id='line_1_60' title="bbox 110 4624 1430 4690; baseline 0.002 -19"><span class='ocrx_word' id='word_1_657' title='bbox 110 4625 246 4682; x_wconf 87' lang='lat' dir='ltr'>venissem,</span> <span class='ocrx_word' id='word_1_658' title='bbox 266 4627 373 4677; x_wconf 78' lang='lat' dir='ltr'>feliciter</span> <span class='ocrx_word' id='word_1_659' title='bbox 394 4643 493 4678; x_wconf 89' lang='lat' dir='ltr'>mecum</span> <span class='ocrx_word' id='word_1_660' title='bbox 512 4637 595 4678; x_wconf 83' lang='lat' dir='ltr'>actum</span> <span class='ocrx_word' id='word_1_661' title='bbox 609 4643 664 4679; x_wconf 88' lang='lat' dir='ltr'>esse</span> <span class='ocrx_word' id='word_1_662' title='bbox 678 4629 825 4686; x_wconf 90' lang='lat' dir='ltr'>existimavi,</span> <span class='ocrx_word' id='word_1_663' title='bbox 843 4636 872 4677; x_wconf 92' lang='lat' dir='ltr'>ut</span> <span class='ocrx_word' id='word_1_664' title='bbox 887 4630 953 4680; x_wconf 88' lang='lat' dir='ltr'>haec</span> <span class='ocrx_word' id='word_1_665' title='bbox 971 4629 1059 4684; x_wconf 90' lang='lat' dir='ltr'>solida,</span> <span class='ocrx_word' id='word_1_666' title='bbox 1077 4633 1177 4690; x_wconf 88' lang='lat' dir='ltr'>praeter</span> <span class='ocrx_word' id='word_1_667' title='bbox 1195 4624 1242 4676; x_wconf 86' lang='lat' dir='ltr'>illa</span> <span class='ocrx_word' id='word_1_668' title='bbox 1254 4624 1430 4683; x_wconf 78' lang='lat' dir='ltr'>Archimeden,</span> 
     </span>
    </p>
   </div>
   <div class='ocr_carea' id='block_1_7' title="bbox 110 4695 1432 4906">
    <p class='ocr_par' dir='ltr' id='par_1_10' title="bbox 110 4695 1432 4906">
     <span class='ocr_line' id='line_1_61' title="bbox 111 4695 1432 4784; baseline 0.002 -41"><span class='ocrx_word' id='word_1_669' title='bbox 111 4695 172 4744; x_wconf 90' lang='lat' dir='ltr'>mihi</span> <span class='ocrx_word' id='word_1_670' title='bbox 193 4698 422 4760; x_wconf 86' lang='lat' dir='ltr'>suppeditarentur,</span> <span class='ocrx_word' id='word_1_671' title='bbox 441 4702 509 4750; x_wconf 90' lang='lat' dir='ltr'>circa</span> <span class='ocrx_word' id='word_1_672' title='bbox 520 4715 585 4766; x_wconf 90' lang='lat' dir='ltr'>quae</span> <span class='ocrx_word' id='word_1_673' title='bbox 604 4701 672 4751; x_wconf 88' lang='lat' dir='ltr'>illius</span> <span class='ocrx_word' id='word_1_674' title='bbox 690 4703 740 4750; x_wconf 91' lang='lat' dir='ltr'>vim</span> <span class='ocrx_word' id='word_1_675' title='bbox 753 4707 779 4750; x_wconf 93' lang='lat' dir='ltr'>et</span> <span class='ocrx_word' id='word_1_676' title='bbox 790 4701 918 4784; x_wconf 81' lang='lat' dir='ltr'>energiam</span> <span class='ocrx_word' id='word_1_677' title='bbox 932 4701 1039 4764; x_wconf 90' lang='lat' dir='ltr'>experiri</span> <span class='ocrx_word' id='word_1_678' title='bbox 1057 4699 1179 4747; x_wconf 90' lang='lat' dir='ltr'>liceret..</span> <span class='ocrx_word' id='word_1_679' title='bbox 1191 4695 1313 4763; x_wconf 82' lang='lat' dir='ltr'>,Viginti</span> <span class='ocrx_word' id='word_1_680' title='bbox 1332 4697 1432 4746; x_wconf 87' lang='lat' dir='ltr'>circiter</span> 
     </span>
     <span class='ocr_line' id='line_1_62' title="bbox 110 4765 1431 4850; baseline 0.001 -35"><span class='ocrx_word' id='word_1_681' title='bbox 110 4765 216 4850; x_wconf 84' lang='lat' dir='ltr'>Kepleri</span> <span class='ocrx_word' id='word_1_682' title='bbox 242 4769 324 4817; x_wconf 91' lang='lat' dir='ltr'>solida</span> <span class='ocrx_word' id='word_1_683' title='bbox 346 4785 377 4820; x_wconf 91' lang='lat' dir='ltr'>ex</span> <span class='ocrx_word' id='word_1_684' title='bbox 401 4775 555 4822; x_wconf 85' lang='lat' dir='ltr'>enumeratis</span> <span class='ocrx_word' id='word_1_685' title='bbox 580 4772 643 4822; x_wconf 88' lang='lat' dir='ltr'>ab</span> <span class='ocrx_word' id='word_1_686' title='bbox 636 4786 689 4835; x_wconf 89' lang='lat' dir='ltr'>vpso</span> <span class='ocrx_word' id='word_1_687' title='bbox 714 4773 883 4835; x_wconf 87' lang='lat' dir='ltr'>excerpsimus</span> <span class='ocrx_word' id='word_1_688' title='bbox 908 4769 1090 4825; x_wconf 84' lang='lat' dir='ltr'>examinanda,</span> <span class='ocrx_word' id='word_1_689' title='bbox 1115 4779 1196 4831; x_wconf 92' lang='lat' dir='ltr'>aquo</span> <span class='ocrx_word' id='word_1_690' title='bbox 1220 4775 1321 4831; x_wconf 88' lang='lat' dir='ltr'>praeter</span> <span class='ocrx_word' id='word_1_691' title='bbox 1346 4767 1431 4831; x_wconf 88' lang='lat' dir='ltr'>eliqua</span> 
     </span>
     <span class='ocr_line' id='line_1_63' title="bbox 111 4839 1207 4906; baseline 0.002 -21"><span class='ocrx_word' id='word_1_692' title='bbox 111 4840 215 4889; x_wconf 87' lang='lat' dir='ltr'>nomina</span> <span class='ocrx_word' id='word_1_693' title='bbox 232 4839 295 4889; x_wconf 88' lang='lat' dir='ltr'>nihil</span> <span class='ocrx_word' id='word_1_694' title='bbox 314 4840 384 4891; x_wconf 91' lang='lat' dir='ltr'>aliud</span> <span class='ocrx_word' id='word_1_695' title='bbox 403 4855 419 4890; x_wconf 92' lang='lat' dir='ltr'>a</span> <span class='ocrx_word' id='word_1_696' title='bbox 437 4843 507 4892; x_wconf 89' lang='lat' dir='ltr'>uobis</span> <span class='ocrx_word' id='word_1_697' title='bbox 525 4844 666 4895; x_wconf 88' lang='lat' dir='ltr'>desumtunr</span> <span class='ocrx_word' id='word_1_698' title='bbox 685 4851 732 4900; x_wconf 80' lang='lat' dir='ltr'>est,</span> <span class='ocrx_word' id='word_1_699' title='bbox 751 4850 779 4893; x_wconf 91' lang='lat' dir='ltr'>ut</span> <span class='ocrx_word' id='word_1_700' title='bbox 797 4845 938 4906; x_wconf 86' lang='lat' dir='ltr'>inspicienti</span> <span class='ocrx_word' id='word_1_701' title='bbox 957 4841 1117 4892; x_wconf 86' lang='lat' dir='ltr'>manifestum</span> <span class='ocrx_word' id='word_1_702' title='bbox 1135 4839 1207 4888; x_wconf 87' lang='lat' dir='ltr'>evit.“</span> 
     </span>
    </p>
   </div>
   <div class='ocr_carea' id='block_1_8' title="bbox 188 4927 1220 4984">
    <p class='ocr_par' dir='ltr' id='par_1_11' title="bbox 188 4927 1220 4984">
     <span class='ocr_line' id='line_1_64' title="bbox 188 4927 1220 4984; baseline 0.006 -13"><span class='ocrx_word' id='word_1_703' title='bbox 188 4929 271 4984; x_wconf 69' lang='lat' dir='ltr'>depleri</span> <span class='ocrx_word' id='word_1_704' title='bbox 283 4931 348 4984; x_wconf 82' lang='lat' dir='ltr'>Opere</span> <span class='ocrx_word' id='word_1_705' title='bbox 361 4932 395 4974; x_wconf 84' lang='lat' dir='ltr'>lv.</span> <span class='ocrx_word' id='word_1_706' title='bbox 1185 4927 1220 4977; x_wconf 74' lang='lat'>42</span> 
     </span>
    </p>
   </div>
   <div class='ocr_carea' id='block_1_9' title="bbox 0 0 1700 5542">
    <p class='ocr_par' dir='ltr' id='par_1_12' title="bbox 0 0 1700 5542">
     <span class='ocr_line' id='line_1_65' title="bbox 0 0 1700 5542; baseline 0 1"><span class='ocrx_word' id='word_1_707' title='bbox 0 0 1700 5542; x_wconf 95' lang='lat' dir='ltr'> </span> 
     </span>
    </p>
   </div>
  </div>
 </body>
</html>
