3412 5538
252 336 314 406 102
673 353 894 442 LiterasKeplsrl
906 354 1173 421 fflmquemutuas

248 496 370 564 dreiter
384 507 502 582 quarta,
518 518 594 582 quae
613 515 703 562 uuum
717 495 749 560 in
764 497 960 580 quadriennio
981 496 1060 560 diem
1082 497 1253 561 conficeret
1289 491 1392 567 Quare
1413 487 1494 576 agon
1515 500 1548 556 et
1565 495 1596 556 in

246 589 335 652 Elide
350 587 421 652 Jovi
443 580 585 670 Olympio
607 593 639 649 et
653 585 771 649 Romae
787 582 960 668 Capitolino
982 587 1085 668 quinto
1107 587 1224 668 quoqne
1244 605 1322 648 anno
1342 585 1490 647 redeuntis
1513 583 1596 646 eele-
1679 605 1680 616 ¹

247 678 361 742 bratur.
407 678 466 740 Hic
482 695 554 757 ergo
571 675 757 739 Censorinus
772 695 832 737 uno
848 677 957 758 spiritu
973 676 1085 751 omnia,
1106 694 1182 757 quae
1198 692 1255 755 ego
1270 673 1388 756 prolixe
1404 691 1443 736 ex
1459 671 1598 736 obscuris

246 767 416 830 hariolatus
430 785 504 828 sum.
1484 763 1487 771 '

336 850 396 934 32)
418 855 498 918 Vide
513 861 549 916 ut
562 854 621 918 huc
636 853 732 917 faciat
752 872 848 916 annus
863 853 1005 917 Indorum
1026 871 1064 915 ex
1087 852 1240 915 mensibus
1258 843 1351 933 12¹l2.
1380 851 1459 914 Plin.
1474 850 1544 913 Lib.
1560 849 1598 912 IL

335 940 395 1022 33)
420 941 549 1006 Omnino
566 943 694 1023 quidem,
711 942 737 1004 si
752 943 849 1004 libeat
864 945 1027 1006 observare
1042 941 1178 1004 minimos
1195 943 1335 1018 ambitus,
1356 940 1456 1004 redire
1472 939 1599 1002 easdem

248 1034 331 1096 uices
352 1033 548 1120 quadriennio
569 1039 679 1093 exacto
694 1030 840 1094 Eudoxus
859 1039 962 1113 putat,
983 1051 1046 1094 non
1060 1039 1218 1094 ventorum
1234 1031 1340 1106 modo,
1355 1049 1459 1092 verum
1474 1035 1509 1090 et
1524 1028 1598 1090 reli-

249 1141 374 1206 quarum
396 1117 614 1203 tempestatum
636 1137 748 1201 magna
770 1123 808 1182 ex
828 1129 931 1202 parte:
963 1121 1023 1183 Est
1044 1121 1222 1202 principium
1243 1117 1333 1182 lustri
1356 1119 1421 1199 ejus
1445 1111 1597 1199 (Eudoxi)

249 1230 367 1293 semper
388 1210 564 1274 intercalari
587 1218 682 1284 anno,
712 1209 866 1272 caniculae
890 1219 966 1273 ortu.
1011 1210 1091 1272 Vide
1114 1229 1202 1291 ergo,
1230 1228 1270 1272 an
1290 1207 1437 1271 Eudoxus
1461 1207 1598 1271 Metonis

251 1320 362 1364 aunum
376 1299 527 1374 habuerit,
544 1317 583 1362 aa
598 1299 710 1379 potius,
726 1299 805 1380 quod
821 1317 878 1380 ego
889 1299 955 1380 jam
970 1306 1052 1381 opto,
1067 1307 1209 1379 veterum
1220 1297 1415 1362 Graecorum.

317 1431 318 1436 κ
336 1383 395 1469 34)
420 1388 508 1452 Oitat
524 1386 739 1450 Genebrardus
762 1407 800 1450 ex
815 1387 1039 1470 Lycophrontis
1061 1389 1243 1470 interprete,
1265 1382 1449 1469 Olympiada
1465 1384 1599 1467 spatium

248 1499 317 1542 esse
332 1477 552 1561 qninquaginta
566 1475 721 1538 mensium
1010 1515 1012 1524 ,
1365 1482 1377 1504 ¹

317 1655 376 1708 Euo
394 1668 474 1720 usque
495 1654 703 1718 maamcriptuas.
728 1669 779 1704 nau
797 1651 829 1703 ab
847 1653 901 1718 ipso
919 1651 1029 1719 Raptam
1045 1653 1175 1718 scriptam,
1202 1653 1268 1704 sieut
1285 1663 1366 1719 nsqm
1392 1652 1442 1704 hss
1463 1655 1600 1718 sumtu

247 1729 349 1786 literae,
369 1739 434 1794 quae
452 1727 566 1790 integrae
583 1725 684 1790 quidem
703 1729 848 1790 supersunt,
872 1725 935 1775 item
954 1739 1012 1778 roro
1028 1727 1117 1776 omium
1141 1726 1182 1776 dis
1201 1739 1250 1790 quo
1271 1725 1350 1778 datae
1362 1731 1434 1786 sunt,
1458 1724 1600 1790 quibusque

248 1796 523 1937 puglpprpxffippuyidetdr
534 1796 646 1848 libellum
665 1811 737 1848 auum
756 1795 788 1847 de
801 1795 865 1847 Solis
882 1794 990 1862 deliquio
1003 1795 1084 1856 root,
1104 1811 1177 1862 quem
1188 1802 1289 1860 spectat
1299 1796 1393 1856 sarbiae
1414 1795 1481 1858 ,bac
1493 1793 1601 1860 epistola

322 2009 547 2075 illustrissime
559 2009 708 2092 juxtaque
730 2007 932 2071 eruditissime
953 2007 1100 2090 Scaliger.
1146 2005 1222 2074 cum
1242 2017 1313 2073 ante
1334 2011 1464 2092 quinque
1477 2027 1601 2070 menses

251 2102 342 2165 adTe
360 2100 549 2182 scripsissem
565 2099 603 2161 de
619 2117 698 2161 anno
707 2097 825 2172 Attico,
839 2099 985 2180 impulsus
999 2098 1189 2178 potissimum
1204 2115 1306 2163 eorum
1320 2101 1455 2174 hortatu,
1470 2098 1598 2179 qmbus-

251 2205 318 2256 cum
339 2191 378 2256 de
399 2191 490 2253 rebus
510 2188 736 2252 mathematicis
759 2189 961 2263 communico,
990 2207 1006 2250 e
1027 2189 1158 2269 vestigio
1178 2190 1298 2271 Pregae
1325 2190 1386 2253 iter
1406 2189 1437 2250 in
1461 2185 1599 2270 Styriam

249 2280 350 2344 hebai
379 2279 426 2344 Eo
442 2279 516 2342 mihi
532 2278 740 2341 renunciatum
756 2285 805 2340 est
820 2279 857 2340 de
872 2277 994 2342 Nicolai
1009 2276 1124 2341 Serarii
1138 2279 1236 2341 literis
1257 2279 1374 2354 adme,
1398 2279 1508 2360 quibus
1528 2275 1599 2339 rnilu'

251 2368 452 2450 significabat,
468 2367 526 2430 sibi
542 2388 561 2428 a
577 2367 724 2452 communi
741 2367 837 2430 amico
854 2367 972 2448 copiam
988 2368 1136 2449 epistolae
1151 2367 1326 2432 illiusmeae
1342 2371 1458 2432 iactam
1473 2381 1598 2447 eamque

251 2477 320 2523 sese
342 2459 421 2522 velle
446 2457 551 2538 praelo
575 2456 737 2536 subjicere:
762 2456 943 2536 corrigerem
963 2457 1072 2538 igitur,
1092 2457 1118 2518 si
1140 2475 1200 2539 qua
1219 2459 1336 2522 vallem.
1380 2455 1540 2537 Rescripsi
1562 2475 1599 2518 ne

251 2549 380 2612 iaceret:
404 2562 500 2628 neque
522 2546 602 2610 enim
621 2559 765 2610 noueram
784 2547 935 2608 hominem
953 2563 1049 2628 neque
1073 2546 1195 2628 privata
1214 2547 1342 2630 publicis
1362 2548 1491 2610 miscere
1511 2545 1600 2608 volui.

250 2637 322 2702 Noa
344 2636 493 2701 abstinuit
515 2642 633 2710 minen,
662 2635 733 2715 quin
747 2654 815 2698 mco
830 2635 949 2698 nomine
971 2636 1004 2698 in
1024 2636 1146 2717 nuperis
1168 2637 1310 2701 nundinis
1330 2643 1477 2700 uteretur.
1516 2635 1603 2698 Haec

250 2725 343 2807 igitur
359 2726 399 2790 ad
413 2727 473 2800 Te,
494 2732 530 2788 ut
545 2725 656 2798 scires,
677 2741 724 2786 me
740 2723 835 2788 inscio
859 2725 944 2787 facta
963 2733 996 2808 et
1013 2745 1053 2788 ne
1073 2745 1133 2808 qua
1151 2745 1271 2790 remora
1290 2735 1385 2801 esset,
1407 2725 1600 2806 impetrando

253 2815 308 2878 abs
324 2821 356 2876 te
372 2814 513 2894 negotio,
533 2815 613 2896 quod
629 2814 687 2876 hac
704 2813 835 2894 epistola
851 2833 908 2894 ago
924 2815 1057 2895 publice:
1081 2834 1141 2896 qua
1155 2817 1250 2893 lecta,
1270 2817 1341 2898 quid
1359 2815 1452 2878 velim
1467 2815 1549 2878 scies
1562 2807 1599 2894 ²).

251 2903 295 2966 Et
316 2910 421 2968 cetera
443 2903 563 2984 quidem
585 2903 782 2966 communiter
803 2903 955 2980 omnibus,
976 2905 1053 2967 haec
1074 2925 1146 2968 vero
1160 2907 1229 2969 ¹Tibi
1250 2907 1369 2988 privato
1392 2904 1474 2967 dico:
1505 2902 1600 2966 habes

253 2991 428 3066 naucleros,
450 2991 546 3054 habes
562 2991 703 3073 epibatas
722 3000 926 3068 mercatores,
947 2999 1049 3056 totum
1061 2995 1201 3076 Europae
1216 2996 1305 3070 litus,
1326 3014 1386 3076 qua
1405 3000 1438 3056 et
1453 2993 1600 3056 mediter-

256 3099 350 3144 raneo
366 3079 499 3156 alluitur,
513 3080 816 3162 circumnavigantes,
831 3082 928 3146 habes
942 3081 1068 3147 idoneos
1083 3084 1123 3146 ad
1137 3085 1206 3147 illos
1221 3083 1435 3156 internuncios,
1456 3101 1527 3144 cum
1542 3083 1601 3144 sint

256 3169 288 3232 in
302 3169 427 3244 vieinia;
450 3187 506 3232 nec
528 3189 578 3234 res
600 3189 680 3232 nova
702 3178 751 3233 est
772 3189 828 3236 nec
849 3171 953 3248 unica,
974 3191 1051 3254 quae
1065 3173 1181 3256 inquiri
1203 3174 1318 3248 soleat,
1346 3173 1446 3234 fervet
1468 3172 1601 3236 studium

255 3259 454 3340 percontandi
476 3259 556 3340 apud
577 3267 713 3322 vestram
734 3259 896 3332 nationem.
946 3261 1055 3344 Itaque
1077 3269 1141 3326 tam
1162 3264 1228 3326 lata
1251 3262 1398 3344 epistolae
1421 3279 1511 3324 meae
1535 3261 1599 3342 epi-

255 3347 373 3428 graphe
388 3347 492 3411 neseio
506 3369 546 3412 aa
560 3367 652 3412 unum
667 3349 711 3412 tui
733 3349 782 3410 hic
797 3349 1133 3432 similem-complectar.
1179 3351 1303 3417 Certum
1318 3351 1398 3414 enim
1413 3349 1505 3426 mibi,
1527 3351 1597 3414 tasi

255 3455 319 3500 rem
334 3455 407 3500 nura
422 3437 543 3517 dignam
558 3439 712 3503 censueris
727 3439 933 3517 percontando
949 3441 1019 3504 hinc
1032 3441 1148 3523 Belgas
1164 3449 1196 3504 et
1209 3442 1384 3516 Britannos,
1399 3439 1471 3502 inde
1482 3439 1599 3513 Gallos,

253 3525 404 3606 Pyrenaei
425 3527 537 3590 montis
559 3527 696 3600 accolas,
719 3525 793 3590 nihil
808 3547 867 3592 non
884 3529 1003 3592 edicere
1026 3549 1125 3610 posse.
1162 3531 1258 3607 Vale,
1280 3539 1313 3592 et
1333 3525 1477 3592 siminus
1499 3519 1540 3592 ad
1554 3548 1599 3592 aaa

254 3613 367 3678 saltem
381 3615 429 3678 ad·
436 3617 567 3697 aliquem
581 3614 672 3680 alima
687 3622 771 3680 tuam
785 3617 975 3682 voluntatem
992 3620 1161 3700 perscribe,
1182 3621 1265 3701 cnjus
1288 3638 1326 3684 ex
1345 3619 1497 3682 relatione
1518 3619 1598 3682 illam

252 3703 425 3766 resciscam.
469 3705 574 3768 Habes
602 3705 757 3768 illustrem
784 3707 945 3770 Dominum
974 3709 1082 3772 Joann
1111 3709 1303 3774 Matthaeum
1330 3709 1598 3775 Wacklseriuma

252 3791 481 3868 Waokhenfels,
498 3793 568 3856 Sao.
586 3792 675 3858 Caes.
698 3795 876 3876 Maiestatis
892 3785 1104 3862 consiliarium
1117 3800 1217 3864 Aulae
1231 3797 1414 3880 Imperialis,
1434 3797 1548 3861 Virum
1568 3805 1599 3860 et

251 3881 494 3946 literatissimum
509 3889 542 3946 et
556 3883 685 3946 nominis
701 3885 757 3948 Tui
774 3885 1036 3963 studiosissimum,
1057 3889 1107 3970 qui
1121 3895 1154 3952 et
1168 3889 1237 3954 hnic
1251 3887 1374 3969 negotio
1389 3888 1596 3952 astronomica

252 3970 395 4053 impense·
404 3973 490 4036 favet
499 3978 537 4037 et
551 3991 599 4036 me
614 3973 729 4054 passim
744 3974 878 4055 adjuvat
1155 3991 1162 4002 ·

321 4103 405 4182 Tertio
418 4132 482 4184 adiit
491 4131 618 4199 Keplerns
632 4131 788 4200 Scaligsram
801 4132 916 4186 silentem
927 4133 966 4188 his
977 4135 1068 4187 literis:

337 4255 405 4337 Ego
420 4275 484 4332 me,
508 4257 568 4320 Vir
580 4257 804 4335 illustrissime,
826 4259 907 4323 haud
924 4267 998 4342 puto
1020 4260 1173 4337 meritum,
1195 4268 1231 4325 nt
1250 4267 1375 4344 propter
1388 4261 1595 4343 importunam

250 4345 400 4428 epistolae
416 4346 457 4408 ad
472 4352 504 4408 te
521 4346 655 4427 scriptae
670 4348 861 4425 mentionem,
878 4367 967 4430 qnam
981 4347 1123 4414 Serarius
1137 4367 1185 4413 me
1200 4351 1295 4414 inscio
1310 4358 1420 4414 nactus
1435 4351 1593 4416 nmina-

236 4435 311 4500 .rali
326 4451 373 4497 ms
389 4435 512 4498 dolente
528 4435 660 4511 induxit,
682 4437 806 4500 sinistre
822 4439 859 4502 de
874 4458 936 4513 me,
959 4440 1039 4520 quod
1059 4459 1097 4504 ex
1112 4447 1164 4504 tuo
1181 4441 1300 4504 silentio
1317 4441 1471 4523 suspicor,
1495 4441 1592 4522 suspi-

249 4523 312 4586 oari
326 4524 486 4605 inciperes.
531 4524 612 4588 Nam
627 4533 659 4587 et
673 4525 730 4590 tibi
746 4528 869 4609 scriptis
889 4536 999 4610 postea
1013 4529 1111 4593 literis
1131 4549 1197 4594 sum
1212 4535 1345 4594 testatas
1367 4529 1405 4593 de
1426 4549 1499 4594 mea
1512 4531 1591 4594 inte-

249 4613 369 4692 gritate.
379 4614 417 4676 ab
434 4611 572 4692 ejusviri
588 4615 725 4691 oonsilio,
745 4623 778 4678 et
791 4617 823 4680 in
838 4618 939 4682 libello
956 4619 993 4680 de
1009 4619 1114 4682 Natali
1130 4618 1245 4684 Christi
1259 4614 1365 4704 (quem
1380 4621 1592 4703 typographus

248 4701 420 4782 imperitus,
443 4721 510 4764 cum
526 4703 715 4784 frontispicia
733 4705 842 4770 relicte
862 4709 981 4771 videret
1002 4725 1112 4784 vacua,
1145 4729 1191 4772 me
1223 4711 1349 4772 absente
1376 4717 1409 4770 et
1431 4711 1591 4791 ignorante

249 4787 374 4870 Sylram
389 4791 643 4872 Chronologieam
657 4795 810 4858 nominare
826 4797 937 4871 voluit,
959 4797 1115 4860 ridiculam
1136 4799 1325 4862 occasionem
1344 4815 1384 4862 ex
1404 4798 1499 4862 libelli
1519 4817 1591 4880 pro-

123 4923 128 4932 ,
249 4878 345 4942 oemio
361 4875 545 4964 aucupatus)
562 4881 601 4946 ad
615 4884 795 4963 marginem,
813 4905 904 4967 quam
918 4893 1037 4966 gratnm
1052 4887 1125 4952 milri
1139 4889 1248 4957 feccrit
1260 4888 1421 4965 Serenus,
1432 4895 1598 4971 protenta-¹
