3406 5542
243 253 308 320 308
747 253 1084 332 coambulantium.

241 413 348 496 quibus
364 415 462 496 gestis
478 413 629 478 exercitus
644 415 675 478 in
690 415 819 480 hiberna
834 416 953 492 ductos,
967 422 1046 496 puta
1060 415 1118 478 fine
1134 411 1206 478 anni
1222 413 1251 478 6.
1268 413 1317 478 *m
1328 413 1475 480 Romani:
1497 413 1575 480 Van·

240 503 348 566 tidium
366 523 421 585 per
442 512 594 567 aestatem
617 505 689 568 anni
712 505 741 569 6.
756 505 973 587 Pharnapaten
990 499 1141 586 (Jcsepho
1157 498 1423 586 Barrapharnem)
1439 503 1576 566 delevisse

239 593 432 675 Parthosque
449 602 481 656 et
496 594 603 656 ducem
618 611 720 657 corum
735 594 885 658 Pacormn
900 594 993 675 Syria
1008 593 1170 674 expulisse,
1190 592 1347 674 Antigono
1362 593 1498 656 Judaeae
1513 611 1577 674 rego

239 699 295 762 per
318 681 453 746 Silonem
474 682 506 744 in
531 681 666 746 ordinem
690 685 815 746 redacto
840 683 1034 765 pecuniisque
1059 681 1098 744 ah
1122 681 1174 744 illo
1198 689 1231 744 et
1250 704 1270 744 a
1290 681 1492 746 Nabathseac
1512 699 1577 762 rege

238 770 360 834 Malcho
377 766 464 854 (quia
478 771 613 852 Josepho
628 772 727 836 indice
742 773 876 836 Parthos
886 765 1026 853 juverat)
1049 771 1189 837 extortis
1219 771 1330 852 Itaque
1344 787 1411 834 cum
1430 787 1504 853 pace
1519 783 1597 834 eum·

239 859 384 941 Pompejo
407 861 490 923 facta
514 861 668 924 Antonius
693 869 836 924 autumno
860 862 1080 944 propinquante
1104 860 1232 924 abiisset
1254 867 1291 923 nt
1314 868 1422 924 contra
1446 859 1578 934 Parthos,

240 947 473 1031 hibernaretque
483 949 624 1026 Athenis,
639 951 766 1032 primum
782 952 922 1014 nuncium
936 951 1058 1032 accepit
1072 949 1110 1012 de
1119 947 1258 1028 Ventidii
1272 949 1368 1030 legati
1384 950 1429 1012 sui
1439 949 1578 1022 uictoriis,

239 1037 309 1100 dum
326 1038 448 1101 interim
469 1039 608 1102 Herodes
629 1041 730 1123 aliqua
745 1041 843 1122 gessit
857 1040 964 1116 hieme,
979 1057 1038 1121 quo
1053 1046 1190 1120 tempore
1199 1039 1220 1102 J
1221 1037 1351 1118 osephas
1368 1037 1413 1102 ait
1420 1037 1579 1102 Antonium

236 1126 370 1190 Athenis
386 1129 488 1190 fuisse
527 1127 641 1192 Statim
662 1137 856 1210 utrorumque
872 1147 1021 1192 consensu
1043 1127 1200 1207 subjicitur
1216 1146 1311 1190 novus
1333 1135 1500 1208 apparatus
1515 1126 1580 1189 belli

236 1215 392 1291 Parthici;
416 1217 552 1298 quamvis
566 1219 735 1281 Antonium
748 1218 781 1284 iu
796 1217 929 1282 Parthos
945 1218 1056 1281 iturum
1072 1215 1190 1282 Caesar
1205 1217 1395 1280 revocaverit
1409 1217 1442 1279 in
1456 1215 1580 1290 ltaliam,

204 1359 210 1368 .
237 1304 316 1387 quod
331 1305 494 1386 Pompejus
510 1326 570 1369 uon
587 1315 686 1370 staret
700 1307 821 1388 pactis·
844 1308 970 1371 Parthis
987 1313 1090 1377 autem
1110 1306 1221 1370 bellum
1244 1305 1459 1387 reparantibus
1474 1303 1579 1368 Venti-

237 1394 305 1456 dius
328 1396 459 1457 occurrit
482 1414 631 1478 caesoque
654 1398 778 1460 ductore
801 1396 936 1471 Paearo,
956 1397 1091 1460 Parthos
1112 1395 1191 1458 Asia
1213 1402 1245 1457 et
1261 1393 1352 1475 Syria
1375 1395 1580 1476 expulsaque

137 1505 140 1522 ¹
236 1484 319 1545 facto
333 1483 488 1564 Josephns
510 1485 556 1548 ait
570 1485 747 1550 Ventidium
766 1486 881 1549 Herodi
904 1484 1040 1549 subsidia
1061 1484 1190 1549 misisse.
1226 1481 1312 1556 Quae
1334 1483 1429 1564 igitur
1448 1483 1580 1546 Herodes

216 1569 218 1579 '
235 1571 284 1634 his
300 1573 420 1636 auxiliis
436 1574 532 1636 fretus
554 1575 667 1656 gessit,
690 1595 728 1638 ea
741 1576 831 1639 duem
847 1575 918 1638 anni
934 1570 963 1638 7.
980 1579 1145 1655 occupant,
1168 1573 1276 1655 quippe
1292 1572 1505 1646 Machaeram,
1520 1571 1581 1634 Ro·

236 1679 358 1724 manum
374 1662 488 1737 ducem,
502 1664 703 1746 Jerosolymis
713 1665 868 1728 exclusum
879 1664 925 1728 ait
933 1663 1033 1728 abisse
1043 1663 1281 1738 Hierichuntem,
1296 1661 1400 1743 utique
1410 1662 1443 1724 in
1452 1658 1581 1724 hiberna

234 1749 399 1812 Ventidius
415 1751 574 1816 victoriam
588 1760 768 1834 persecutus
784 1754 824 1818 ad
837 1753 1027 1836 Euphratem
1050 1752 1187 1834 perrexit
1200 1751 1446 1832 Antiochumque
1469 1749 1583 1813 obsedit

129 1855 134 1866 ’
235 1836 422 1902 Samosatis:
453 1859 520 1903 cum
534 1841 655 1906 interim
668 1841 840 1918 Antonius,
860 1843 1000 1916 celeriter
1021 1861 1060 1904 ex
1082 1839 1176 1906 Italia
1197 1837 1337 1904 reversus
1361 1840 1392 1904 iu
1415 1837 1583 1912 Graeciam,

233 1927 305 1989 inde
320 1927 416 1993 movit
429 1928 460 1991 in
475 1929 598 2007 Asiam,
623 1933 782 2015 subitoque
796 1931 942 1996 Ventidio
959 1927 1136 2014 supervenit
1157 1915 1311 1993 obsidenti
1325 1928 1494 1992 Samosata
1503 1928 1582 2008 jam-

235 2035 291 2099 que
308 2034 399 2098 super
415 2017 568 2082 deditione
582 2029 675 2102 pacto
681 2041 691 2098 3
714 2021 869 2085 Antonius
884 2041 957 2084 vcro
974 2021 1087 2102 spretis
1103 2019 1325 2084 conditionibus
1341 2017 1459 2082 arctius
1475 2015 1582 2081 Samo·

235 2112 306 2167 sata
325 2105 459 2182 obsedit,
482 2110 658 2190 sedparum
672 2111 818 2192 profecit,
840 2118 960 2192 tempus
977 2117 1118 2186 tractum,
1132 2109 1199 2189 ipse
1215 2106 1334 2171 damnis
1354 2106 1493 2189 plurimis
1509 2105 1581 2168 mul·

234 2202 329 2256 tatus.
352 2195 626 2280 ltaqueJosephus
643 2201 695 2276 ait,
710 2199 864 2264 Herodem
879 2219 945 2263 cum
956 2199 1091 2262 exercitu
1107 2198 1147 2262 ad
1155 2197 1326 2262 Antonium
1339 2197 1453 2272 abisse,
1469 2213 1584 2278 oppug-

233 2290 358 2347 nantem
381 2283 546 2349 Samosata
568 2288 608 2350 ad
628 2289 832 2370 Euphratem,
856 2289 977 2354 venisse
1003 2286 1257 2370 opportunissimo
1280 2293 1417 2368 tempore
1440 2303 1498 2350 uec
1522 2285 1582 2346 siue

233 2371 375 2453 periculo.
415 2375 551 2439 Tandem
575 2377 739 2442 levioribus
763 2378 986 2442 conditionibus
1011 2377 1162 2448 deduntur
1186 2375 1368 2450 Samosata,
1400 2373 1532 2438 Claudio
1554 2381 1584 2436 et

232 2461 380 2526 Norbano
397 2461 501 2539 (loss,
524 2465 555 2528 id
578 2473 628 2530 est
644 2487 723 2530 anuo
739 2466 782 2544 8.,
805 2487 893 2552 quam
910 2467 1094 2532 deditionem
1107 2465 1262 2548 Josephus
1284 2464 1329 2528 ait
1343 2463 1500 2528 Herodem
1514 2481 1582 2544 pro-

234 2569 358 2614 curasse
373 2553 520 2617 Antonio.
900 2607 901 2612 1

321 2641 445 2704 Interea
466 2644 603 2706 referunt
623 2645 759 2726 utrique,
782 2645 885 2708 deleta
904 2664 974 2708 esse
995 2643 1149 2726 praesidia
1164 2643 1319 2718 Romana,
1343 2659 1421 2724 quae
1446 2640 1582 2704 orantia

231 2729 368 2806 Judaea,
391 2731 430 2795 ab
451 2732 626 2814 Antigono,
649 2733 803 2815 Jcaephus
826 2734 872 2798 ait
893 2736 1006 2798 lactum
1022 2741 1159 2815 tempore
1181 2731 1306 2806 messis,
1327 2731 1452 2794 Herode
1476 2729 1583 2794 Samo-

233 2820 310 2884 satis
327 2821 472 2897 absente,
494 2830 526 2884 et
542 2821 689 2886 cecidisse
703 2823 870 2903 Josephum
885 2823 1017 2887 Herodis
1033 2823 1159 2886 batrem
1181 2839 1248 2886 cum
1263 2820 1392 2904 quinque
1408 2819 1584 2896 cohortibus

231 2908 388 2974 Romanis.

254 3048 257 3054 -
321 2999 474 3064 Convenit
495 3006 527 3061 et
543 2999 580 3062 de
596 3017 773 3064 successore
788 2999 926 3064 Ventidii
942 2997 1031 3066 Sosio
1054 2997 1220 3063 inJudaea
1242 2999 1339 3081 deque
1353 2996 1489 3062 victoria
1504 2995 1585 3060 Sosii

233 3089 269 3152 de
285 3089 459 3172 Antigono,
483 3107 573 3171 quam
593 3089 709 3154 Herodi
725 3088 844 3170 quidem
858 3088 1011 3170 Josephus
1027 3089 1182 3163 adscribit,
1199 3089 1254 3151 sed
1267 3087 1393 3152 habenti
1412 3087 1586 3169 legionesa

234 3178 324 3242 Sosio
339 3179 466 3252 missas,
489 3185 522 3240 et
537 3178 574 3240 de
590 3178 663 3259 fuga
677 3177 827 3258 Antigoni
842 3177 1058 3259 Jeroaolymas.
1088 3178 1195 3258 Pergit
1210 3183 1313 3242 autem
1326 3176 1499 3259 Iosephus:
1522 3177 1584 3238 He-
1675 3251 1679 3260 Ι

142 3331 144 3339 1
233 3268 336 3330 rodem
357 3267 564 3330 imminentem
578 3267 816 3349 Hierosolymis,
838 3267 882 3330 sic
897 3273 933 3329 ut
946 3267 1121 3347 Antigonus
1137 3269 1240 3348 fugam
1255 3265 1514 3348 circumspiceret,
1535 3283 1582 3326 re-

232 3365 351 3420 tentum
366 3357 460 3419 fnisse
470 3355 717 3438 tempestatibus,
733 3355 840 3438 quihus
851 3354 1098 3419 desaevientibus
1113 3365 1219 3419 castra
1228 3355 1332 3420 locata
1342 3355 1584 3436 adderosolyma

233 3466 313 3510 anno
335 3446 444 3522 tertio,
468 3463 505 3508 ex
528 3464 586 3527 quo
609 3464 664 3507 rex
680 3445 772 3508 inerit
793 3444 983 3519 declaratus,
1003 3451 1079 3526 puta
1100 3445 1159 3507 line
1176 3445 1247 3510 anni
1262 3443 1301 3522 8,
1323 3444 1360 3507 de
1384 3444 1472 3524 crq'ue
1488 3459 1584 3506 messe

233 3554 326 3617 supra
347 3535 536 3618 loquebatur.
581 3533 662 3597 Dion
685 3534 752 3597 vult
773 3533 821 3596 his
845 3533 921 3614 ipsis
945 3532 1032 3598 Coss.
1055 3541 1089 3596 et
1112 3541 1235 3615 captam
1260 3551 1328 3598 esse
1351 3533 1586 3616 Jerosolynen,

232 3625 370 3688 nimirum
393 3625 542 3707 quiahoc
564 3643 644 3687 anno
667 3624 795 3686 obsessa
817 3623 883 3686 fuit
917 3623 965 3686 De
987 3620 1060 3687 urbe
1083 3641 1156 3686 vero
1178 3630 1271 3704 capta
1292 3622 1359 3706 quis
1374 3621 1470 3686 Dioni
1485 3621 1585 3704 potius

233 3713 348 3790 credat,
365 3713 414 3794 qni
431 3713 495 3776 200
512 3712 599 3775 annis
614 3719 687 3793 post
701 3712 795 3788 vixit,
817 3730 907 3794 quam
924 3710 1060 3792 Josepbo
1082 3707 1174 3792 gente
1188 3711 1308 3776 Judaeo
1327 3719 1360 3774 et
1382 3719 1492 3775 aetate
1513 3728 1583 3792 pro·

232 3804 326 3886 piori,
347 3803 530 3884 praesertim
552 3820 620 3864 cum
633 3801 715 3864 Dion
731 3802 866 3866 fateatur
880 3800 977 3862 multa
991 3801 1102 3864 damna
1115 3799 1241 3864 Judaeis
1256 3801 1358 3876 illata,
1378 3799 1480 3864 multa
1495 3801 1583 3864 etiam
1664 3846 1665 3854 ,

232 3899 377 3974 accepta,
407 3892 487 3955 uude
513 3890 746 3954 diutnmitatem
776 3889 942 3953 obsidionis
974 3889 1126 3970 conjicias.
1175 3891 1259 3954 ‘lunc
1286 3890 1405 3972 quidem
1429 3888 1584 3954 Antonius

232 3982 363 4044 reditum
384 3981 508 4062 paravit
529 3980 561 4042 in
576 3979 715 4054 ltaliem;
741 3984 774 4042 et
788 3985 964 4060 sequentem
986 3997 1096 4042 annum
1111 3977 1140 4042 9.
1157 3978 1254 4042 eundo
1276 3979 1491 4061 redeundoque
1511 3997 1583 4040 con·

232 4071 352 4146 sumsit,
373 4069 448 4133 nihil
469 4069 501 4130 iu
517 4067 609 4150 Syria
631 4070 750 4131 effecto.
794 4069 841 4132 At
860 4086 915 4130 rex
936 4067 1076 4130 Herodes
1100 4065 1180 4148 apu'd
1199 4068 1303 4132 urbem
1326 4068 1438 4132 castris
1461 4066 1583 4132 munitis

232 4159 328 4224 abivit
349 4160 381 4222 in
404 4157 591 4222 Samariam:
614 4157 738 4239 nuptias
761 4156 921 4220 celebrans
943 4175 1010 4220 cum
1025 4156 1193 4220 Mariamne
1208 4156 1393 4234 Asmenaea,
1408 4157 1517 4240 utique
1531 4173 1583 4238 per

230 4249 368 4313 hiemem.
412 4248 529 4311 Postea
551 4247 688 4328 Josepho
713 4251 858 4308 narrante
881 4245 968 4308 venit
991 4244 1098 4308 Sosius
1124 4265 1162 4308 ex
1184 4245 1353 4322 Phoenice,
1384 4253 1417 4308 et
1442 4245 1583 4309 adductis

231 4340 351 4420 magnis
368 4335 553 4403 exercitibus
570 4335 691 4400 obsedit
707 4353 774 4398 cum
782 4333 905 4398 Herode
919 4333 1157 4417 Jerosdynan:
1173 4333 1204 4398 id
1219 4337 1321 4418 utique
1332 4336 1397 4418 jam
1413 4335 1489 4398 anni
1504 4345 1582 4398 ten-

230 4435 354 4510 pestate
378 4428 518 4500 lavente3
543 4425 665 4488 duravit
687 4422 804 4486 obsidio
820 4441 941 4486 menses
963 4424 1000 4499 5,
1024 4423 1142 4486 scilicet
1156 4443 1195 4488 ex
1210 4443 1267 4506 quo
1282 4424 1413 4488 Romani
1428 4425 1581 4488 exereitus

232 4517 422 4581 advenerunt
428 4533 437 4590 ;
462 4521 638 4596 expugnata
654 4518 716 4588 est,
736 4517 772 4574 ut
785 4511 882 4588 Dion,
905 4512 1073 4588 sabbatho,
1094 4521 1129 4576 ut
1144 4511 1260 4578 Strabo
1273 4533 1347 4581 uero
1361 4513 1583 4596 interpretatur

232 4625 299 4670 cum
313 4604 459 4687 Josepha
476 4604 524 4666 die
534 4603 652 4683 jejunii,
668 4609 701 4664 et
715 4619 819 4664 mense
834 4601 954 4684 quidem
970 4602 1063 4665 tertio
1078 4621 1138 4665 nou
1154 4601 1328 4680 obsidionis,
1343 4601 1451 4684 utjam
1461 4603 1581 4674 dictum,

232 4695 286 4757 sed
309 4693 379 4758 anni
394 4691 531 4766 Judaici,
552 4691 583 4754 id
599 4699 649 4754 est
663 4709 767 4754 meuse
783 4689 895 4766 Sivan,
916 4691 967 4772 qui
987 4691 1020 4754 in
1034 4688 1218 4756 Calendario
1232 4692 1384 4757 Hebraico
1406 4693 1469 4756 tria
1489 4691 1581 4757 babet

97 4789 101 4794 '
228 4782 361 4862 jejunia,
382 4799 486 4844 mense
510 4780 614 4862 itaque
636 4779 744 4854 sunio,
766 4799 855 4844 secus
878 4797 967 4861 quam
990 4778 1142 4846 Calvisius
1164 4781 1583 4862 babetlol.10.Epistolae.
