3428 5542
680 297 947 380 Sllradhroncloglea
1162 349 1179 366 „
1349 251 1352 258 Ι
1422 277 1484 350 189

127 439 229 506 thicae
246 446 282 503 et
298 441 508 506 Armeniacae
523 440 727 518 ¹recensentur,
744 460 818 524 quas
834 449 950 506 certum
966 449 1016 505 est
1030 461 1069 507 ex
1083 443 1198 520 Tacito,
1219 443 1485 510 1111111111180.

130 529 178 595 81.
193 529 357 594 incidisse.
391 529 508 604 Quibus
523 531 674 612 expeditis
687 531 841 615 Josephus
855 532 987 618 Philippi
1008 539 1137 596 mortem
1158 533 1326 615 subjungit,
1350 536 1435 618 qnasi
1458 535 1485 598 is

130 639 190 685 101
204 640 290 683 anno
308 615 364 698 78,
378 622 436 686 sed
452 639 529 684 anno
545 621 728 685 8111181.
745 623 787 686 sit
800 630 945 686 mortuus.
988 623 1055 704 Ego
1072 622 1152 686 nihil
1174 623 1233 686 nisi
1248 625 1327 706 quod
1341 623 1485 689 Vitellius

131 711 220 776 rebus
229 711 374 794 Philippi
389 710 464 775 nihil
474 711 691 786 admisceatun
709 712 782 774 etsi
798 713 993 776 connexionis
1008 712 1188 794 particulam
1203 707 1318 796 (111111)
1332 715 1485 797 respicere

131 800 271 877 velimus,
287 819 387 883 aeque
403 807 531 864 mortem
544 801 677 883 Philippi
693 800 732 864 ad
748 799 816 882 Caji
837 802 1002 883 imperium,
1018 802 1102 884 cujus
1118 803 1281 866 1111110111
1294 803 1396 868 verbis
1410 824 1485 887 pro-

134 892 213 956 xime
230 891 460 974 superioribus,
482 910 519 954 11
541 890 581 954 ad
603 890 723 954 Vitellii
744 898 883 971 tempora
904 893 1017 954 referre
1040 910 1197 974 queamus,
1222 893 1301 975 quod
1323 894 1487 958 absurdum

135 981 257 1066 quidem
274 989 340 1057 est,
364 1001 431 1044 cnm
447 979 606 1056 11111101,
625 980 761 1062 Josepho
777 979 844 1062 ipso
859 981 971 1058 indice,
987 981 1075 1062 hujus
1095 981 1245 1065 Philippi
1258 990 1355 1046 morte
1378 1003 1485 1067 super-

136 1071 228 1135 fuerit
250 1071 377 1153 ejnsqne
401 1070 552 1134 ditionem
574 1069 692 1154 Syriae
713 1069 903 1154 adjacuerit.
939 1072 1009 1134 Mos
1026 1077 1075 1133 est
1088 1071 1251 1148 historicis,
1273 1072 1486 1138 1101101010-

137 1161 232 1244 sepho
249 1169 427 1244 usurpatus,
450 1160 529 1224 addo
547 1159 701 1223 11Τ11110
717 1159 748 1222 11
763 1161 861 1241 gestis
876 1160 1003 1235 Vitellii,
1027 1160 1114 1223 simul
1130 1163 1251 1238 referre,
1267 1181 1343 1243 quse
1358 1163 1440 1228 inter
1456 1179 1488 1227 se

137 1252 316 1328 cohaerent,
332 1251 393 1314 etsi
408 1250 595 1334 temporibus
611 1249 675 1312 sint
689 1248 794 1312 divisa.
818 1251 887 1314 Hoc
902 1251 1016 1314 factum
1030 1250 1152 1333 inquam
1166 1252 1224 1316 hcc
1238 1251 1305 1314 loco
1317 1252 1488 1335 aJosepho.

136 1341 294 1406 Versatur
310 1341 392 1405 enim
404 1340 437 1404 in
457 1340 548 1404 rebus
570 1358 626 1423 per
639 1339 773 1402 Pilatum
788 1340 899 1421 gestis,
922 1340 977 1404 snb
992 1359 1050 1422 quo
1065 1340 1248 1404 Parthorum
1269 1343 1416 1406 tumultus
1433 1361 1488 1406 er-

139 1432 214 1508 orti,
237 1449 316 1513 qnos
330 1430 477 1494 Vitellius
493 1429 629 1505 sedavit,
652 1428 797 1512 simulque
811 1429 945 1498 Pilatum
966 1429 1149 1511 magistratu
1163 1430 1271 1506 movit,
1294 1431 1382 1496 simul
1397 1432 1490 1496 etiam
1527 1443 1538 1460 ⁸

140 1540 206 1586 anm
221 1520 349 1588 Herode
365 1520 535 1584 Γ1111111111
557 1518 682 1601 negotia
696 1518 811 1582 habuit.
847 1521 1055 1602 Immrtunnm
1070 1527 1150 1596 erat,
1165 1519 1235 1585 hnic
1251 1523 1397 1608 sermonis
1414 1540 1489 1585 con·

138 1610 239 1676 textui
261 1609 446 1673 mentionem
466 1609 591 1690 injicere
613 1609 720 1672 mortis
735 1608 875 1690 Philippi.
911 1607 1083 1674 Contentus
1098 1609 1190 1691 igitm
1206 1609 1264 1674 ruit
1276 1611 1440 1692 Josephus,
1463 1611 1490 1674 ai

138 1701 279 1786 proxime
302 1699 465 1780 subjiceret
486 1701 565 1762 hanc
580 1698 714 1780 Philippi
734 1707 879 1774 mortem,
907 1705 1048 1774 ostenso,
1070 1699 1149 1781 qnod
1171 1701 1252 1764 circa
1274 1700 1329 1763 illa
1353 1709 1491 1785 tempora

140 1789 323 1872 contigerit,
345 1796 378 1852 et
402 1789 541 1853 deliniret
562 1795 682 1870 tempus
704 1787 892 1864 accmatins,
914 1788 1019 1851 addito
1035 1789 1105 1852 anni
1121 1790 1240 1854 Tiberii.
1272 1791 1424 1859 ,Mortuus
1442 1797 1491 1853 est

140 1881 233 1964 igitur
257 1879 418 1962 Philippus
442 1898 520 1942 anno
544 1872 595 1941 78.
616 1877 739 1942 Juliano
762 1886 834 1941 ante
856 1879 1045 1941 consulatum
1065 1879 1184 1947 Vitellii
1207 1879 1239 1944 in
1261 1879 1369 1944 mediis
1393 1879 1490 1949 turbis

138 1970 306 2045 Parthicis,
320 1969 422 2033 Pilato
437 1968 458 2032 J
460 1968 573 2031 udceos
596 1967 761 2049 affligente.
797 1967 994 2032 Manifestum
1010 1967 1129 2050 quidem
1143 1976 1192 2032 est
1208 1989 1247 2033 ex
1261 1969 1378 2046 Tacito,
1400 1967 1491 2053 geits

140 2060 263 2124 Vitellii
279 2054 535 2142 (quaeJosephus
551 2051 781 2140 commemorat)
797 2058 828 2121 in
843 2057 894 2122 80.
909 2056 1124 2122 81.Julianum
1138 2059 1279 2134 incidere,
1295 2080 1372 2142 quae
1388 2068 1491 2124 tamen

139 2151 207 2234 ipsa
223 2157 343 2232 queque
357 2148 512 2230 Josephus
528 2148 611 2211 dicta
626 2147 663 2210 de
678 2167 771 2210 causa
785 2147 937 2228 posterius
953 2157 1176 2223 commemorat,
1191 2168 1281 2231 quam
1294 2149 1389 2212 Pilati
1404 2150 1490 2214 loco·

139 2241 317 2314 motionem,
333 2238 470 2320 quamvis
486 2237 564 2300 haec
579 2256 658 2300 anno
675 2235 726 2300 82.
735 2237 857 2300 iuliano
873 2237 994 2312 accidit,
1008 2237 1100 2318 paulo
1117 2247 1188 2302 ante
1199 2255 1358 2302 excessum
1369 2237 1492 2303 Tiberii.

228 2331 303 2393 Non
318 2328 439 2410 ignor'o,
460 2346 515 2409 per
530 2327 610 2390 hunc
629 2326 757 2408 Josephi
779 2327 877 2389 locum
899 2325 939 2390 ad
960 2326 1073 2390 Tiberii
1095 2330 1147 2392 20.
1169 2328 1263 2392 etiam
1282 2327 1367 2390 illum
1381 2347 1493 2390 annum

139 2419 248 2484 referri
270 2435 378 2500 posse,
400 2416 450 2500 qui
464 2417 576 2498 potiori
595 2413 684 2498 parba
700 2435 768 2480 cum
783 2417 833 2478 20.
849 2415 1000 2491 coincidit,
1016 2435 1127 2479 annum
1142 2437 1248 2500 nempe
1265 2411 1493 2492 79.]011111111,

139 2509 271 2574 Vitellio
288 2515 321 2570 et
335 2507 432 2570 Paulo
446 2506 543 2569 Fabio
558 2505 646 2571 Ocea.
691 2507 772 2570 Nem
794 2501 877 2569 1137
894 2505 1007 2570 solidos
1029 2506 1126 2569 addes
1142 2507 1182 2570 ad
1197 2507 1249 2582 42,
1272 2526 1369 2570 annus
1384 2506 1492 2570 mortis
1582 2571 1594 2592 Ι

140 2598 276 2681 Philippi
291 2596 395 2680 prodit
411 2591 462 2660 79.
476 2593 625 2660 Julianus.
653 2596 773 2678 Atque
789 2595 885 2658 minus
902 2579 945 2658 iic
960 2613 1122 2672 numerem,
1136 2595 1194 2660 hoc
1209 2597 1364 2678 impedior,
1385 2615 1422 2660 ne
1438 2596 1494 2660 1111

139 2689 324 2754 inconstans
340 2686 517 2750 nnmersndi
538 2687 634 2763 rstio,
650 2685 718 2767 jam
739 2684 898 2761 inclusive,
916 2685 982 2767 jam
1004 2685 1165 2749 exclusive.
1203 2684 1239 2750 Si
1253 2705 1325 2749 vero
1346 2685 1493 2749 inclusive

141 2796 316 2853 numerem,
338 2777 478 2858 utrinque
501 2775 670 2858 aequaliter
684 2793 821 2851 numero,
845 2776 932 2839 salva
945 2774 967 2839 J
968 2776 1075 2856 osephi
1088 2776 1157 2852 fide,
1173 2776 1358 2858 eundemque
1372 2776 1494 2840 modum

142 2871 238 2933 etiarn
259 2868 293 2930 in
309 2867 401 2929 tertio
425 2873 458 2928 et
480 2873 589 2948 qnarto
612 2866 749 2948 exemplo
770 2866 939 2948 comprobo.
976 2863 1039 2928 Sed
1055 2866 1212 2930 audiamus
1227 2865 1321 2929 etiam
1336 2883 1374 2929 er
1389 2872 1493 2929 astro·

141 2959 245 3024 nomia
261 2964 480 3039 argumentum.

230 3047 290 3111 IV.
319 3045 473 3127 Josephus
489 3045 612 3108 disertis
627 3044 728 3110 verbis
744 3051 886 3122 testatm,
898 3045 1051 3109 Herodem
1068 3043 1494 3128 essemortuuminterpleni·

140 3139 258 3205 lunium
282 3137 454 3220 eclipticmn
470 3143 503 3198 et
517 3135 661 3218 pa'scbule
675 3129 711 3218 ⁹).
759 3133 897 3218 Scaliger
910 3135 1027 3199 indicat
1042 3135 1167 3218 eclipsin
1192 3155 1271 3200 anno
1296 3136 1348 3200 45.
1362 3129 1496 3210 iuliano,

142 3247 221 3313 quae
245 3227 378 3308 contigit
398 3227 479 3290 inter
500 3224 530 3289 8.
552 3233 585 3288 et
607 3225 635 3290 9.
649 3225 804 3302 ianuarii,
834 3226 859 3288 si
879 3223 1016 3289 Julianus
1040 3233 1113 3289 tunc
1138 3225 1337 3302 cucurrisset,
1361 3233 1397 3287 ut
1416 3243 1495 3287 nunc

142 3319 249 3383 currit
281 3317 350 3380 Hac
366 3315 471 3396 eclipsi
486 3315 593 3378 mirum
609 3323 753 3398 qnantum
769 3315 958 3379 confirmetur
973 3315 1020 3377 vir
1034 3314 1085 3377 ille
1102 3316 1139 3378 de
1155 3334 1283 3378 excessu
1296 3314 1438 3389 Herodis,
1460 3320 1496 3376 ut

142 3410 202 3475 hec
217 3406 332 3470 fiducia
345 3404 474 3487 Josephi
489 3405 588 3468 textui
604 3405 728 3481 diserto,
744 3405 794 3489 qui
808 3425 867 3467 non
882 3405 963 3467 ultra
978 3398 1021 3467 37
1036 3414 1185 3481 numerat,
1201 3405 1261 3468 vim
1277 3403 1495 3486 quodammodo

144 3501 249 3564 iacere
266 3501 404 3577 cogatur,
420 3486 494 3558 sane
511 3514 600 3577 quem
614 3495 743 3571 invitus;
766 3501 801 3558 ut
822 3493 871 3575 qui
887 3512 925 3556 11
941 3512 973 3556 11
989 3493 1056 3574 ipso
1072 3514 1133 3557 non
1147 3495 1258 3576 injuria
1273 3501 1415 3575 quaerat,
1433 3511 1495 3575 pq·

144 3589 280 3654 carica
295 3586 442 3670 ignorem
457 3585 622 3668 Josephus,
643 3605 723 3668 quae
737 3583 895 3667 legeritis
909 3585 989 3646 actia
1002 3579 1166 3647 Herodis?
1503 3645 1509 3662 ,

234 3677 305 3758 Ego
327 3675 455 3758 primum
476 3692 571 3758 nego,
593 3673 672 3738 hanc
689 3673 815 3757 eclipsin
830 3691 920 3756 posse
936 3691 1018 3736 esse:
1043 3673 1140 3736 abfuit
1162 3673 1240 3737 enim
1256 3673 1354 3737 tribua
1367 3671 1497 3755 integris

146 3767 303 3833 mensibus
326 3785 345 3828 1
366 3765 523 3847 paschate.
559 3764 685 3827 Morbus
707 3783 780 3827 vero
800 3763 932 3828 Herodis
952 3770 1058 3826 111111
1081 3782 1183 3828 moras
1206 3781 1267 3826 101
1289 3765 1365 3840 1111,
1391 3768 1427 3825 ut
1446 3761 1495 3844 qni

146 3858 246 3943 pridie
260 3855 394 3919 Lunaris
410 3853 532 3937 deliquii
548 3853 614 3936 jam
629 3872 684 3935 pro
699 3861 818 3917 mortuo
833 3854 1037 3936 proclamatus
1057 3852 1088 3914 in
1103 3853 1171 3935 ipsa
1186 3853 1272 3935 regia
1287 3853 1395 3916 fuerat
1432 3850 1496 3913 Le-

148 3955 241 4032 gatur
254 3945 386 4011 historia
407 3945 503 4008 totins
518 3943 626 4026 reliqui
641 3944 749 4007 morbi:
773 3951 842 4006 tota
857 3943 934 4005 enirn
954 3961 1013 4005 una
1033 3959 1100 4004 cum
1115 3943 1302 4024 proiectione
1318 3940 1498 4007 trans-Jor-

150 4039 231 4103 dana
247 4037 289 4100 ad
305 4033 481 4101 Callirhoen
504 4041 537 4098 et
552 4051 619 4097 cum
634 4033 733 4097 reditu
747 4033 989 4108 Hierichuntem,
1011 4031 1061 4095 ubi
1077 4032 1204 4095 offendit
1217 4033 1364 4114 primores
1380 4030 1497 4096 Judae-

150 4147 249 4203 ornm,
281 4124 382 4189 edicto
405 4125 509 4188 forsan
538 4131 632 4188 antea
662 4131 861 4198 convocatos,
895 4123 990 4204 iisque
1019 4120 1050 4184 11
1080 4121 1310 4204 hippodromum
1340 4120 1499 4196 conclusis,
1523 4147 1532 4166 =

150 4227 288 4284 mortuns
311 4221 375 4290 est;
406 4221 504 4277 totum
525 4213 592 4288 hoc,
613 4213 743 4297 inquam,
764 4214 846 4277 11111
866 4211 974 4294 viginti
996 4210 1060 4273 dies
1082 4211 1209 4288 includi,
1230 4230 1280 4274 res
1294 4212 1364 4294 ipsa
1378 4210 1498 4273 clamat

150 4309 248 4384 Adde,
265 4305 348 4389 qnod
362 4303 548 4368 ludaeorum
563 4303 701 4366 seditiosi
722 4303 822 4366 socios
837 4321 907 4364 snos
923 4301 1040 4383 aquilae
1057 4301 1260 4377 demolitores,
1283 4301 1333 4383 qui
1349 4319 1386 4363 ea
1401 4304 1499 4373 nocte,

152 4419 208 4482 qna
223 4394 341 4463 deiecit
354 4393 459 4469 Luna,
479 4394 541 4457 vivi
557 4393 683 4457 cremati
698 4393 826 4468 fuerant,
848 4398 957 4455 octava
973 4391 1020 4454 die
1036 4411 1055 4453 a
1068 4397 1167 4454 morte
1182 4391 1329 4465 Herodis,
1352 4387 1449 4451 adhuc
1465 4391 1501 4450 11

151 4509 256 4554 recens
272 4487 457 4550 interemtos
473 4483 626 4548 deflebant
641 4483 782 4564 ntemplo
798 4501 858 4545 non
874 4481 1010 4562 digressi,
1033 4482 1110 4542 adeo
1119 4487 1155 4542 nt
1163 4479 1335 4543 mendicato
1345 4477 1498 4552 viverent;

152 4588 183 4645 at
197 4579 223 4644 si
239 4587 308 4643 tres
319 4575 389 4657 jam
398 4591 518 4635 menses
528 4573 615 4655 lapsi,
631 4573 779 4656 quomodo
795 4589 901 4636 recens
916 4569 1089 4634 interemti?
1113 4569 1199 4633 Haec
1216 4569 1316 4631 omnia
1330 4583 1396 4628 cum
1411 4561 1501 4627 simul

151 4671 283 4736 sllirmet
296 4665 320 4732 J
321 4663 466 4744 osephns,
480 4669 594 4727 certum
609 4671 667 4739 est,
689 4661 850 4744 deliquium
863 4660 968 4725 Lunae
984 4660 1047 4722 tale
1062 4658 1164 4734 101111,
1180 4658 1259 4740 qnod
1274 4653 1409 4735 proximo
1425 4659 1499 4715 ante

149 4760 296 4848 paschale
318 4751 488 4837 plenilunio
508 4753 643 4834 contigit
681 4750 809 4817 Gratias
824 4759 926 4814 111111
942 4749 1036 4812 debeo
1052 4748 1219 4829 scaligero,
1235 4744 1283 4824 qni
1299 4759 1346 4803 me
1362 4741 1499 4822 exemplo

148 4845 431 4920 commonefactum
446 4841 486 4904 ad
501 4843 716 4908 astronomiam
730 4840 866 4906 adduxit
902 4841 992 4904 Anno
1007 4837 1110 4920 itaque
1124 4835 1176 4900 43.
1193 4831 1290 4916 prima
1303 4827 1408 4893 Martii
1424 4847 1499 4894 101-
