3400 5538
672 278 751 330 Notae
770 278 883 330 Editoris.
1368 285 1430 346 543
1497 351 1502 370 ,

123 475 210 528 regno
231 457 383 520 Bessorum,
404 473 455 528 quo
477 462 534 511 toto
554 461 683 526 temporo,
704 473 753 526 per
772 474 855 512 annos
880 459 944 521 100,
965 459 1041 512 nulla
1059 460 1103 513 vel
1123 459 1263 516 rarissimu
1281 461 1312 515 flt
1331 462 1430 516 mentio

123 539 291 591 Judseorum
311 537 338 590 in
358 537 486 606 Josepho,
505 542 697 608 praeterquam
717 536 804 592 Ouiae
825 545 854 590 et
868 537 981 594 Simonis
1000 538 1162 608 pontificum.
1201 541 1290 596 Erunt
1309 541 1430 611 oppressi

123 617 293 672 exercitibus
313 616 463 680 hostilibus,
485 616 511 672 in
531 615 679 670 Phoenicia
698 616 927 671 concurrentibus.

216 698 279 751 104.
309 695 387 756 Quod
398 714 461 750 vero
471 696 570 750 Daniel
591 696 701 772 sporsim
721 696 814 750 scribit
833 697 867 749 do
876 696 1049 751 hebdomoda
1069 713 1131 760 uns,
1152 701 1282 768 quomodo
1303 715 1353 768 per
1372 699 1430 770 ejus

123 775 261 830 dimidium
273 775 309 829 sit
318 775 477 829 abolendum
492 776 564 845 jugo
585 775 751 838 sucrificium,
771 776 925 844 idsoriptos
941 777 1003 830 libri
1011 777 1257 830 Macchabaeorum
1269 786 1298 832 et
1307 779 1430 833 Christus

122 856 182 924 ipse
204 855 324 924 dominus
343 855 515 924 interpretati
536 861 598 908 sunt
618 857 651 908 de
671 842 842 909 hebdombdo'
862 873 914 909 nou
935 855 1038 918 ultimo,
1059 859 1105 910 sed
1127 856 1173 910 ille
1194 857 1300 927 quidem
1320 861 1354 911 de
1375 875 1430 912 unc

123 953 140 987 e
162 934 250 1006 medio
270 950 388 1001 numero,
410 936 443 987 de
463 936 536 989 bello
553 933 733 996 so.Antioobi‚
753 941 818 988 onte
838 934 963 998 Ch.167,
985 935 1106 989 Christus
1127 938 1160 988 de
1180 953 1236 990 uno
1256 953 1429 1006 supernume-

123 1015 211 1074 rnria,
231 1015 338 1068 diviniso
358 1029 376 1066 s
395 1014 619 1083 praecedentibus
639 1014 677 1068 69
697 1015 742 1068 vel
764 1016 809 1076 70,
832 1016 956 1068 debello
977 1031 1012 1067 so.
1031 1015 1154 1078 Judsioo‚
1175 1017 1244 1086 quod
1265 1017 1344 1070 finem
1363 1018 1430 1070 heb·

122 1095 268 1148 domcdum
289 1099 363 1147 certo
384 1093 532 1148 insecutum
552 1096 658 1147 estrei
681 1095 735 1149 100
756 1093 833 1148 aunis
858 1095 1004 1147 secundum
1027 1095 1278 1164 interpretationem
1297 1097 1429 1150 Eusebio·

122 1190 197 1236 narn,
218 1174 262 1226 vel
284 1174 320 1228 70
342 1174 486 1227 secundum
505 1175 653 1228 modernos.

217 1253 281 1308 105.
310 1253 435 1321 Longum
462 1258 535 1306 esset
559 1254 693 1306 deducere
720 1266 877 1306 consensum
901 1252 981 1322 hujru
1011 1253 1108 1308 calculi
1134 1269 1194 1308 cum
1222 1253 1429 1324 antiquitatibus

121 1331 268 1401 Tyriorum
295 1350 332 1385 ex
352 1332 487 1400 Josephos
506 1331 705 1402 Aegyptiorum
731 1350 768 1386 ex
786 1333 952 1387 Manethone
973 1338 1002 1386 et
1019 1335 1173 1396 Herodoto,
1199 1333 1371 1403 Assyriorum
1391 1351 1429 1387 ex

121 1412 252 1465 Diodoro.
292 1411 346 1464 Sed
367 1410 500 1464 sufficiunt
519 1413 650 1466 hactenus
676 1413 750 1466 dictu
769 1413 804 1466 ud
824 1413 1050 1481 comprobandum
1070 1413 1110 1476 id,
1136 1414 1206 1483 quod
1231 1413 1306 1466 initio
1332 1429 1428 1482 propo·

122 1490 207 1544 situm
227 1497 282 1544 ost:
307 1490 393 1544 videri
414 1491 543 1559 epocham
568 1491 785 1555 astronomicam,
805 1507 875 1563 quse
896 1501 986 1545 ornnes
1012 1492 1126 1546 omnium
1150 1494 1321 1561 planetarum
1340 1498 1429 1546 motus

122 1571 211 1624 habet
231 1569 373 1639 dispositos
394 1569 535 1639 inponetis
556 1571 736 1644 cardinalibus
757 1589 842 1642 eoque
862 1571 1006 1625 creationis
1025 1577 1158 1626 momento
1177 1579 1220 1624 est
1233 1579 1427 1634 consentaneo,

123 1665 263 1720 annosque
274 1649 350 1704 3993
361 1651 397 1704 sb
407 1666 441 1704 es
450 1651 485 1703 sd
495 1650 629 1706 Christum
648 1651 796 1707 rectissime
816 1650 952 1706 conciliari
972 1667 1032 1705 cum
1046 1651 1160 1706 historic
1173 1667 1253 1704 suoru
1267 1651 1426 1721 etprofanc.
