3412 5538
653 271 968 362 mrabmobranolodets.
1419 277 1484 346 113

124 417 160 482 rbi
173 437 249 486 cum
267 422 421 510 Sualyga
435 429 570 508 Polouo,
590 431 723 498 Dsoleri
739 436 834 502 vestri
856 437 948 519 pullo,
962 438 995 502 iu
1009 443 1097 520 parts
1113 437 1182 505 libri
1197 423 1308 516 eorm„
1319 437 1365 502 ita
1379 446 1415 504 nt
1428 457 1489 506 uuo

126 529 189 574 auno
204 511 319 592 ipsum
332 511 510 599 isuperasse
524 520 639 586 videar.
653 581 656 588 .

181 595 354 670 (Ziagleruar
380 605 535 672 Hysteriuru
551 616 622 662 tunm
640 611 875 682 cosmographiam
892 627 957 667 auno
976 614 1044 670 1596
1062 616 1157 668 editum
1173 619 1227 681 jam
1246 616 1289 668 dtu
1308 617 1403 670 imam
1421 617 1491 683 apud

127 675 292 740 typographos
309 683 446 730 nostrates
459 681 566 746 inquiro,
583 690 610 733 st
627 689 714 735 tamsn
726 689 780 751 ejus
791 701 832 737 ms
852 687 919 752 oepit
931 687 1092 748 desiderium,
1112 693 1165 740 tom
1178 696 1237 739 ante
1255 703 1286 738 ex
1296 689 1404 740 lectione
1417 686 1488 756 Opti-

129 757 201 795 m
214 751 314 808 mum,
327 756 388 802 sam
399 765 482 816 nuper
494 767 524 803 ax
536 753 587 804 tuis
599 755 697 819 lltarla)

206 817 287 883 Dixi
303 823 340 884 iu
356 814 548 903 parte'libri3
565 827 631 908 quis
647 827 726 890 euim
734 829 884 893 Hercules
900 829 1046 894 adversus
1058 831 1146 893 'illnm
1158 831 1366 913 prodigiosum
1382 849 1487 894 cumu-
1573 820 1577 832 ⁸

131 905 182 968 lum
195 907 375 974 lectionum
390 913 488 975 totius
503 915 711 997 antiquitatis,
734 937 823 1000 quam
839 937 895 1000 ego
911 919 1031 1001 quidem
1055 920 1214 983 exosculor
1236 939 1384 1002 quamque
1401 939 1488 1002 gem-

132 1013 203 1058 mam
225 1017 301 1063 esse
327 1008 364 1063 et
384 1001 499 1066 babere
520 1004 601 1066 volui
622 1025 708 1068 meae
735 1009 932 1088 βιβλιοθηκης.
979 1009 1075 1072 Stilus
1094 1009 1270 1090 juveniliter
1300 1009 1434 1072 luxuriat
1457 1015 1490 1071 et

132 1085 282 1166 allegoriis
304 1090 400 1166 ludit,
423 1108 514 1173 quae,
535 1113 568 1155 re
590 1093 723 1158 nondum
743 1116 906 1179 persuasa,
929 1098 1042 1162 dilierd
1065 1097 1205 1162 debuisse
1227 1099 1379 1161 videntur.
1423 1098 1489 1161 Res

132 1173 193 1255 ipsa
207 1195 286 1240 vero
302 1179 490 1243 Deokerium
505 1191 660 1246 auctorem
675 1185 765 1248 facile
780 1185 891 1267 prodit

213 1265 265 1328 De
288 1268 378 1332 libris
404 1273 590 1346 (mmmmbtls
602 1283 628 1331 ln
638 1281 791 1336 bibliotheca
808 1283 939 1350 hospitalis
956 1297 1033 1350 propa
1051 1297 1146 1350 pagum
1166 1283 1274 1344 buram,
1295 1298 1357 1350 quos
1374 1290 1491 1338 raosmet

129 1359 273 1427 lustau)
303 1358 406 1420 beasti
427 1377 475 1422 mo
501 1361 632 1424 historia
658 1369 691 1425 et
714 1365 896 1432 desiderium
921 1383 970 1427 me
997 1365 1125 1428 incessit
1145 1365 1264 1428 risendi
1286 1363 1396 1428 librum
1417 1365 1488 1427 ble-

128 1443 256 1506 sobillae
280 1445 320 1508 de
340 1449 474 1511 motibus
497 1450 649 1513 coelorum
672 1446 747 1532 (nisi
767 1454 890 1534 punctis
909 1453 1036 1517 mutatis
1053 1453 1256 1517 Arabicornm
1278 1455 1490 1517 characterum

126 1531 307 1597 biesaballa
321 1531 396 1616 sit);
420 1537 494 1601 item
509 1539 710 1604 Merentiadis
732 1543 880 1624 astrologi
897 1543 936 1606 ad
951 1542 1131 1624 petitionem
1147 1541 1340 1606 Scuamioba.
1371 1540 1489 1614 Quodsi

125 1619 163 1682 Β.
179 1622 217 1685 Τ.
233 1623 361 1688 dabitur
377 1645 495 1688 rursum
510 1627 689 1709 inspiciendi
704 1629 798 1694 libros
813 1632 892 1708 illos,
913 1650 988 1713 rogo
1003 1639 1039 1694 ut
1054 1631 1091 1694 de
1108 1638 1212 1694 aetate
1229 1631 1387 1713 scriptoris
1403 1632 1489 1695 etde

127 1709 403 1776 observationibus
420 1715 678 1798 aequinoctiorum
700 1719 870 1802 ceterisque
893 1720 936 1783 sis
959 1720 1116 1784 sollicitus.
1131 1753 1176 1766 -
1196 1720 1369 1804 Epistulam
1391 1726 1491 1786 totam

126 1797 251 1864 Gratiis
276 1801 413 1866 dicatam
428 1805 630 1885 pulcherrimo
652 1807 711 1870 line
736 1828 865 1873 coronas
887 1809 1101 1873 observatione
1123 1809 1249 1872 insolita
1263 1809 1363 1884 iridis,
1385 1809 1489 1890 ouius-
1524 1871 1528 1876 .

124 1890 211 1952 modi
229 1891 372 1955 studiose
389 1893 513 1975 colligo:
530 1896 585 1959 sed
601 1913 705 1960 omues
720 1904 775 1961 tua
789 1899 909 1962 isthaec
923 1898 1020 1961 vineit
1034 1898 1173 1962 raritate.
1203 1898 1253 1961 Ex
1268 1899 1406 1962 omuibus
1421 1897 1491 1981 qni·

124 1978 197 2042 dem
219 1979 302 2044 baec
323 1981 452 2064 colligo,
475 2003 588 2065 magna
602 2005 659 2048 nos
674 1985 866 2068 ignoratione
881 1999 1010 2052 naturae
1033 1988 1147 2063 teneri3
1172 1992 1207 2049 at
1220 1986 1334 2062 neseio,
1359 2006 1399 2050 an
1412 1988 1490 2051 baec

123 2067 302 2148 weeulatio
317 2069 387 2153 ipsa
401 2071 461 2135 boo
475 2073 562 2136 nobis
579 2073 678 2151 duat,
700 2077 863 2140 tacendum
885 2075 995 2158 optiois
1017 2077 1161 2159 loquente
1176 2077 1254 2140 Deo.
1268 2107 1314 2124 -
1328 2075 1408 2140 Vale
1423 2075 1490 2142 Ro-

123 2157 262 2220 verende
278 2159 339 2222 Vir
354 2167 388 2223 ot
403 2178 468 2224 rem
483 2163 719 2228 astronomicam
734 2165 839 2229 sedulo
855 2183 947 2248 agere
961 2184 1065 2248 perge.
1148 2189 1151 2198 ’

198 2281 294 2333 Altera
303 2281 412 2349 Koplerl
423 2286 538 2352 epistola,
551 2285 645 2342 Ssrarli
655 2290 789 2355 praecipue
801 2289 889 2341 literas
901 2295 1028 2356 spectans,
1040 2287 1105 2342 baeu
1118 2293 1170 2339 ert:
1278 2334 1281 2342 .

219 2388 300 2453 Sero
319 2391 483 2480 admodum
496 2413 554 2460 uec
568 2396 627 2460 nisi
642 2403 715 2478 post
728 2396 813 2461 illum
828 2397 923 2471 diem,
945 2414 1004 2478 quo
1025 2396 1097 2461 binc
1117 2395 1157 2457 ad
1176 2399 1331 2456 mercatus
1350 2393 1490 2458 henco-

125 2479 290 2542 iurtenses
307 2481 476 2545 discessum
492 2491 556 2561 est,
577 2485 685 2549 literas
706 2493 829 2549 vestras
845 2485 912 2550 Gal.
926 2485 1007 2567 Aug.
1029 2485 1208 2566 obsignatas
1224 2483 1337 2564 accepi.
1382 2483 1491 2566 Itaque

122 2568 317 2633 tarditatem
338 2571 370 2634 in
385 2573 595 2654 respondendo
620 2594 681 2639 nou
703 2593 822 2638 omnem
843 2575 915 2640 mibi
937 2573 1137 2657 imputabitis.
1176 2569 1277 2636 Grata
1291 2570 1365 2636 mibi
1380 2571 1438 2635 fuit
1452 2572 1491 2638 de

122 2655 285 2739 Coigueto
306 2660 435 2736 relatio,
457 2681 552 2745 eoque
567 2663 700 2745 gratior,
725 2664 805 2746 quod
821 2665 860 2728 ab
874 2664 1013 2730 Adriano
1027 2662 1167 2726 Romano
1182 2661 1337 2742 proiecta,
1360 2659 1444 2741 cujus
1459 2661 1491 2724 in

119 2746 213 2811 bisce
243 2749 465 2831 perspiciendis
488 2753 642 2834 cognitam
663 2753 762 2834 babeo
791 2753 989 2836 diligentiam.
1033 2751 1103 2816 Erit
1124 2751 1202 2814 haec
1224 2756 1279 2813 tua
1301 2767 1396 2832 opera
1418 2749 1492 2813 'mibi

119 2837 213 2900 utilis
228 2838 266 2908 in
276 2837 480 2927 literisquas
493 2842 533 2904 ad
548 2842 647 2924 ipsum
663 2837 847 2924 Goiguetnm
864 2842 995 2906 destino.

215 2926 344 3009 Lydiati
358 2928 454 3010 Angli
468 2929 602 2996 libellum
617 2932 654 2995 de
671 2952 818 2996 annorum
833 2932 937 2996 iormis
952 2931 1033 2994 iuter
1047 2929 1164 3014 'prim0s
1180 2927 1247 2992 emi.
1291 2925 1493 3008 Diligentiam

118 3017 308 3080 nonnullam
322 3018 355 3080 iu
369 3018 500 3100 legendo
516 3026 549 3083 et
562 3020 746 3102 pensitando
762 3022 1002 3104 castigandoque
1018 3017 1174 3100 Scaligeri
1190 3035 1282 3099 opere
1304 3016 1343 3079 de
1358 3016 1491 3096 Tempo-

118 3105 212 3169 ribus
228 3107 443 3172 auimadverti.
486 3109 594 3192 Itaque
617 3111 726 3194 aliquis
741 3111 790 3176 bio
805 3111 886 3174 illius
902 3110 1038 3173 auctoris
1054 3129 1128 3173 usus
1145 3125 1214 3169 essa
1230 3104 1354 3188 poterit
1393 3103 1490 3168 Cete-

120 3215 193 3258 rum
215 3195 249 3258 in
272 3195 412 3258 themate
432 3197 499 3278 ipso
522 3199 626 3262 delicit
645 3218 721 3281 opus
743 3200 861 3264 atituli
883 3199 1090 3280 amplitudine.
1132 3193 1338 3278 ’tyrannidem
1361 3193 1493 3257 inrisam

123 3284 249 3366 passim
265 3284 407 3366 abrogat,
422 3306 532 3350 novam
547 3288 613 3370 ipse
629 3289 756 3353 stabilit
785 3289 954 3354 Honestior
970 3295 1019 3351 est
1034 3307 1108 3352 saue
1124 3285 1179 3350 illa
1194 3283 1335 3366 tyrannis
1349 3283 1405 3346 sub
1422 3301 1491 3346 ore-

123 3373 273 3436 berrimis
289 3373 442 3456 Scaligeri
458 3377 582 3443 vocibus
599 3386 671 3453 est,
688 3377 773 3454 init,
792 3379 875 3442 nullo
890 3397 948 3444 nec
963 3386 1089 3441 auctore
1104 3394 1162 3438 neo
1177 3373 1297 3437 ratione
1313 3372 1405 3448 diota.
1420 3371 1491 3454 quia

124 3463 271 3526 mamma
287 3470 351 3528 est:
376 3472 412 3528 at
425 3484 480 3546 pro
496 3465 555 3530 hac
569 3467 657 3530 nobis
671 3467 823 3549 Lydiatus
843 3465 1031 3532 subintrudit
1052 3462 1336 3544 arrogantissimam
1351 3469 1384 3526 et
1397 3461 1491 3543 plano
1610 3501 1612 3508 ,

126 3551 361 3616 intolerabilem
385 3555 577 3636 tyrannidem
601 3577 673 3623 suae
700 3557 813 3632 doxae,
842 3555 1108 3620 fastidiosissimus
1132 3552 1279 3628 feminae,
1302 3550 1350 3614 oui
1372 3567 1493 3648 semper

129 3641 325 3706 contrarium
355 3642 485 3708 videbar.
534 3645 644 3729 Itaque
677 3644 708 3710 in
739 3654 829 3710 tauta
858 3645 1040 3728 praesertim
1074 3641 1278 3707 astronomiae
1308 3639 1494 3721 ignorantia,

132 3739 229 3794 tauta
253 3738 419 3812 praeterea
442 3734 540 3798 trabis
569 3735 777 3816 magnitudine
805 3735 837 3798 in
865 3733 952 3798 oculo
974 3733 1113 3816 proprio,
1139 3729 1209 3811 jure
1230 3728 1412 3794 modestiam
1432 3729 1493 3793 bo.-

130 3819 223 3882 rniuis
246 3820 389 3886 desidero
411 3821 442 3884 iu
466 3824 598 3888 eruenda
620 3825 740 3887 festuca
762 3843 801 3886 ex
817 3824 903 3888 oculo
920 3822 1080 3904 Scaligeri.
1126 3816 1304 3900 Quicunque
1324 3818 1404 3882 bano
1418 3836 1493 3900 pro-

129 3907 266 3972 vinciam
284 3909 324 3972 iis
339 3910 576 3990 conditionibus,
596 3931 672 3995 quas
692 3913 767 3990 dixi,
788 3911 925 3995 suscipit,
946 3913 975 3976 ei
990 3929 1048 3994 ego
1070 3907 1204 3990 spondeo
1225 3907 1347 3972 fidelem
1362 3925 1495 3990 operam,

137 3996 190 4060 sed
208 4017 278 4060 eam
294 4020 315 4060 a
324 3998 440 4079 judicio
455 4002 554 4084 magis
570 4009 603 4066 et
617 4001 762 4078 mathesi,
778 4021 867 4084 quam
882 4023 902 4065 a
916 4001 1048 4064 lectione
1065 4005 1237 4074 auctorum,
1260 4017 1320 4078 qna
1335 3995 1495 4066 destituor.

137 4085 285 4150 Ceterum
300 4095 336 4150 nt
350 4087 480 4154 feliciter
494 4091 644 4173 procedat
658 4091 731 4154 talis
747 4092 883 4174 scriptio,
899 4110 974 4172 opus
989 4090 1110 4153 videtur
1125 4087 1221 4170 ipsius
1231 4085 1383 4167 Scaligeri
1393 4104 1496 4167 opera,

136 4181 170 4237 ut
189 4177 464 4242 communicatione
486 4180 691 4244 bibliothecae
713 4187 746 4243 et
766 4180 954 4262 quorundam
976 4177 1148 4258 descripta,
1167 4182 1204 4238 ut
1223 4175 1405 4258 Ignatianae
1427 4171 1494 4255 epi·

137 4265 235 4330 stolae
259 4266 312 4330 iao.
334 4267 443 4332 baberi
463 4271 593 4352 possint
636 4265 832 4340 Quinetiam
846 4270 994 4345 interest,
1018 4285 1076 4351 quo
1097 4273 1223 4330 auctore
1244 4265 1417 4330 scribantur
1435 4263 1495 4324 has

138 4363 244 4432 ηομες
270 4357 372 4420 omnia
388 4357 590 4438 praejudiciis,
606 4359 707 4422 omnia
723 4358 800 4422 odiis
815 4366 1041 4440 praeoccupata
1057 4351 1154 4420 vides.
1180 4351 1216 4418 Si
1231 4353 1354 4420 Jeauita
1369 4351 1494 4425 scribat,
1594 4369 1598 4397 ¹

138 4444 306 4525 apudillos,
323 4464 420 4527 penes
430 4467 505 4528 quos
515 4455 634 4530 regnat,
649 4467 704 4529 pro
715 4468 776 4512 non
785 4449 900 4530 scripto
908 4447 1089 4516 habemas)
1107 4443 1208 4508 Movit
1222 4463 1271 4508 me
1288 4439 1347 4526 (nt,
1363 4437 1495 4542 asculi.-

140 4550 209 4614 gero
233 4535 410 4616 digressus,
435 4538 476 4599 ad
496 4556 545 4600 me
566 4532 703 4620 veniam)
727 4537 931 4601 consideratio
953 4535 1074 4612 eadem,
1094 4543 1142 4609 ut,
1169 4552 1247 4617 quae
1267 4533 1325 4596 sub
1343 4527 1496 4632 praesrdro

140 4625 232 4686 vestri
253 4624 436 4688 Deckerii
458 4625 619 4709 Sualyga
639 4625 774 4690 Polonus
797 4627 834 4690 de
854 4624 1006 4690 Natalitio
1025 4622 1147 4688 Christi
1170 4621 1309 4703 scripsit,
1336 4634 1496 4682 oooasroue
1530 4655 1533 4668 ι

142 4709 233 4778 bbelli
245 4715 309 4778 snei
325 4715 364 4776 de
380 4711 484 4778 Stella
503 4716 679 4782 recuderem
699 4715 835 4797 meisque
853 4712 1041 4789 bominibus,
1063 4712 1120 4776 snb
1141 4710 1249 4792 quibas
1265 4715 1359 4809 uatus
1372 4713 1405 4768 et
1419 4705 1497 4770 edu·

142 4811 224 4868 oetas
239 4822 310 4870 aum
324 4811 359 4866 et
375 4822 503 4885 qnorum
517 4804 748 4888 congregationi
758 4804 886 4886 iubente
903 4801 1030 4870 cbristo
1045 4800 1207 4885 acquiesco
1224 4793 1389 4881 (oxoopas,
1402 4813 1497 4880 quan¹

188 4908 278 4960 “PM
293 4907 367 4958 ὒν·
381 4907 416 4950 Ν·
1268 4899 1287 4953 0
