3412 5538
248 339 311 421 134
628 408 635 423 ,
724 357 827 422 Kepleri
838 357 924 408 studia
935 356 1114 422 chronologica

230 503 367 579 Media,
395 503 445 565 hic
466 501 498 564 in
520 501 638 584 Lydia,
664 500 892 581 utiquedeleto
916 499 1083 580 Assyriaco
1106 505 1140 561 et
1160 497 1342 579 posteritate
1366 493 1598 562 Sennacheribi.

218 664 220 675 ¹
243 596 324 658 Nam
346 592 439 656 etiam
459 591 591 673 Assyria
620 609 658 652 ex
679 591 738 652 hoc
759 597 895 670 tempore
917 588 1072 650 invenitur
1094 587 1250 668 adscripta
1274 587 1396 667 regibus
1417 585 1598 668 Babylonis
1642 634 1646 652 .

243 683 406 746 Manassae
423 680 488 761 jam
503 681 586 744 solus
602 678 666 740 siue
681 685 769 760 patre
786 679 903 758 collega
918 677 987 740 Rex
1001 675 1109 752 Judae,
1125 678 1225 739 iactus
1239 675 1433 750 insolentior,
1456 676 1514 738 sub
1538 675 1597 737 hoe

244 773 323 836 forte
338 769 552 852 Aporonadico
562 768 750 850 Babylonem
766 768 884 830 ducitur
900 767 1047 848 captivus.
1077 768 1127 828 Ita
1142 764 1255 828 mansit
1269 783 1331 846 pax
1344 766 1375 833 in
1392 763 1501 828 diebus
1508 765 1592 826 1660-
1635 781 1638 788 ·

244 861 339 924 chiae.
369 859 448 922 Hinc
459 858 524 938 jam
538 857 699 940 Babylonii
714 864 863 938 usurpant
878 857 998 919 titulum
1012 856 1099 936 regni
1107 855 1312 937 Assyriorum,
1328 855 1407 918 sicut
1422 855 1479 916 sub
1497 853 1593 934 stirpe

242 948 412 1031 Assyriaca
427 947 530 1029 Reges
545 947 619 1010 Nini
633 945 754 1009 titulum
768 946 959 1028 usurpabant
972 943 1147 1028 Babylonis.
1177 945 1248 1008 Non
1263 945 1400 1007 iecerunt
1414 943 1475 1006 hoe
1490 942 1596 1023 Reges

242 1039 364 1102 Mediae
386 1039 444 1100 huc
459 1056 555 1119 usque
571 1036 699 1117 quidem.
737 1033 818 1106 Quid
833 1035 916 1099 aliud
930 1035 999 1098 inde
1019 1035 1171 1115 colligitur
1193 1051 1283 1115 quam
1302 1035 1376 1108 hoo,
1399 1032 1478 1095 duas
1502 1032 1596 1094 luisse

243 1128 334 1192 sedes
349 1125 467 1206 imperii
480 1125 642 1208 Assyriaci
659 1119 719 1207 (uti
733 1131 843 1205 postea
866 1124 921 1187 sub
936 1124 1040 1188 Persis
1057 1119 1138 1186 Susa
1154 1130 1186 1186 et
1199 1123 1371 1198 Ecbatana,
1396 1122 1440 1184 sio
1456 1121 1513 1184 sub
1529 1122 1594 1186 As-

242 1209 348 1299 syriis)
364 1215 477 1278 Ninum
492 1223 526 1278 et
539 1213 737 1295 Babylonem,
752 1221 910 1296 utramque
926 1215 966 1275 ab
980 1214 1138 1294 Euphrate
1152 1212 1310 1293 irriguam
1331 1211 1356 1274 si
1371 1209 1509 1274 Diodoro
1527 1229 1594 1273 ore-

242 1306 353 1368 dimus:
384 1311 418 1367 at
441 1305 467 1366 si
481 1305 656 1386 Herodoto,
677 1304 775 1366 Ninus
797 1304 837 1366 ad
859 1303 974 1384 'ligrim
996 1303 1057 1365 sita
1080 1309 1162 1376 erat,
1185 1309 1218 1364 et
1238 1303 1343 1364 Moses
1366 1300 1441 1364 dicit
1461 1300 1593 1363 Hidekel

240 1393 376 1469 fluvium,
397 1393 448 1474 qni
463 1394 564 1475 Tigris
579 1392 815 1474 interpretatur,
837 1393 950 1455 vadere
967 1399 1078 1454 contra
1088 1391 1252 1474 Assyrios,
1275 1407 1400 1474 quorum
1415 1389 1593 1471 metropolis

242 1483 300 1546 luit
314 1483 421 1546 Ninus.
1616 1486 1621 1497 '

327 1589 371 1652 Bt
386 1607 439 1652 cur
461 1588 542 1652 aliud
564 1589 685 1652 sithoc
715 1594 868 1668 tempore,
903 1604 971 1652 cum
994 1585 1211 1668 antiquissimis
1233 1585 1423 1666 temporibus
1447 1585 1505 1650 sub
1527 1585 1596 1666 ipsa

238 1677 327 1758 hujus
342 1675 428 1758 regni
444 1671 541 1760 (quod
554 1665 682 1759 primum
698 1684 766 1739 erat
780 1677 812 1746 iu
821 1670 938 1756 Terris)
955 1676 1080 1740 exordia
1095 1675 1175 1738 idem
1189 1675 1281 1758 luent
1292 1671 1387 1757 (Gen
1406 1675 1456 1750 lo,
1472 1674 1495 1738 8
1509 1669 1594 1755 ss.)?

238 1769 329 1830 Vers.
347 1767 404 1832 11:
431 1767 488 1842 „de
505 1774 589 1830 terra
604 1767 658 1830 illa
674 1759 809 1847 (Seuear
823 1759 966 1846 Nimrod)
990 1783 1132 1847 egressus
1155 1771 1205 1828 est
1227 1757 1278 1846 (ut
1299 1765 1368 1845 lego
1392 1783 1460 1826 cum
1482 1765 1593 1845 Augu-

239 1850 337 1938 stino)
356 1857 390 1918 iu
409 1856 509 1920 Assum
532 1855 676 1919 ditionem
697 1854 823 1918 Aesuris
846 1854 982 1917 Semitas
1005 1864 1038 1918 et
1062 1853 1238 1918 aedificavit
1260 1851 1389 1918 Ninive“
1416 1853 1470 1916 &a
1512 1853 1595 1916 Ecce

237 1945 424 2028 primaevam
449 1944 553 2009 sedem
575 1945 768 2008 monarchiae
792 1945 997 2026 Babylonem,
1022 1943 1239 2008 secundariam
1261 1943 1375 2006 Ninum
1397 1941 1429 2005 in
1452 1943 1596 2025 Assyria

237 2036 354 2099 Veram
375 2041 479 2098 autem
501 2053 569 2096 esse
584 2033 759 2109 lectionem,
781 2033 861 2115 quod
875 2034 1004 2096 Nimrod
1028 2032 1235 2096 aedificaverit
1255 2032 1387 2096 Niniven
1405 2032 1438 2098 in
1452 2032 1596 2115 Assyria,

239 2143 306 2187 cum
320 2124 379 2188 hoc
393 2124 493 2204 ipsum
509 2123 618 2204 arguit,
634 2123 713 2206 quod
729 2123 813 2203 cujus
828 2122 914 2203 regui
929 2123 1107 2205 principium
1126 2123 1158 2184 iu
1173 2120 1315 2200 Seunaar
1333 2131 1597 2198 commemoratur,

238 2212 304 2294 ejus
320 2209 462 2276 dilatatio
485 2213 586 2294 aliqua
600 2213 632 2276 in
646 2211 808 2293 Assyriam
829 2231 923 2294 usque
946 2211 1157 2276 consecutione
1181 2211 1329 2274 orationis
1353 2211 1596 2293 subintelligitur

239 2309 395 2366 secutura:
425 2311 490 2366 tum
505 2302 599 2366 etiam
613 2301 694 2383 quod
708 2302 847 2365 Micheas
861 2303 1013 2384 propheta
1027 2302 1093 2382 ipse
1117 2301 1160 2364 sio
1176 2301 1272 2381 legit,
1295 2300 1346 2383 qui
1358 2307 1479 2365 terram
1493 2303 1597 2368 Assur

143 2474 145 2482 Ι
237 2411 292 2474 per
307 2391 502 2473 expolitionis
517 2393 649 2474 figuram
658 2390 690 2454 in
706 2391 839 2454 secunda
855 2389 1017 2455 iteratione
1034 2391 1108 2452 dicit
1123 2397 1237 2454 terram
1251 2388 1391 2454 Nimrod.

260 2529 267 2543 ι
326 2497 467 2580 Scriptor
481 2499 630 2562 historiae
644 2498 791 2561 Judithae
812 2496 933 2561 videtur
954 2497 987 2560 in
1001 2517 1091 2560 unum
1111 2497 1316 2579 composuisse
1345 2494 1597 2562 circumstantias

236 2607 346 2663 rernm,
368 2607 444 2670 quae
461 2582 673 2670 aBabyloniis
697 2588 728 2649 iri
742 2588 863 2650 Judaea
879 2595 986 2668 gestae
1010 2595 1081 2651 sunt
1096 2586 1145 2649 hio
1166 2594 1199 2650 et
1219 2593 1294 2667 post
1309 2585 1352 2650 64
1369 2605 1476 2648 annos.
1508 2587 1555 2649 Ut
1570 2587 1595 2649 si

236 2678 419 2740 Holofernae
435 2677 478 2739 sit
494 2677 555 2740 dux
570 2676 723 2740 exereitus
738 2677 945 2757 Aporonadici
959 2676 1056 2757 Regis
1071 2675 1269 2758 Assyriorum
1290 2675 1321 2738 in
1335 2675 1498 2757 Babylone
1513 2677 1594 2740 resi-

238 2765 354 2828 dentis:
377 2767 542 2828 Manassae
558 2765 716 2828 dedititius
733 2766 815 2827 absit
830 2787 849 2828 a
863 2766 1037 2846 Babylone,
1057 2765 1177 2828 Judaea
1192 2771 1298 2828 careat
1311 2780 1394 2848 rege,
1408 2765 1596 2830 Holofernae

236 2855 429 2918 nihilominus
451 2855 684 2935 progrediatur,
705 2853 834 2917 Bliacim
857 2856 1000 2918 sacerdos
1022 2854 1148 2935 negotia
1169 2854 1254 2935 regni
1277 2860 1401 2918 tractet
1437 2854 1500 2918 Hic
1516 2857 1594 2918 euim

235 2943 288 3006 Es.
304 2946 354 3018 22,
371 2946 414 3006 20
429 2943 597 3006 invenimus
610 2943 738 3006 Eliacim
753 2944 880 3007 Helciae
895 2943 996 3019 iillum,
1012 2944 1062 3026 qui
1078 2943 1227 3008 successit
1237 2941 1360 3006 Sobuae
1377 2944 1433 3007 sub
1447 2943 1592 3010 Ezechias

235 3032 278 3094 Bt
293 3032 403 3096 abhinc
419 3040 504 3095 esset
517 3032 603 3095 loous
617 3033 822 3112 longaevitati
830 3033 976 3096 Judithae
992 3039 1065 3096 ante
1079 3033 1190 3096 ultima
1204 3033 1287 3095 mala
1301 3033 1450 3096 iudaeae.
1483 3033 1593 3098 Oratio

108 3187 110 3192 ,
234 3121 460 3184 vervohioris
477 3122 514 3184 de
529 3122 629 3185 reditu
645 3121 745 3203 gentis
766 3141 805 3184 ex
820 3123 1000 3202 captivitate
1016 3122 1146 3203 intelligi
1168 3129 1276 3202 potest
1292 3139 1360 3184 cum
1375 3123 1413 3184 de
1431 3123 1474 3185 10
1491 3125 1593 3188 tribu-

97 3284 100 3298 ,
234 3209 290 3273 bus
307 3210 362 3273 sub
379 3209 623 3285 Salmsnassare,
638 3218 703 3274 tum
718 3211 755 3273 de
764 3211 891 3274 Judaeis
909 3212 963 3274 sub
980 3209 1208 3275 Sennacheribo
1232 3205 1367 3294 (quando
1383 3219 1503 3275 terram
1511 3213 1594 3277 Jnda

234 3299 300 3379 ipse
325 3300 463 3362 vastavit
490 3301 640 3382 urbesque
661 3307 785 3380 praeter
799 3300 1023 3382 lerosolymam
1038 3295 1242 3383 expugnavit)
1266 3300 1407 3364 abductis
1436 3296 1508 3382 (Hs.
1527 3298 1594 3384 14).

232 3387 276 3450 Et
291 3408 315 3450 0.
326 3383 355 3453 7.
370 3389 516 3471 Ephraim
531 3390 627 3453 habet
642 3389 684 3452 65
701 3410 805 3465 annos,
829 3397 991 3472 antequam
1006 3391 1128 3471 penitus
1145 3390 1267 3452 desinat
1286 3408 1355 3460 esse
1370 3391 1519 3472 populus:
1544 3394 1594 3475 qui

233 3477 304 3539 anni
320 3479 490 3541 extendunt
505 3499 538 3543 se
553 3498 608 3560 per
623 3474 666 3542 47
681 3478 763 3542 ultra
779 3479 928 3542 excidium
944 3479 1102 3542 Samariae
1119 3485 1151 3542 et
1167 3479 1376 3555 terminantur
1391 3480 1507 3545 abhinc
1521 3490 1594 3564 post

232 3564 275 3628 23
298 3587 394 3630 annos
416 3567 447 3630 in
470 3588 574 3632 aeram
596 3567 676 3643 326,
697 3569 777 3631 unde
794 3575 938 3650 apparet,
961 3569 1109 3650 quomode
1132 3568 1294 3632 Isratlitae
1322 3569 1416 3632 etiam
1430 3572 1592 3652 possidere

232 3654 372 3720 dicantur
387 3657 491 3720 urbem
509 3666 542 3720 et
557 3658 710 3740 templum.
742 3652 829 3738 (Esa
846 3652 888 3720 27
891 3705 898 3720 .
914 3657 964 3720 28.
982 3656 1035 3720 Os.
1046 3651 1092 3739 3.)

318 3763 386 3826 Hae
402 3763 496 3844 igitur
513 3747 760 3828 circumstantiae
781 3763 861 3826 illius
883 3763 1029 3828 historiae
1045 3763 1190 3828 Judithae
1207 3764 1247 3826 ad
1261 3763 1325 3826 ista
1339 3765 1496 3846 quadrant
1512 3773 1591 3832 tern-

229 3870 319 3934 pora;
345 3859 449 3916 cetera
464 3859 499 3915 ut
514 3861 547 3916 et
563 3854 670 3918 horum
685 3854 830 3918 nonnulla
844 3853 1001 3917 invenient
1015 3853 1096 3918 iufra
1111 3874 1184 3920 aera
1200 3847 1265 3918 367
1280 3854 1380 3936 locum
1394 3855 1549 3918 idoneum.

316 3945 536 4040 Aera'Templi
551 3959 632 4036 361,
655 3981 702 4023 an.
717 3960 837 4022 Nabon.
854 3959 931 4024 109:
960 3960 1069 4024 Annus
1086 3961 1115 4025 6.
1144 3962 1407 4042 Nab0polassaris
1426 3962 1459 4025 in
1484 3963 1592 4026 tabula

229 4053 485 4110 astronomorum:
503 4049 558 4110 sed
566 4048 631 4112 fieri
640 4056 754 4130 potest,
768 4055 803 4110 ut
812 4049 931 4124 initium
946 4049 1229 4114 anui109.Nabon.
1246 4051 1338 4114 iirerit
1352 4051 1421 4114 finis
1438 4051 1590 4117 611060-

227 4136 287 4217 pol.
319 4135 471 4202 Solebant
489 4137 569 4200 euim
583 4137 745 4218 Babylonii
766 4147 941 4218 computare
963 4160 982 4200 a
1003 4139 1051 4200 die
1067 4140 1166 4204 natali
1181 4142 1275 4222 regni.
1306 4141 1361 4204 Sio
1375 4141 1590 4206 Nabuchodo-

228 4244 321 4288 nosor
336 4247 356 4290 a
370 4226 483 4290 mensis
498 4225 620 4289 Judaioi
639 4227 735 4308 quinti
752 4227 884 4302 decima3
907 4227 1141 4302 Evilmerodaoh
1163 4225 1248 4294 a2'l.
1266 4230 1451 4306 duodecimi;
1477 4232 1588 4296 Nabo-

227 4334 337 4378 nassar
352 4337 371 4378 a
386 4314 438 4378 26.
446 4314 536 4378 Febr.
560 4315 628 4376 Ηο0
643 4315 737 4396 igitur
746 4315 817 4379 109.
833 4336 911 4380 auno
922 4317 1041 4380 Nabon.
1056 4318 1229 4400 incipiente,
1245 4320 1295 4402 qui
1305 4319 1483 4401 excipiebat
1498 4323 1589 4386 finem

157 4479 159 4484 Ι
226 4402 257 4465 5.
266 4404 433 4484 Nabopol.,
455 4402 607 4467 invenitur
630 4404 751 4485 eclipsis
766 4403 872 4466 Lunae
893 4405 922 4469 6.
936 4405 1012 4487 Apr.
1027 4427 1083 4470 seu
1101 4408 1149 4470 12.
1158 4409 1275 4491 Athyr,
1300 4428 1377 4492 quae
1394 4411 1491 4491 plane
1508 4411 1589 4474 idem

226 4499 367 4572 praestat
381 4493 411 4554 in
427 4492 616 4556 astronomia
631 4493 797 4568 formanda,
813 4496 892 4576 quod
907 4495 1033 4560 alterius
1050 4496 1177 4577 alicujus
1194 4498 1345 4580 eclipseos
1361 4499 1498 4562 medium
1508 4502 1587 4564 Pto-

225 4580 342 4643 lemaeo
362 4581 510 4661 profuisse
531 4579 628 4643 visum
649 4589 713 4657 est,
736 4584 903 4647 accersitae
924 4584 1034 4648 abillo
1058 4605 1097 4648 ex
1120 4579 1190 4650 127.
1206 4587 1326 4652 Nabon.
1349 4595 1382 4650 et
1403 4583 1458 4652 27.
1472 4591 1587 4672 Athyr,

226 4670 306 4751 quod
325 4671 456 4734 medium
478 4677 581 4732 tamen
596 4670 651 4732 sub
667 4673 763 4734 Terra
778 4689 872 4752 eoque
888 4693 948 4737 non
971 4675 1167 4738 observatum
1189 4677 1254 4740 fuit.
1299 4677 1344 4740 Et
1360 4685 1457 4742 nota:
1475 4680 1585 4743 obser-

224 4757 325 4833 vatio,
341 4779 429 4841 quam
444 4761 539 4824 refert
553 4759 763 4836 Ptolemaeus,
778 4760 836 4824 hee
851 4769 972 4826 tantum
987 4763 1095 4839 habet,
1113 4785 1192 4828 anno
1208 4765 1238 4830 5.
1254 4767 1412 4848 Nabopel.
1431 4767 1586 4834 deiecisse

226 4845 338 4927 digitos
354 4854 418 4911 tres
434 4849 472 4912 ab
489 4855 592 4912 austro
598 4867 608 4924 ;
632 4848 711 4913 hanc
725 4869 798 4912 rere
813 4853 1011 4931 parenthesin
1025 4852 1223 4920 Ptolemaeus
1240 4856 1278 4920 de
1295 4861 1368 4940 suej,
1392 4864 1429 4922 ut
1446 4858 1585 4926 videtur:
