3396 5540
256 237 318 298 380
768 237 877 302 arrogas
903 237 1049 286 chronicae.

341 409 537 498 Keplerus
560 419 648 488 (Epaa
673 419 735 484 11.):
764 409 924 496 Josephus
959 432 1024 476 non
1053 410 1171 478 diserte
1201 409 1355 489 affirmat,
1383 417 1459 496 post
1489 411 1571 476 rele-

252 503 364 580 gatum
385 499 580 566 Archelaum
602 499 764 564 conditum
784 501 898 580 vicum,
921 499 978 564 sed
997 505 1170 584 postquam
1194 501 1351 584 expedivit
1367 499 1573 580 Archelaum,

252 589 400 653 transivit
423 589 464 652 ad
487 588 649 653 Herodem
671 593 704 652 et
725 587 907 673 Philippum
938 609 1112 671 eorumque
1144 603 1198 653 res
1225 594 1344 670 gestae.
1388 588 1506 671 ltaque
1534 611 1574 653 ne

251 665 313 742 boc
335 677 464 758 quidem
487 683 628 757 certum,
659 678 770 742 eodem
800 697 884 742 anno
908 676 1101 742 Caesaream
1124 684 1156 741 et
1177 677 1309 744 Juliada
1332 677 1512 757 conditam3
1540 682 1575 741 at

226 781 313 830 'nec
339 765 439 830 illud:
471 766 561 850 prius
585 767 776 832 Caesaream
805 767 984 850 inceptam,
1016 767 1076 831 etsi
1106 767 1341 850 praemittitur;
1371 767 1575 850 insigniorem

253 855 431 938 praemisit.

333 964 504 1019 Calvisius
524 963 612 1034 (Epist.
631 967 677 1032 1.):
697 967 740 1020 Ad
760 973 869 1020 sextum
890 973 1090 1036 argumentum
1111 968 1183 1036 quod
1205 965 1287 1034 Caius
1308 983 1378 1020 anno
1394 959 1506 1020 Juliairo
1527 959 1573 1021 «il.

253 1045 281 1098 in
293 1045 427 1098 Judaearn
444 1045 582 1113 proiectus
599 1045 642 1104 sit.
663 1061 772 1114 prorsus
790 1048 893 1100 nnllmn
907 1047 986 1099 rideo
998 1049 1204 1100 firmamentum.
1238 1047 1306 1100 Nam
1322 1049 1392 1118 qnod
1409 1048 1526 1100 affertm
1539 1063 1575 1100 ex

252 1124 356 1187 Tacito,
378 1127 449 1194 quod
470 1123 607 1187 Quirinius
628 1124 741 1178 Caesari
762 1127 842 1180 datus
863 1125 900 1179 sit
919 1132 1010 1200 rector
1029 1127 1146 1178 nondum
1166 1125 1323 1203 vicesimum
1343 1143 1443 1180 annum
1467 1127 1574 1196 agenti,

252 1204 319 1258 illud
343 1203 464 1274 quidem.
478 1204 541 1266 scio,
567 1205 614 1256 sed
636 1205 687 1256 hoc
707 1221 839 1275 nusquam
860 1205 976 1268 invenio,
1002 1212 1031 1260 et
1051 1221 1118 1258 sane
1138 1213 1181 1258 est
1200 1205 1307 1275 phrasis
1327 1207 1409 1260 valde
1430 1206 1574 1275 ambigua,

251 1299 312 1336 oum
333 1283 416 1336 etiarn
436 1285 471 1336 de
491 1283 603 1338 decenni
623 1286 667 1337 vel
682 1285 849 1339 duodecenni
864 1301 949 1354 puero
964 1285 1022 1338 dici.
1032 1285 1126 1354 possit,
1148 1287 1218 1355 quod
1234 1287 1351 1339 nondum
1366 1285 1402 1338 sit
1416 1285 1575 1338 vicesimum

225 1387 228 1406 ι
253 1379 353 1416 annum
379 1379 475 1433 agene.
516 1363 569 1416 Sed
594 1357 692 1432 posito
707 1363 767 1429 hoc,
794 1372 906 1418 exstent
931 1365 1001 1418 haec
1022 1365 1113 1442 ¹rerba
1137 1365 1165 1418 in
1189 1365 1292 1428 Tacito,
1322 1365 1382 1435 quis
1403 1372 1497 1418 tamen
1523 1381 1575 1418 non

252 1441 384 1496 libentius
405 1459 440 1496 ea
460 1443 635 1512 interpretari
656 1443 723 1500 velit
743 1447 777 1498 de
798 1448 913 1498 nondum
934 1446 1067 1513 completo
1088 1444 1215 1498 vicesimo
1237 1451 1329 1500 annot

340 1533 536 1620 Keplerus
560 1541 649 1609 (Epist.
669 1545 733 1610 11.):
763 1535 896 1600 Sextum
924 1541 1150 1618 argumentum
1172 1538 1219 1600 ita
1245 1535 1328 1602 sorte
1353 1538 1415 1616 est,
1439 1540 1493 1616 ut,
1517 1535 1577 1600 nisi

254 1625 364 1689 omncs
386 1621 551 1688 historicos
573 1622 647 1689 falsi
668 1625 822 1705 argueris,
845 1643 910 1689 non
932 1625 973 1689 sis
993 1625 1025 1690 id
1042 1624 1259 1690 confossurus.
1294 1623 1396 1690 Nemo
1418 1624 1577 1690 hactenus

251 1733 372 1778 annum
395 1713 535 1794 negavit,
557 1710 617 1776 hoo
640 1717 711 1778 erat
733 1711 997 1794 chronologorum
1021 1719 1179 1792 erratum,
1204 1713 1292 1796 quod
1317 1713 1430 1799 Cajnm
1458 1713 1502 1778 ad
1525 1733 1576 1777 res

252 1801 388 1866 Herodis
410 1821 475 1864 non
498 1800 713 1884 applicarunt.
748 1802 797 1870 Ex
817 1803 925 1867 Tacito
944 1823 1020 1867 vero
1043 1800 1180 1884 allegavi
1203 1823 1272 1884 ego,
1295 1803 1383 1884 quod
1404 1819 1470 1866 non
1495 1807 1575 1866 erat.

252 1889 369 1954 Glossa
391 1909 463 1954 mea
484 1888 545 1953 suit
566 1890 600 1953 in
622 1889 741 1954 scheda
764 1910 932 1974 expressa,
953 1891 1125 1956 memoriae
1148 1913 1256 1956 causa.
1277 1897 1339 1964 (cfr.
1361 1901 1443 1954 vohi
1463 1917 1488 1967 p.
1504 1899 1576 1964 529.)

253 1977 331 2043 Post
353 1977 478 2060 aliquot
507 1978 573 2042 dies
600 1979 828 2063 superveniens
858 1999 1032 2062 persuasus
1055 1978 1117 2058 lui,
1148 1984 1252 2044 totam
1283 1981 1476 2044 sententiam
1508 2001 1576 2044 esse

253 2065 364 2147 Taciti,
388 2066 443 2132 ubi
465 2069 498 2130 et
520 2088 691 2130 numerum
706 2088 753 2130 *ex
767 2066 824 2132 illa
846 2065 961 2132 infelici
984 2067 1102 2132 scheda
1124 2070 1255 2154 corrupi
1268 2075 1321 2150 25,
1343 2091 1403 2153 pro
1417 2089 1466 2150 eo,
1490 2067 1577 2150 quod

254 2153 365 2218 debuit
389 2161 444 2234 26,
473 2160 510 2218 ut
536 2154 611 2220 folio
639 2155 859 2221 antecedente.
906 2157 1006 2222 Taciti
1028 2157 1088 2222 boc
1115 2162 1178 2236 est,
1208 2155 1422 2242 proficiscenti
1446 2157 1578 2222 Caesari

253 2243 296 2308 ad
318 2243 441 2308 bellum
464 2244 670 2309 Armenicum
699 2243 933 2308 datus‘rector
960 2243 1092 2312 Lollius.
1139 2245 1278 2328 Reliqua
1300 2267 1372 2312 mea
1396 2253 1492 2330 sunt,
1517 2247 1577 2310 vim

253 2333 435 2416 argumenti
456 2331 665 2414 absolventis,
687 2332 831 2398 nondsun
853 2333 966 2415 utique
988 2334 1170 2400 vicesimum
1193 2355 1315 2399 annum
1337 2336 1453 2418 agenti.
1495 2335 1577 2400 Nam

253 2441 388 2486 annoeo
401 2421 512 2486 consul
534 2421 606 2502 fuit,
629 2427 736 2487 rector
758 2420 826 2506 ipse
848 2421 1020 2488 hominum.
1044 2423 1166 2488 Eodem
1185 2425 1302 2488 aetatis
1315 2445 1398 2488 anno
1411 2424 1577 2506 Augustus

253 2509 366 2575 consul
388 2509 510 2590 factus3
538 2510 736 2590 oonsulibus,
751 2517 893 2576 rectores
917 2532 981 2575 non
1004 2511 1177 2593 dantur.*)
1222 2514 1306 2592 Ergo
1329 2513 1406 2595 qnia
1428 2513 1577 2577 vicesimo

253 2619 338 2664 anno
361 2596 484 2678 consul,
507 2601 562 2664 ivit
584 2605 659 2664 ante
683 2605 735 2665 20.
773 2599 836 2664 Sed
859 2621 911 2663 res
933 2605 1060 2666 constat
1081 2602 1148 2665 sine
1170 2600 1232 2666 hac
1248 2601 1350 2667 Taciti
1371 2603 1577 2679 auctoritate,

255 2695 355 2769 atque
379 2689 476 2752 etiam
498 2688 566 2752 sine
590 2689 723 2767 Quirinii
744 2689 915 2755 mentione.

334 2797 508 2853 Calvisius
530 2801 618 2868 (Epist
638 2801 683 2868 1.):
704 2801 812 2853 Addam
831 2800 891 2861 hoc,
912 2803 983 2872 quod
1005 2817 1075 2855 anno
1096 2801 1206 2856 Juliano
1216 2802 1262 2856 45.
1274 2801 1316 2854 hic
1332 2800 1472 2864 Quirinius
1489 2801 1577 2854 adhuc

192 2947 195 2954 ⁴
250 2881 357 2934 Romae
377 2895 491 2932 uxorem
511 2878 680 2947 repudiavit,
711 2885 781 2932 teste
803 2879 931 2938 Suetonio
953 2887 981 2933 et
1001 2881 1095 2934 Tacito
1117 2880 1202 2948 (Suet.
1224 2879 1251 2934 in
1272 2881 1329 2935 Tib.
1351 2898 1410 2951 cap.
1432 2875 1492 2943 49).
1515 2882 1577 2935 Ideo

254 2959 337 3030 cajus
358 2975 428 3012 anno
449 2959 559 3022 iuliano
580 2959 626 3012 45.
654 2959 681 3012 in
702 2975 787 3012 causa
806 2960 921 3012 tiliorum
940 2961 1056 3014 Herodis
1076 2961 1179 3016 Rornae
1199 2963 1348 3030 procedere
1367 2961 1460 3031 potuit
1481 2967 1511 3013 et
1535 2967 1576 3013 ta·

253 3055 315 3094 rnen
336 3055 369 3090 eo
390 3037 448 3108 ipso
470 3055 541 3094 anno
561 3039 603 3091 ire
623 3037 650 3092 in
671 3039 781 3108 Syriam
801 3047 830 3092 et
849 3041 1013 3095 Armenimn

342 3129 534 3214 Keplerus
559 3137 731 3206 (Epist.11.):
760 3131 922 3209 Quirinius
948 3136 1057 3196 tamen
1084 3131 1255 3214 improviso
1277 3123 1418 3216 Lepidae
1446 3129 1579 3213 repudio

253 3237 306 3284 mc
327 3224 480 3303 coeperat
502 3219 704 3302 perturbare.
748 3219 871 3286 Occidit
894 3221 977 3284 enim
999 3219 1230 3302 (accusatione)
1255 3240 1389 3286 uxorem
1412 3220 1578 3302 quondam

254 3327 347 3372 suam
378 3314 430 3374 65.
453 3307 600 3387 Juliano,
623 3308 770 3373 vicesimo
793 3329 832 3372 ex
854 3329 919 3390 quo
942 3310 1178 3394 repudiaverat,
1203 3329 1277 3392 ergo
1301 3329 1385 3374 anno
1403 3309 1457 3374 eo.
1482 3329 1576 3392 repu-

255 3395 364 3462 diavit.
409 3396 492 3475 Quid
515 3397 644 3462 rheam?
673 3397 775 3479 quid?
807 3417 848 3460 an
871 3419 999 3462 necesse
1022 3405 1087 3478 est,
1116 3399 1238 3463 Rornae
1268 3397 1365 3462 hrisse
1388 3397 1579 3476 Quirinium,

254 3505 329 3550 cum
351 3505 484 3550 uxorem
505 3485 708 3570 repudiarit?
727 3486 790 3552 imo
814 3485 929 3550 absens
951 3487 1068 3570 potuit.
1112 3487 1183 3552 Mos
1205 3485 1260 3552 ille
1284 3485 1405 3566 creber,
1430 3485 1579 3564 absentes

254 3573 286 3638 in
309 3574 477 3660 provinciis
506 3595 544 3637 ea
572 3595 682 3657 agere,
710 3595 794 3656 quae
821 3581 1006 3659 praesentes
1033 3574 1181 3657 agebant.
1226 3576 1295 3641 lmo
1322 3595 1398 3640 rere
1426 3595 1580 3658 praesens

255 3661 481 3746 repudiaverit,
504 3661 673 3730 defunctus
698 3663 766 3750 CaJi
788 3663 999 3728 adolescentis
1020 3665 1183 3746 regimine,
1205 3665 1261 3748 qui
1283 3684 1367 3728 anno
1390 3669 1445 3728 46.
1471 3660 1580 3729 consul

254 3749 315 3814 fuit
347 3750 475 3817 absens.
531 3753 634 3817 Cessit
668 3751 833 3836 splendori
866 3751 1052 3818 consulatus
1076 3753 1238 3832 Quirinius
1274 3753 1348 3834 (etsi
1383 3751 1472 3816 utilis
1505 3752 1579 3837 Cajo

254 3838 384 3904 iuturus
396 3837 559 3922 consiliis),
568 3862 608 3905 ne
620 3841 733 3922 consul
745 3845 904 3906 rectorem
917 3840 1035 3906 habere
1047 3841 1221 3922 rideretur,
1234 3841 1261 3906 si
1272 3841 1442 3906 mansisset
1453 3839 1521 3906 ille.
1531 3839 1579 3920 **)

255 3927 305 3992 Tu
335 3927 505 4012 repudium
534 3930 567 3994 in
596 3937 649 3997 45.
672 3929 817 4010 corriers3
849 3931 876 3994 si
906 3937 960 3996 45.
983 3931 1173 4014 repudiata,
1205 3937 1257 3996 65.
1281 3936 1366 3994 esset
1395 3930 1521 4013 primus
1549 3933 1580 3992 ct

254 4017 433 4098 vicesimae,
456 4037 495 4080 ex
518 4038 582 4100 quc
605 4019 793 4103 repudiata3
816 4023 929 4083 cenna
951 4040 1050 4102 quam
1072 4019 1146 4084 libri
1168 4018 1299 4084 habent.

336 4117 512 4184 calvisius
541 4131 631 4200 (Epist
650 4132 696 4198 1.):
727 4131 863 4184 Concludo
889 4129 983 4202 igitur,
1009 4137 1174 4202 argumenta
1199 4131 1303 4184 habere
1324 4145 1420 4198 parum
1446 4129 1573 4198 ponderis

256 4210 293 4264 ad
313 4209 417 4263 obitum
437 4209 553 4262 Herodis
578 4209 605 4264 in
625 4226 725 4266 annum
746 4211 884 4264 lulianum
904 4211 951 4264 42.
973 4209 1174 4280 conjiciendum.
1214 4210 1322 4264 Deinde
1343 4209 1426 4263 unica
1446 4211 1575 4278 Evange-

257 4289 338 4342 listae
362 4291 456 4343 Lucae
482 4287 597 4342 assertio
624 4293 657 4343 de
686 4291 821 4344 tricesimo
842 4306 912 4344 anno
934 4289 1042 4354 Christi,
1070 4308 1130 4342 cum
1155 4289 1350 4360 baptisarctur.
1377 4288 1488 4342 videtur
1515 4287 1578 4341 satis

256 4387 317 4422 csse
338 4371 374 4421 ad
395 4370 485 4422 omnia
505 4375 555 4423 tua
576 4377 742 4440 argumenta
762 4372 919 4424 evertenda.
960 4370 989 4423 Si
1011 4369 1081 4423 enim
1096 4370 1182 4438 juxta
1197 4375 1272 4423 tuam
1287 4367 1440 4438 opinionem
1458 4368 1577 4421 Christus

256 4459 337 4502 natus
363 4455 437 4502 esset
461 4447 489 4502 in
513 4451 567 4503 tine
593 4450 656 4504 anni
677 4449 780 4503 Juliani
800 4452 847 4512 40,
873 4457 938 4504 tunc
959 4465 1045 4504 annus
1066 4451 1191 4504 Julianus
1219 4451 1267 4504 41.
1296 4455 1370 4502 esset
1397 4449 1499 4502 Christi
1525 4447 1575 4516 pri·

336 4677 362 4740 'l
384 4687 581 4750 Argumentum
596 4678 700 4741 inutile,
722 4697 765 4734 ros
779 4687 862 4734 certa.
893 4683 961 4734 Nam
975 4681 1080 4734 omnino
1102 4681 1261 4735 consulis
1282 4689 1373 4734 rector
1395 4679 1449 4732 init
1467 4679 1572 4732 lollius.

323 4759 362 4820 **)
385 4762 439 4814 hnc
452 4759 497 4814 illo
514 4760 570 4827 ipso
593 4777 661 4814 arrno
678 4763 722 4816 46.
746 4764 851 4814 ‹iornum
867 4763 962 4815 missus
977 4764 1010 4814 ad
1027 4761 1134 4826 Cajurn.
1152 4762 1211 4826 ,iarn
1227 4761 1383 4816 Armeniam
1405 4761 1571 4814 obtinentem
