3406 5542
517 361 531 374 -
560 327 682 410 capax.
707 327 784 397 cerus
795 329 964 383 monera
977 330 1077 384 norea.
1426 273 1511 380 331ι

148 473 355 556 persuadebit,
369 473 438 538 illos
454 471 610 539 consilium
624 473 836 538 denominandi
850 473 942 538 urbes
963 495 982 538 a
997 473 1111 540 inutilia
1126 471 1268 540 Caesaris
1284 473 1491 556 suppressisse

149 582 243 646 usque
262 563 302 626 ad
317 572 438 646 tempus
454 564 659 628 absolutarum
674 563 800 639 urbium,
819 563 938 646 quando
954 571 1043 628 erant
1063 565 1269 628 dedicandae?
1298 567 1416 628 'lantes
1432 563 1490 628 im·
1563 597 1566 602 ·

148 673 269 734 pensas,
284 659 406 716 tantum
421 672 531 734 operae
554 653 708 716 distulisse
723 653 754 715 in
776 653 923 716 incertum
939 654 1098 718 eventum?
1134 655 1260 718 Interim
1275 655 1357 717 nulla
1379 671 1493 734 magua

148 761 180 805 re
205 741 433 806 demonstrasse
463 761 548 805 suam
569 743 600 805 in
621 743 794 822 Augustum
821 743 1056 824 gratitudinem?
1093 743 1230 825 Denique
1262 751 1334 824 post
1363 749 1491 818 mortem

147 832 281 912 Augusti
288 833 371 896 Julia
387 831 534 895 aliberio
550 831 713 894 crudeliter
728 832 851 894 deserta
866 832 1076 913 etprofligata,
1091 840 1154 896 tum
1170 835 1287 896 demum
1303 831 1368 910 ejus
1382 851 1492 896 nomen
1544 843 1547 858 '

148 939 296 984 renovare
321 940 412 984 ausos
440 921 471 983 in
493 921 684 984 dedicatione
703 919 912 984 Bethsaidae?
954 923 1093 986 Pertinet
1115 923 1208 1002 igitur
1231 922 1289 985 hoc
1313 922 1492 986 lenocinium

147 1009 267 1090 gratiae
283 1009 416 1092 Augusti
431 1011 517 1074 adid
532 1017 666 1091 tempus,
688 1010 808 1091 quando
823 1010 907 1072 Julia
922 1011 1030 1086 floruit,
1052 1019 1124 1074 ante
1140 1011 1318 1074 sc..exilium
1333 1018 1365 1072 et
1380 1029 1491 1072 annum

146 1098 301 1161 Julianum
315 1098 375 1174 44,
397 1107 489 1162 antea
510 1099 603 1179 igitur
616 1099 777 1162 institutae
792 1099 929 1173 inerunt,
950 1119 1006 1164 nec
1020 1100 1110 1164 aliter
1124 1100 1181 1163 nisi
1196 1106 1353 1181 potestate
1369 1100 1408 1162 ab
1422 1100 1491 1162 Au·

148 1195 239 1268 gusto
254 1187 321 1268 ipso
336 1189 500 1269 impetrata
514 1189 564 1250 vel
578 1187 713 1250 inchoari
721 1189 771 1251 vel
781 1189 967 1251 denominari
976 1197 1149 1269 potueruut,
1163 1198 1312 1270 utcunque
1323 1207 1356 1250 se
1372 1196 1492 1268 tempus

149 1277 353 1340 aedificationi
367 1277 534 1358 impensum
555 1277 635 1340 ultra
655 1277 702 1340 vel
718 1276 865 1341 Archelai
880 1277 1001 1340 exilium
1024 1279 1072 1340 vel
1085 1277 1219 1358 Augusti
1239 1284 1366 1340 mortem
1382 1284 1492 1339 exten·

150 1365 240 1428 derit.
286 1363 402 1437 Quodsi
424 1365 595 1447 perrexerit
608 1365 761 1429 Calvisius
775 1366 986 1447 pertinaciter,
1006 1367 1132 1447 primam
1149 1367 1420 1430 denominationem
1434 1365 1493 1428 Ju-

148 1453 239 1517 liadis
253 1455 389 1517 invenire
405 1475 443 1518 ex
459 1456 536 1518 serie
551 1454 698 1518 historiae
707 1455 843 1537 Josephi,
858 1455 942 1520 dicat
955 1456 1049 1536 igitur
1064 1455 1192 1531 omnino,
1206 1456 1325 1536 quando
1336 1455 1494 1521 credamus

146 1543 178 1606 id
201 1543 349 1606 accidisse
375 1552 446 1625 post
465 1543 612 1609 Archelai
632 1544 769 1619 exilium,
793 1551 865 1608 ante
887 1563 1045 1608 excessum
1067 1544 1218 1628 Augusti?
1256 1565 1295 1606 an
1319 1544 1493 1624 posthunc

147 1632 249 1708 etiam,
263 1632 432 1714 imperante
443 1633 509 1714 jani
524 1632 665 1696 liberio?
694 1640 821 1714 utroque
844 1634 922 1696 enim
937 1643 1072 1716 tempore
1087 1635 1240 1714 Josephus
1254 1635 1333 1697 hunc
1354 1631 1492 1696 denomi-

145 1723 302 1784 nationem
323 1731 546 1786 commemorat
590 1721 726 1784 Videsne
748 1721 880 1797 Calvisi,
894 1731 930 1785 ut
951 1743 1016 1799 res,
1037 1741 1115 1806 quae
1138 1724 1228 1786 durat
1249 1723 1365 1804 aliquot
1387 1739 1493 1794 aunon,
1596 1787 1600 1800 Ι

145 1811 227 1874 nullo
244 1829 346 1874 errore
361 1811 410 1875 vel
425 1812 455 1874 in
471 1811 617 1892 principio
633 1809 681 1874 vel
696 1811 799 1892 medio¹
809 1812 859 1874 vel
874 1812 933 1874 line
949 1812 1116 1876 durationis
1131 1812 1357 1876 commemorari
1371 1810 1493 1892 possit?
1526 1839 1532 1854 ·

237 1899 460 1986 concludamus
481 1894 575 1982 igitur
596 1899 645 1970 vel
666 1901 791 1964 tandem
813 1902 891 1964 huuc
913 1902 1009 1966 locum
1032 1909 1133 1982 etpro
1155 1919 1302 1966 concesso
1317 1901 1494 1973 habeamus,

146 1988 295 2071 siquidem
309 2009 413 2052 verum
429 1987 540 2052 dixerit
553 1989 575 2052 J
576 1988 722 2070 osephus,
745 1989 853 2071 Gajum
866 1991 1056 2071 praesedisse
1071 1991 1188 2056 Rornae
1211 1989 1375 2071 cognitioni
1389 1990 1492 2052 Hero-

145 2078 266 2153 diauae,
282 2085 314 2142 et
328 2079 528 2142 Bethsaidam
538 2078 761 2142 denominatam
777 2079 869 2142 fuisse
883 2079 1007 2156 ,Iuliade
1022 2102 1041 2144 a
1056 2080 1199 2147 Caesada
1213 2079 1285 2154 filia,
1298 2079 1419 2148 ,omnino
1436 2095 1492 2140 ne·
1542 2103 1544 2112 ·

145 2185 233 2230 cesse
255 2185 340 2242 esse,
360 2175 395 2230 ut
416 2175 552 2231 mortuns
574 2168 615 2230 sit
629 2168 768 2231 Herodes
791 2175 864 2230 ante
887 2177 1037 2232 aestatem
1060 2170 1130 2233 anui
1144 2169 1196 2233 44.
1219 2170 1354 2250 adeoque
1371 2174 1404 2229 et
1419 2173 1492 2228 aute

144 2257 203 2330 43,
226 2257 345 2320 scilicet
360 2275 439 2320 anuo
455 2257 506 2320 42.
521 2257 652 2320 loliano.
681 2257 761 2336 Nam
776 2264 811 2319 et
824 2256 928 2338 (injus,
947 2265 1110 2340 antequam
1123 2265 1250 2339 pararet
1269 2256 1492 2338 expeditionem

143 2346 173 2408 in
189 2346 339 2420 Parthos,
361 2345 460 2409 Roma
476 2346 573 2409 abfuit
587 2345 690 2408 visam
712 2347 894 2426 provincias,
916 2354 949 2410 et
962 2347 1132 2428 Philippus,
1155 2348 1181 2410 si
1195 2346 1245 2408 vel
1260 2346 1327 2426 ipso
1344 2364 1423 2408 anno
1439 2343 1492 2406 44.

143 2435 320 2516 impetravit
341 2435 381 2499 ab
395 2435 536 2516 Augusto
557 2441 744 2515 potestatem
767 2435 915 2498 condendi
928 2453 1044 2498 novam
1060 2437 1162 2499 urbem
1178 2436 1209 2498 iu
1230 2436 1376 2498 honorem
1390 2433 1491 2496 Julian

142 2523 233 2599 filiae,
249 2543 374 2588 necesse
390 2531 439 2586 est
454 2532 488 2587 ut
501 2524 585 2604 prius
599 2543 654 2604 per
669 2543 779 2586 anuum
789 2524 840 2587 43.
857 2543 942 2588 suam
950 2525 1147 2588 tetrarchiam
1155 2525 1297 2597 tenuerit,
1312 2520 1493 2586 lustraverit
1586 2517 1588 2524 ’

143 2611 235 2676 situm
251 2614 385 2676 locorum
400 2611 622 2694 facultatesque
637 2612 802 2676 incolarum
818 2619 850 2676 et
864 2613 980 2676 reditus
997 2633 1068 2677 euos
1083 2613 1330 2687 consideraverit,
1346 2630 1435 2694 quam
1452 2609 1492 2672 ad

143 2701 249 2766 urbem
264 2702 454 2766 condendam
469 2703 598 2764 animum
615 2702 792 2782 applicaret.

230 2791 298 2872 Ego
315 2791 434 2874 quidem
448 2792 522 2855 nihil
538 2811 696 2872 superesse
712 2791 800 2854 video
817 2790 952 2856 Calvisio
968 2790 1047 2874 quod
1062 2791 1154 2866 dicat,
1168 2811 1257 2874 quam
1272 2789 1492 2868 ntJosephurn,

143 2879 328 2944 confidentia
349 2901 436 2956 usus,
458 2881 555 2944 denuo
577 2880 725 2944 salsitatis
747 2888 887 2956 accuset,
904 2881 1088 2964 jactantiam
1109 2881 1167 2964 ipsi
1188 2881 1416 2959 vanitatemque
1432 2877 1491 2940 im-

140 2976 238 3051 putet,
253 2970 305 3052 qai
319 2977 355 3032 ut
370 2989 419 3032 res
433 2970 580 3033 Judaicas
595 2969 814 3050 magnifaceret
835 2969 912 3034 haec
927 2971 1027 3034 omnia
1042 2972 1083 3034 sit
1098 2978 1292 3034 commentus.
1328 2968 1375 3032 At
1389 2965 1492 3030 hercle
1545 3039 1548 3050 ¹

140 3058 334 3122 mendacium
356 3058 592 3122 illustrissimum
614 3058 726 3122 dixerit
748 3067 780 3122 et
802 3081 821 3122 a
843 3065 912 3122 tota
926 3061 1015 3134 urbe,
1037 3060 1146 3123 nedum
1168 3060 1207 3123 ab
1227 3057 1403 3122 adversario
1426 3054 1492 3136 ejus

139 3149 284 3230 Appione
300 3147 557 3229 exprobrandum:
581 3148 608 3210 si
625 3147 719 3228 Cujus
741 3149 965 3213 haereditatem
979 3149 1110 3212 Herodis
1133 3169 1193 3212 non
1208 3149 1354 3221 creverit,
1377 3145 1403 3208 si
1419 3153 1493 3207 tuuc

138 3235 240 3307 Roma
257 3236 371 3300 absens
387 3238 485 3300 luerit
510 3235 596 3309 Quae
614 3237 742 3302 sinerem
758 3239 845 3313 alius,
860 3246 943 3302 certe
958 3239 1074 3319 posteri
1083 3238 1213 3302 Herodis
1228 3237 1343 3318 passim
1358 3253 1492 3316 regnan-

137 3333 188 3389 tes
203 3327 384 3408 multaeque
398 3345 435 3388 ex
444 3326 591 3390 Romanis
606 3327 737 3392 famlias
753 3323 949 3404 clarissimae,
964 3327 1071 3409 quibus
1087 3327 1222 3391 curicitia
1232 3345 1298 3388 cum
1309 3322 1493 3390 Herodiadie
1694 3363 1695 3372 η

136 3415 365 3491 intercedebat,
380 3421 525 3498 poterant
539 3417 682 3480 refutare.

712 3767 831 3870 Caput
857 3767 929 3846 XI.

180 3947 359 4034 remaneo
373 3945 550 4014 emnam
565 3943 686 4010 masa
696 3967 756 4030 ps
770 3967 895 4014 esaan
908 3945 1054 4032 suffiae
1070 3957 1100 4015 a
1112 3951 1196 4032 proc
1210 3971 1334 4016 emm
1347 3901 1448 4022 rrae,

179 4041 217 4104 ia
232 4033 482 4122 praemoderante
495 4037 605 4120 iro‘cae
617 4033 739 4102 relatas
752 4047 805 4113 cet,
823 4039 1017 4105 amastrae
1027 4039 1144 4123 Syriae
1156 4053 1287 4123 praeses
1293 4039 1450 4124 peregerit

195 4127 290 4212 longe
304 4133 379 4192 cm
393 4146 516 4194 maetam
531 4127 696 4206 Quirinali:
718 4129 859 4212 qaecdqaec
872 4129 911 4194 id
924 4151 986 4193 aon
999 4135 1087 4212 neget
1100 4129 1210 4196 sacas
1223 4128 1439 4213 mpelisca

226 4307 391 4372 Hactenus
413 4305 450 4370 de
472 4306 568 4388 primo
592 4305 769 4370 charactere
794 4307 865 4372 anni
887 4307 1019 4374 natalitii
1043 4306 1174 4384 Ohristi,
1203 4308 1253 4391 qui
1275 4313 1344 4370 erat
1366 4320 1492 4384 regnum
1563 4303 1567 4308 “

140 4395 290 4462 Herodis:
316 4415 356 4458 ex
378 4413 435 4476 quo
454 4396 546 4476 plura
567 4413 627 4460 non
650 4395 823 4472 didicimus,
845 4417 935 4480 quarn
957 4397 1036 4480 qnod
1053 4396 1194 4462 Christus
1218 4398 1366 4460 situatus
1381 4391 1492 4454 ealmm

140 4495 211 4552 aute
225 4485 349 4568 pascha
370 4484 441 4548 enni
456 4484 508 4548 42.
554 4482 671 4557 Quodsi
686 4493 848 4567 praeterea
867 4487 943 4552 nihil
959 4486 1150 4550 addidissent
1164 4484 1392 4566 Evangelistae,
1416 4479 1491 4544 sub-

138 4575 311 4640 sistendum
326 4573 414 4638 nobis
435 4573 485 4636 hic
499 4581 584 4638 esset
599 4593 655 4638 nec
676 4593 836 4656 possemus
849 4576 974 4657 propius
995 4577 1033 4640 ad
1049 4577 1231 4656 ipsissimum
1253 4591 1364 4636 annum
1378 4567 1491 4634 venire.
1535 4643 1538 4658 Ι

138 4664 286 4749 Sequitur
309 4663 404 4746 igitur
425 4663 574 4728 secundus
596 4663 772 4740 character,
795 4664 926 4728 edietum
941 4665 1088 4745 Augusti,
1110 4672 1145 4727 ut
1166 4661 1388 4726 describeretur
1409 4657 1492 4722 orbis

137 4757 318 4820 universus:
343 4753 428 4834 crq'us
443 4753 536 4816 edicti
551 4773 644 4818 causa
659 4754 751 4818 ctiam
766 4755 919 4840 Jqsephue
942 4773 1010 4816 cum
1023 4753 1130 4840 Maria
1139 4751 1255 4832 virgine
1270 4750 1426 4832 proiectas
1441 4755 1492 4812 est
1588 4785 1592 4798 ·

135 4845 172 4910 de
186 4843 354 4912 Nazareth
370 4840 530 4906 Galilaeae
550 4842 581 4906 in
601 4843 762 4908 Bethleem
782 4843 939 4908 civitatem
953 4843 1098 4920 Davidie,
1117 4849 1152 4906 ut
1173 4840 1413 4915 describeretar3
1436 4855 1491 4902 seu
