3412 5538
218 297 282 370 108
635 305 853 382 namucense
866 315 1020 384 sllcrumque
1030 321 1134 372 mucuns

216 463 349 548 gretiam
364 462 557 528 sacerdotum
573 468 605 524 et
619 458 810 542 religionum,
830 461 1040 543 quod'Remee
1061 460 1175 526 1881818
1194 475 1255 523 non
1271 455 1339 520 esti
1369 453 1415 522 Ut
1427 455 1476 519 its
1490 473 1562 522 rere

215 552 403 638 Epiphanius
418 551 569 617 invenerit
583 549 614 614 in
628 549 723 614 Pilati
738 549 816 614 actis
831 550 903 614 ΧΠ.
920 549 985 616 cal.
1000 550 1123 632 April„
1134 567 1211 632 qnae
1229 546 1375 612 hodierno
1390 546 1462 612 stilo
1478 545 1564 612 sacis

214 645 255 709 X.
272 642 347 719 cal,
361 650 397 706 ut
411 639 599 725 Epiphanius
615 637 674 715 sit,
695 640 734 704 ab
749 639 817 705 eliis
833 660 949 727 quoque
960 640 1074 721 jactari
1090 659 1129 704 ex
1142 638 1250 702 isdem
1264 635 1358 700 Pilati
1373 635 1468 711 actis,
1490 651 1562 700 cru-

216 733 335 800 cidnum
349 731 467 814 Regem
480 729 680 794 Iudaeorum:
705 737 738 792 et
754 749 821 794 oum
840 731 973 797 nesciret
991 729 1181 812 Epiphanius
1202 725 1401 790 mutationem
1421 744 1457 789 eo
1483 743 1562 789 enno

216 815 375 888 factamin
392 819 572 888 Celenderis
587 818 736 895 Romano,
750 820 972 903 putaveritqne,
982 819 1099 900 Justam
1114 819 1208 882 fuisse
1223 814 1478 891 numerationem,
1492 813 1563 878 ideo

216 913 253 978 de
272 931 326 976 sno
347 910 500 974 addidisse
521 907 627 972 seriem
649 910 773 973 tertiam
788 909 828 973 ed
842 909 929 974 XIII.
946 907 1026 984 081,
1047 928 1114 974 cum
1133 907 1225 972 inerit
1243 906 1320 970 feria
1334 906 1373 968 V.
1403 902 1493 978 Quae
1510 922 1562 968 se-

216 1009 346 1087 quuntur
369 1001 401 1065 in
423 999 594 1082 Epiphanio
620 999 656 1062 de
679 999 807 1082 quinque
833 999 1043 1064 continuorum
1074 999 1190 1062 dierum
1218 994 1498 1060 accommodatione
1523 994 1564 1058 ed

215 1092 307 1160 181188
323 1090 419 1173 adque
434 1088 553 1165 Lunas,
570 1107 637 1152 cum
653 1108 754 1154 secum
769 1088 836 1171 ipsa
851 1095 965 1154 etcum
979 1088 1233 1171 praecedentibus
1249 1085 1566 1168 consequentibusque

214 1185 358 1267 pugnent,
379 1185 454 1261 pute
477 1198 538 1242 non
554 1197 622 1245 esse
636 1177 810 1261 Epiphanii
825 1179 879 1242 sed
895 1179 1063 1261 glossema;
1084 1197 1182 1260 eoque
1200 1177 1266 1259 jem
1279 1176 1339 1240 hoo
1354 1194 1429 1258 ego,
1449 1181 1487 1238 ut
1502 1173 1562 1239 ali-

212 1272 291 1336 unde
313 1287 483 1352 comperem
507 1267 658 1332 Graecum
680 1275 813 1343 textum,
841 1289 911 1335 uam
925 1269 1045 1350 Pregae
1059 1267 1246 1332 bibliotheca
1268 1284 1383 1330 caree
1403 1263 1483 1340 Sed,
1505 1263 1563 1340 eis,

212 1363 300 1426 Luna
315 1379 375 1422 non
387 1357 560 1434 consentit,
576 1377 614 1420 ne
630 1357 749 1441 quidem
764 1357 795 1421 in
810 1357 865 1422 xJ.
881 1357 947 1423 081
977 1357 1167 1441 Epiphanius
1185 1354 1303 1439 prolixe
1325 1354 1508 1438 respondet,
1530 1359 1564 1416 et

212 1469 316 1514 verum
331 1449 455 1524 letetur,
470 1447 656 1530 anticipasse
672 1445 762 1510 biduo
778 1447 895 1512 Lunam
910 1448 1007 1523 XIV,
1028 1466 1152 1511 censam
1174 1445 1267 1510 etiam
1281 1443 1399 1510 indicat
1413 1443 1563 1508 odedum

211 1539 338 1607 Iudaeis
353 1538 509 1616 usitatum.
533 1539 580 1602 Tu
595 1535 714 1618 quidem
728 1536 858 1618 paucula
868 1537 985 1619 colligis
1004 1537 1152 1620 exempla,
1167 1536 1273 1618 quibus
1287 1533 1410 1618 probas,
1424 1532 1562 1597 Judaeos

212 1647 369 1695 moseres
385 1628 471 1711 cyclo
486 1625 698 1692 Alexnudrec:
722 1634 757 1688 at
779 1626 851 1708 quid
873 1629 899 1690 si
914 1626 1015 1691 emnia
1026 1628 1080 1692 illa
1102 1627 1240 1708 exempla
1256 1625 1354 1689 teneri
1367 1623 1506 1707 possint,
1527 1629 1565 1686 nt

211 1714 874 1888 tritutttdllllltlltl
895 1717 1019 1871 ,llll
1033 1711 1563 1889 {tllltlttlttttllt

213 1906 297 1964 retur
319 1915 405 1962 suum
427 1896 552 1977 dogma,
577 1894 733 1962 Christum
751 1914 875 1977 passum
897 1895 985 1960 Luna
1006 1895 1132 1961 coelesti
1152 1895 1235 1960 XII?
1264 1896 1301 1959 In
1323 1894 1389 1975 eJ'us
1409 1892 1488 1976 cycli
1505 1891 1561 1954 de-

213 1987 377 2070 scriptione
399 1985 504 2050 insunt
524 1984 602 2048 haec
623 1985 787 2060 notabilia,
815 1985 951 2050 Judaeos
974 1985 1083 2049 iecisse
1105 1971 1215 2050 enuuni
1242 1982 1381 2048 Sclarem
1410 1977 1456 2064 (d
1478 1975 1561 2064 365)

212 2077 287 2142 11.
304 2067 410 2160 8111
440 2076 521 2139 Nem
536 2075 575 2139 ab
591 2074 679 2137 nuris
698 2075 747 2150 14,
770 2075 828 2151 ait,
851 2074 987 2138 ablatem
1000 2093 1092 2140 unam
1106 2075 1227 2152 horam,
1246 2072 1378 2156 qualium
1392 2077 1479 2138 tutus
1496 2071 1562 2136 dise

188 2237 192 2246 ,
214 2175 246 2230 81
260 2186 322 2231 nox
337 2164 485 2231 naturalis
495 2163 625 2244 junctim
639 2163 757 2229 habeut
772 2164 822 2228 12.
851 2163 940 2228 Dixit
955 2165 1048 2247 igitur
1061 2165 1177 2241 heram,
1197 2163 1278 2248 quod
1292 2163 1379 2228 nobis
1395 2169 1468 2227 sunt
1483 2161 1561 2226 dune

213 2257 322 2332 horae3
347 2255 426 2337 quod
440 2253 544 2318 multis
559 2253 682 2335 probari
696 2259 811 2336 potest
854 2253 926 2318 Iam
944 2255 1035 2318 sitin
1051 2254 1138 2318 annis
1159 2254 1201 2319 14
1216 2253 1416 2318 intercalasse
1439 2271 1562 2316 menses

213 2345 341 2430 quinque
357 2337 441 2428 191,
462 2343 577 2407 dierum
599 2350 632 2407 et
650 2351 812 2425 praeterea
832 2344 925 2408 tertio
946 2364 1063 2431 quoque
1078 2363 1157 2410 anno
1173 2351 1283 2408 exacto
1304 2343 1454 2424 crljedsse
1474 2341 1562 2418 diem,

214 2436 361 2500 excedere
377 2434 457 2498 enim
471 2453 582 2497 annum
596 2452 701 2497 verum
715 2433 868 2498 Lunarem
881 2440 1011 2516 quatuor
1027 2428 1074 2515 (id
1089 2441 1139 2498 est
1153 2430 1191 2516 8)
1206 2431 1299 2498 horis.
1334 2433 1443 2516 Itaque
1460 2431 1562 2496 sexies

211 2524 353 2608 repetitis
367 2523 455 2588 annis
473 2521 523 2598 14,
538 2523 639 2586 sexies
656 2524 784 2607 quinque
801 2523 866 2588 dies
887 2530 1048 2588 acervatos
1063 2525 1163 2590 minus
1184 2543 1240 2587 sex
1255 2517 1303 2605 (id
1324 2515 1448 2604 88112)
1467 2521 1562 2596 horis,

213 2613 380 2686 confecisse
396 2631 542 2676 summam
558 2612 600 2677 29
609 2605 641 2696 Ἰ,
662 2613 790 2680 dierum:
807 2613 891 2695 cujus
900 2613 944 2678 rei
952 2614 1053 2696 gretia
1061 2614 1094 2678 in
1102 2615 1161 2678 fine
1171 2611 1350 2696 octogesimi
1359 2611 1461 2695 quenti
1470 2611 1561 2676 addi-

212 2705 294 2769 disse
303 2721 439 2767 mensem
446 2720 547 2776 unum,
555 2709 591 2766 ut
598 2701 680 2766 sicin
687 2703 774 2766 ennis
782 2703 826 2767 84
835 2697 1159 2786 (siolegendumputc)
1170 2703 1322 2768 88881131
1331 2721 1452 2768 menses
1461 2701 1561 2766 inter-

213 2793 318 2860 calarii
333 2792 376 2857 29
384 2786 418 2877 ¹l,
438 2792 562 2866 dierum,
578 2809 645 2855 cnm
659 2811 731 2856 vere
748 2791 908 2857 debuerint
926 2813 994 2857 esse
1009 2793 1052 2858 30
1067 2811 1200 2868 menses,
1221 2791 1264 2856 28
1279 2792 1344 2858 dies
1360 2792 1428 2856 813
1449 2786 1497 2873 (id
1513 2797 1564 2854 est

213 2879 250 2964 6)
273 2883 375 2946 horae.
411 2881 526 2956 Vides,
547 2899 658 2961 magno
675 2881 803 2946 artificio
820 2883 1065 2960 accommodasse
1086 2883 1157 2946 illos
1178 2882 1379 2946 intercalandi
1403 2880 1564 2948 circuitum

95 3043 100 3048 ,
213 2973 253 3036 sd
273 2990 368 3035 ennoe
389 2969 530 3046 Sclaree,
553 2977 692 3034 currente
714 2978 817 3036 tamen
836 2980 984 3056 perpetue
1006 2971 1240 3036 intercaletr'one
1261 2971 1321 3036 diei
1342 2978 1416 3054 post
1436 2970 1564 3034 tertium

212 3080 332 3125 ennunn
376 3059 468 3123 Facit
482 3059 575 3122 etiam
589 3060 773 3125 mentionem
790 3062 959 3126 additionis
976 3063 1136 3126 continuae
1157 3073 1214 3143 per
1229 3062 1331 3127 orbem
1349 3061 1390 3125 14
1406 3079 1563 3136 annorum,

214 3149 299 3232 cujus
318 3149 426 3212 ultima
448 3167 564 3212 summe
588 3149 711 3214 deficiet
733 3150 772 3214 eb
795 3152 866 3215 enni
888 3150 1006 3216 Soletis
1030 3151 1225 3216 restItutione
1248 3151 1314 3216 dies
1337 3149 1478 3216 dminus
1501 3169 1589 3214 una·

211 3239 296 3304 hora
334 3236 480 3320 Sequitur
502 3245 621 3314 autem,
643 3238 671 3301 si
688 3235 750 3304 173
766 3259 887 3306 menses
903 3243 1030 3317 (saltem
1045 3248 1117 3305 aute
1141 3241 1255 3306 exitum
1270 3259 1416 3306 annorum
1430 3235 1490 3323 84)
1507 3259 1565 3304 se-

213 3334 345 3413 qusrnnt
360 3329 448 3392 annis
466 3327 507 3391 14
524 3325 682 3393 Solaribus
697 3329 796 3394 minus
812 3331 839 3394 d.
856 3331 885 3408 4,
904 3332 970 3397 hor.
986 3333 1037 3407 22,
1051 3331 1136 3414 ipsos
1150 3325 1172 3396 'I
1187 3331 1270 3396 horis
1285 3331 1383 3396 minus
1393 3330 1479 3413 justo
1496 3330 1563 3394 col·
1632 3413 1634 3418 η

212 3417 326 3501 legisse
346 3417 378 3480 in
394 3416 530 3501 quolibet
546 3419 618 3482 orbe
635 3418 743 3484 minori
765 3420 806 3483 14
822 3439 976 3485 annorum.
1012 3421 1166 3485 Fecerunt
1180 3420 1261 3486 enim
1283 3421 1348 3486 dies
1368 3420 1565 3486 88181113.

71 3522 74 3528 “
211 3509 241 3574 le
260 3508 309 3583 10,
322 3503 429 3571 Lunae
445 3505 540 3571 1108.
556 3507 585 3572 1.
603 3507 653 3584 12,
670 3528 737 3573 cum
751 3511 867 3574 veritas
883 3530 921 3574 ex
936 3510 1108 3577 Prutenicis
1122 3510 1238 3576 habeat
1252 3509 1348 3576 5108.
1363 3512 1394 3575 1.
1405 3509 1454 3574 10.
1484 3511 1567 3575 Post

212 3597 273 3663 trie
288 3595 381 3678 igitur
395 3598 488 3662 soria
508 3603 825 3680 recceprcsusderunq
845 3601 908 3664 lere
928 3619 1020 3664 unum
1041 3600 1121 3664 diem
1143 3601 1356 3683 anticipabant
1375 3601 1509 3675 Lunam,
1532 3605 1567 3662 et

212 3687 245 3753 in
259 3686 318 3750 due
339 3686 518 3769 octogesimi
538 3688 638 3770 quarti
659 3689 783 3772 diemi.
806 3690 835 3753 h.
853 3689 895 3753 18
911 3689 1131 3772 anticipabant.
1173 3685 1290 3762 Quodsi
1305 3691 1419 3755 mensis
1439 3689 1565 3754 ultimus

213 3784 303 3842 extre
325 3775 461 3842 ordinem
482 3776 609 3842 habebit
631 3778 659 3841 d.
676 3778 735 3854 28,
758 3787 830 3844 tunc
852 3780 987 3862 proxime
1009 3778 1191 3843 medicinam
1213 3781 1342 3846 fuerunt
1386 3781 1455 3844 1188
1470 3780 1567 3862 igitur

168 3871 172 3882 “
212 3866 374 3932 occasione
393 3867 546 3942 iudicate,
566 3867 729 3931 verisImile
749 3869 822 3934 mihi
842 3869 918 3932 facit
937 3867 1136 3953 Epiphanius,
1150 3868 1285 3934 Judaeos
1302 3869 1464 3952 aliquando
1481 3869 1565 3932 cele-

213 3955 321 4021 brasse
343 3956 461 4021 Lunam
482 3955 571 4032 XIV,
585 3955 641 4020 XI
658 3955 786 4024 Gelend.
806 3958 940 4042 Aprilis,
961 3979 1038 4041 quse
1059 3979 1133 4024 vero
1155 3959 1287 4024 cedebat
1307 3959 1340 4024 in
1359 3959 1415 4024 1x.
1439 3957 1567 4024 Gelend

213 4043 340 4128 Aprilis,
360 4054 396 4108 ut
415 4047 460 4110 sic
480 4045 664 4110 resurrectio
680 4047 807 4112 caderet
819 4048 851 4112 in
864 4049 952 4114 VIII.
968 4048 1034 4114 Gal.
1049 4049 1180 4132 Aprilis,
1203 4051 1367 4114 secundnm
1385 4049 1566 4114 vetustissi-

108 4177 110 4180 -
213 4153 293 4200 mam
308 4134 512 4199 traditionem
535 4135 584 4198 De
601 4143 704 4201 cetero
720 4138 811 4202 crede
825 4137 885 4220 ipsi
901 4138 938 4204 de
954 4159 1033 4204 enno
1042 4139 1103 4204 Iul.
1118 4134 1170 4204 76.
1186 4139 1217 4203 in
1233 4139 1312 4203 actis
1320 4139 1416 4204 Pilati
1430 4139 1568 4215 Invento,

214 4225 274 4291 etsi
290 4225 406 4289 alienos
420 4215 516 4310 hebet
531 4226 678 4289 consules.

301 4315 388 4379 11888
409 4322 442 4378 18
470 4314 701 4398 diligentissime
724 4312 863 4399 Scaliger
891 4317 982 4382 uelim
1010 4317 1214 4401 perpendere,
1244 4325 1277 4383 et
1304 4317 1448 4384 veritatis
1473 4337 1569 4383 censa

214 4404 286 4488 quid
300 4423 392 4486 super
406 4403 445 4468 iis
457 4405 600 4468 videatur
614 4405 688 4470 mihi
702 4405 784 4471 haud
799 4407 952 4488 paucum
966 4408 1141 4472 rescribere.
1186 4407 1332 4473 Vicissim
1347 4427 1404 4492 ego
1419 4407 1569 4492 polliceor

214 4493 416 4577 Amplitudini
432 4499 465 4558 81
478 4494 593 4559 Illustr.
609 4494 706 4572 ihre,
728 4515 805 4580 qnae
818 4517 841 4560 a
855 4515 903 4560 me
919 4497 975 4562 tibi
991 4505 1082 4581 grate
1095 4497 1226 4580 mihique
1241 4497 1400 4581 possibilia
1413 4497 1568 4580 proticisci
1596 4539 1602 4551 ·

176 4609 183 4618 ·
215 4590 345 4664 possunt
364 4583 471 4650 officie.
501 4584 592 4648 Vale
621 4585 723 4652 Datee
742 4585 863 4667 Pragee
877 4586 1013 4652 XXVII
1029 4587 1172 4666 Octobris
1187 4587 1351 4653 nfflcvn.

1147 4765 1316 4849 suspiciens
1331 4772 1366 4831 et
1379 4767 1487 4832 colens

1105 4869 1110 4880 ·
1155 4855 1297 4925 som
1309 4855 1479 4944 repens.
