3390 5542
276 227 341 290 634
830 225 946 279 &cunia
963 227 1032 278 Para.

769 399 944 467 Theorema
974 401 1103 468 XXVII.

276 487 418 554 Etiamsi
448 488 539 554 binae
571 487 755 555 medietates
789 491 869 560 dotti
894 490 1061 558 Auataiaci
1093 510 1155 556 aaa
1183 487 1281 570 plane
1312 487 1436 570 scateat
1463 488 1594 570 sinaites,

275 578 333 644 aad
349 579 486 643 'meiana
499 577 672 661 tipocoiaat
696 579 894 660 atterpaata
917 581 1021 645 minor
1042 586 1072 644 et
1094 579 1404 661 appartierretiqao,
1432 579 1596 644 dammodo

275 667 438 750 tanpitada
460 669 496 732 ia
518 669 675 734 mammio
697 670 740 732 ait
762 668 878 747 cadmi
902 668 1098 734 insensibilia
1131 670 1193 734 crit
1215 669 1430 749 capacitatem
1450 670 1488 734 ia
1510 675 1597 733 atro-

706 778 766 839 que
787 750 953 822 nataae
975 757 1164 838 diffamtta.

362 861 490 934 Dictum
512 861 597 927 enim
619 867 668 928 est
682 862 714 928 in
737 862 905 928 corollario
921 861 963 927 ad
985 862 1086 928 theor.
1111 863 1149 929 V.
1165 860 1322 928 mundae
1336 863 1452 945 partis,
1476 861 1598 928 dolium

275 951 484 1015 Austriacum
507 953 628 1017 versari
652 953 736 1017 circa
757 951 977 1036 figurationem
993 953 1248 1034 capacissimam,
1267 972 1289 1016 a
1310 971 1375 1034 qua
1389 949 1597 1034 figurationes

276 1059 385 1103 omnes
416 1039 457 1104 ad
487 1039 574 1106 latus
596 1047 782 1125 utrumque,
806 1041 867 1106 hoc
890 1047 939 1104 est
962 1041 1050 1106 dalla
1072 1048 1140 1104 tam
1163 1041 1306 1122 longiora
1329 1061 1429 1122 quam
1451 1039 1598 1130 breriora

275 1128 461 1208 Austriaco,
494 1130 601 1194 omnia
629 1139 704 1194 suut
726 1130 829 1194 minus
852 1131 994 1212 capacia,
1018 1151 1115 1211 quam
1139 1131 1354 1195 Austriacum.
1399 1130 1439 1194 Iu
1461 1131 1501 1194 iis
1523 1149 1597 1193 vero

276 1217 440 1298 articulis,
469 1217 503 1282 in
533 1217 649 1300 quibus
680 1239 700 1282 a
729 1219 844 1284 mitiori
874 1218 916 1283 ad
945 1219 1121 1284 maximum
1150 1218 1332 1300 iterumque
1361 1219 1405 1282 ad
1432 1219 1540 1282 minus
1562 1216 1598 1280 fit

275 1305 422 1385 mutatio,
445 1306 514 1390 lege
536 1307 645 1391 aliqua
661 1307 778 1386 circuli,
803 1327 925 1390 semper
941 1315 990 1371 est
1012 1308 1225 1390 eliquansque
1247 1305 1438 1372 insensibilis
1460 1306 1517 1370 illa
1540 1304 1597 1370 dii·

167 1417 173 1440 ·
274 1393 422 1458 ferentia.¹
468 1393 560 1471 Quod
580 1397 679 1479 igitur
701 1417 809 1460 verum
832 1403 879 1461 est
902 1393 942 1459 de
965 1393 1059 1464 doliis
1082 1395 1225 1478 integrm,
1249 1394 1384 1459 eandem
1399 1393 1596 1460 habentibus

275 1482 457 1564 diagonioe,
480 1484 514 1548 id
536 1487 632 1550 etiam
655 1505 765 1552 verum
781 1485 842 1550 erit
864 1484 903 1549 de
925 1483 1006 1549 binis
1030 1486 1122 1549 unius
1143 1484 1220 1550 dolii
1234 1485 1368 1562 truncis,
1394 1490 1433 1548 ut
1447 1485 1489 1550 de
1504 1481 1596 1563 AYX,

274 1570 375 1652 AYG;
399 1577 443 1650 ut,
468 1574 529 1637 etsi
552 1575 677 1640 orbium
699 1575 796 1653 alter,
827 1578 907 1656 puta
935 1572 999 1654 GC,
1027 1574 1123 1638 fuerit
1144 1574 1248 1637 minor
1271 1573 1395 1654 reliquo
1417 1573 1482 1655 XZ,
1508 1575 1596 1638 dum·

274 1659 367 1724 modo
391 1661 456 1741 AG,
478 1663 530 1727 ΑΖ
547 1664 715 1746 aequales,
740 1664 899 1747 capacitas
926 1667 1036 1727 tamen
1064 1663 1105 1726 sit
1133 1663 1282 1744 utrinque
1309 1662 1353 1726 ad
1376 1682 1505 1728 omnem
1528 1683 1597 1728 een·

274 1747 459 1814 sibilitatem
481 1752 632 1834 aequalis.

644 1905 647 1916 ,
757 1839 935 1904 Theorema
957 1836 1103 1904 XXVIII.
1119 1879 1127 1908 ,-
1253 1843 1256 1850 '

218 1957 221 1964 v
274 1922 321 1988 At
350 1927 380 1990 si
412 1925 575 2010 torpitudo
603 1931 712 2011 cirpea
732 1947 793 2009 per
816 1935 981 2011 atramque
1010 1928 1090 1993 dolii
1119 1933 1262 1992 tamenta
1289 1947 1352 1992 stoa
1375 1927 1419 1992 eit
1438 1927 1596 2009 aequatis,

277 2015 360 2095 qtcod
381 2035 440 2082 aaa
462 2020 564 2082 canit:
592 2021 733 2082 martiam
764 2017 1000 2098 proportionale
1029 2018 1114 2081 inter
1131 2023 1305 2098 atramque
1326 2017 1436 2098 oirpaa
1459 2018 1597 2100 incipitu-

278 2105 392 2183 diaem,
416 2105 453 2168 id
478 2111 525 2169 eet
551 2109 674 2184 mediae
699 2125 849 2172 reomaus
870 2107 955 2171 tzar
981 2105 1061 2170 daos
1083 2106 1123 2172 ab
1145 2125 1211 2170 aaa
1234 2111 1264 2170 et
1286 2103 1326 2168 at
1352 2105 1457 2172 attera
1483 2107 1598 2170 aedic-

406 2200 469 2258 tate
491 2200 623 2274 notatos,
644 2197 712 2260 ciac
735 2215 840 2260 errare
857 2215 919 2276 pra
941 2195 1045 2260 indice
1068 2196 1259 2275 capacitatis
1276 2199 1462 2274 amtor.

364 2296 447 2365 Nam
468 2301 571 2366 minor
593 2299 756 2384 longitudo
786 2303 973 2386 inscriptum
1002 2299 1100 2366 habet
1130 2299 1335 2382 capacitatis,
1368 2319 1451 2383 quae
1475 2307 1527 2364 est
1550 2301 1598 2366 sui

276 2389 400 2468 trunci,
432 2389 581 2473 duplum,
614 2397 717 2476 major
747 2391 858 2456 itidem
888 2391 937 2455 sui
966 2391 1072 2455 trunci
1102 2389 1238 2473 duplum
1268 2389 1367 2454 habet
1393 2389 1597 2472 inscriptum.

276 2471 425 2561 Utraque
458 2497 534 2560 ergo
569 2479 734 2562 longitudo
759 2481 881 2566 ¹junctis
909 2472 1053 2566 numeris
1091 2479 1280 2560 inscriptum
1314 2477 1435 2542 habent
1464 2479 1598 2562 duplum

275 2567 462 2647 capacitatis
493 2568 589 2633 totius
621 2568 705 2634 dolii.
759 2569 900 2636 Medium
935 2568 1030 2651 igitur
1067 2567 1301 2634 arithmeticum
1331 2567 1417 2630 inter
1446 2589 1599 2632 numeros

275 2655 444 2738 utriusque
465 2654 682 2739 longitudinis,
707 2657 795 2741 quod
816 2656 1007 2748 aequevalet
1021 2657 1127 2722 medio
1140 2655 1372 2742 proportionali
1386 2657 1471 2720 inter
1486 2655 1597 2736 haeae

275 2744 382 2826 arguit
403 2745 554 2828 slmplum
575 2747 674 2812 totius
697 2746 782 2812 dolii.

508 2851 514 2939 J
777 2853 955 2920 Theorema
976 2851 1091 2918 XXIX.

277 2934 457 3004 Curvatura
481 2941 673 3024 tabularum,
698 2963 754 3009 sere
782 2943 957 3008 baccositas
978 2943 1062 3006 inter
1088 2939 1245 3020 orificium
1269 2941 1409 3005 mediam
1443 2941 1601 3006 eteriano

273 3033 438 3110 etatemque
461 3030 611 3112 lipparem,
647 3033 682 3098 ia
706 3031 790 3097 dolio
813 3031 983 3096 Austtiaco
1006 3029 1090 3094 cittii
1112 3031 1384 3113 cooperatae
1406 3029 1534 3113 cirpea,
1567 3035 1598 3094 ia

273 3116 413 3201 oblaetpis
444 3119 541 3184 datiis
573 3127 670 3204 capet
700 3122 909 3202 capacitatem
944 3141 965 3183 a
986 3121 1079 3202 airpa
1111 3119 1285 3183 indicatam
1311 3118 1383 3202 (per
1404 3139 1438 3183 ae
1461 3121 1599 3202 qraideen,

626 3213 737 3275 ceteris
754 3207 913 3292 paritate),
937 3210 972 3274 ia
994 3209 1094 3273 cartis
1115 3207 1241 3273 minuit.
1411 3218 1416 3232 ·

232 3308 244 3326 “
309 3365 312 3372 .
359 3312 451 3378 Nam.
472 3314 531 3379 etsi
560 3336 620 3400 per
652 3316 902 3400 >luitpertus
932 3315 1053 3400 primae
1083 3314 1203 3380 dolium
1224 3313 1337 3398 ,figura
1366 3314 1462 3396 citrii,
1484 3317 1598 3400 pruni,
1663 3385 1667 3396 ,

273 3400 388 3482 olivae,
420 3403 483 3468 fusi
513 3404 690 3486 parabolici
712 3412 769 3472 aut
791 3404 984 3490 hyperbolici
1006 3409 1239 3486 trimcetomm,
1263 3411 1396 3486 superat
1420 3405 1602 3490 capacitate

273 3488 393 3555 dolium
424 3491 675 3575 cylindraceum,
707 3494 756 3560 vel
787 3494 867 3558 mari
897 3493 1005 3558 trunci
1035 3491 1192 3576 duplicati
1222 3491 1359 3576 figuram
1388 3493 1524 3573 habens,
1550 3491 1600 3558 his

272 3577 434 3660 gradibus,
468 3601 530 3663 qno
561 3581 612 3648 hic
642 3583 754 3648 ordine
784 3581 908 3666 figurae
938 3587 1014 3647 sunt
1036 3583 1224 3661 recensitae,
1247 3581 1329 3646 illud
1350 3587 1461 3647 tamen
1485 3591 1519 3648 et
1541 3603 1601 3667 per

271 3687 311 3754 se
329 3674 377 3730 est
398 3689 577 3752 perparum,
605 3673 654 3737 uti
676 3683 814 3756 apparet
842 3692 880 3736 ex
903 3670 948 3735 th.
973 3669 1073 3736 XXII.
1096 3671 1199 3754 partis
1223 3671 1360 3754 primae,
1385 3678 1419 3735 et
1441 3671 1600 3755 quicquid

272 3757 339 3838 ejus
362 3754 510 3822 sensibile
533 3765 587 3838 eat,
608 3762 677 3844 jam
698 3765 731 3828 in
753 3763 859 3843 virgea
881 3779 1032 3824 numeros
1054 3759 1216 3842 ingestum
1245 3766 1306 3826 est.
1352 3759 1438 3824 Nam
1460 3763 1601 3844 primum

272 3843 400 3924 dolium,
425 3851 515 3932 cujus
531 3851 692 3932 capacitas
715 3873 774 3935 pro
789 3851 882 3914 unius
905 3847 1077 3930 amphorae
1091 3848 1206 3912 indicio
1232 3849 1338 3929 virgae
1352 3847 1416 3912 fuit
1432 3849 1598 3934 inscripta

272 3933 414 3997 similiter
436 3943 473 3999 ut
494 3943 605 4020 cetera
624 3940 729 4006 omnia
752 3959 842 4004 suam
862 3937 974 4002 habuit
997 3934 1239 4002 buccositatem:
1263 3937 1372 4020 arguit
1387 3937 1486 4020 igitur
1508 3941 1601 4021 virga

271 4021 359 4088 dolia
381 4023 487 4088 omnia
509 4023 711 4095 buccositatis
734 4027 862 4108 similis,
891 4047 973 4110 quae
1000 4025 1060 4091 atsi
1087 4047 1152 4093 nou
1174 4025 1322 4092 omnibus
1344 4027 1526 4092 Austriaoia
1551 4035 1600 4092 est

272 4110 396 4189 similis,
421 4112 567 4178 omnibus
595 4121 703 4184 maren
724 4122 774 4182 est
796 4117 914 4199 aliqua,
938 4135 1039 4198 eoque
1061 4116 1167 4182 minor
1188 4135 1279 4180 error
1302 4117 1386 4180 clrca
1407 4115 1510 4180 illam.
1557 4119 1602 4182 At

272 4219 344 4270 cum
373 4199 460 4266 dolia
488 4200 607 4270 luerint
636 4205 781 4288 longiora
811 4204 998 4284 Austriacia
1029 4203 1153 4286 longior
1185 4205 1283 4268 etiam
1303 4204 1337 4268 in
1357 4204 1398 4268 ils
1421 4203 1528 4269 flexus
1552 4213 1602 4269 est

270 4285 454 4353 tabularum
484 4291 526 4357 ab
556 4291 676 4359 orificio
706 4294 748 4359 ad
781 4291 883 4374 orbes,
917 4293 1026 4375 itaque
1055 4291 1187 4378 majoris
1221 4293 1429 4375 capacitatis,
1473 4294 1601 4358 etiamsi

271 4375 381 4441 similis
403 4379 556 4463 utrinque
578 4389 717 4465 ponatur
731 4381 869 4461 flexura3
894 4379 1165 4465 quemadmodum
1181 4381 1287 4461 etiam,
1312 4383 1339 4445 si
1354 4380 1507 4448 breviora
1529 4383 1599 4446 fue·

189 4515 190 4522 ,
270 4463 336 4528 rint
357 4463 544 4550 austriacis,
573 4469 674 4534 flexus
699 4473 761 4536 iste
789 4475 838 4535 est
867 4469 1005 4535 brevior.
1050 4468 1150 4553 Atqui
1180 4469 1272 4552 virga
1304 4469 1425 4535 ilerum
1457 4471 1599 4554 longitu-

272 4550 354 4651 dinis
384 4554 552 4623 mediocris
575 4560 689 4642 arguit,
714 4557 818 4643 qualis
840 4565 891 4624 est
920 4559 954 4623 in
984 4558 1067 4624 dolio
1099 4559 1281 4624 lustriaco:
1312 4580 1377 4623 non
1412 4562 1600 4644 assequilur

268 4639 368 4721 igitur
401 4643 489 4726 virga
524 4647 653 4728 (ceteris
681 4644 824 4733 paribus)
854 4648 1087 4732 longitudinem
1117 4646 1219 4712 flexus
1255 4649 1289 4712 in
1323 4647 1409 4714 dolio
1445 4646 1597 4733 oblongo,

272 4735 402 4810 superat
424 4731 457 4796 in
479 4732 562 4801 dolio
585 4735 682 4803 brevi.
