3390 5542
474 294 476 306 Ι
549 221 728 272 Stcreometria
746 222 814 272 Delii
832 223 966 273 Austriaei.
1351 230 1414 302 529

93 391 135 456 Et
171 415 247 458 cum
283 395 345 458 citu
378 393 452 472 liat,
485 401 521 460 ut
555 396 744 462 elementum
773 398 987 481 proportionis
1019 395 1235 478 altitudinum,
1260 401 1345 485 quod
1368 408 1417 467 est

91 482 262 566 proportio
285 483 338 556 AT
360 483 402 548 ad
426 484 497 561 'l'R,
526 483 583 548 fiat
604 487 707 570 majus
730 487 824 550 tertia
846 494 940 569 parte
961 487 1176 569 proportionis
1200 488 1256 554 GA
1278 490 1322 553 ad
1343 491 1412 556 A'l':
1517 533 1519 543 ·

91 592 130 633 ex
154 592 192 635 eo
216 571 367 653 deinceps
390 593 514 656 semper
537 573 591 650 fit,
623 580 659 637 ut
693 594 838 638 excessus
868 574 1014 638 elementi
1037 573 1132 659 hujus
1154 577 1187 640 in
1209 581 1415 662 proportione

90 660 302 724 altitudinum
317 665 381 726 riou
393 667 517 726 tantum
532 663 721 746 compenset,
741 665 798 727 sed
812 663 910 728 etiam
921 670 1051 747 superet
1062 665 1163 746 magis
1178 667 1345 750 magisque
1360 690 1413 732 ex·

90 769 215 812 cessum
229 747 376 813 elementi
388 748 472 814 illius
484 752 516 815 iu
538 751 744 834 proportione
757 750 887 815 basium.
924 752 984 816 Hic
997 753 1081 816 enirn
1095 760 1183 817 totus
1207 775 1243 818 as
1266 777 1413 820 crescens

89 837 246 919 quadrati
275 837 334 902 AR
364 846 460 920 auget
489 840 730 922 proportionem
761 839 969 904 terminorum
997 840 1152 904 minorum
1174 848 1206 907 et
1230 844 1411 910 decrescen-

89 926 181 1004 tium,
213 923 279 990 illic
301 926 401 990 triens
425 927 540 992 saltem
562 928 740 1010 aequaliter
763 949 907 993 crescens
932 934 1029 1012 auget
1043 931 1282 1012 proportionem
1305 935 1412 997 termi-

86 1035 207 1079 norum
236 1016 395 1099 majorum
429 1023 461 1080 et
495 1016 714 1082 crescentium.
762 1016 837 1102 I'lns
868 1018 966 1098 igitur
995 1017 1046 1081 hic
1068 1021 1175 1104 potest
1198 1021 1413 1103 proportionis

87 1105 256 1185 augmenti
278 1124 354 1186 pars
377 1105 482 1186 tertia,
506 1121 603 1187 quam
626 1104 815 1170 illic'totum
838 1107 1053 1189 proportionis
1076 1113 1296 1189 augmentum.

178 1190 268 1258 Haec
301 1193 398 1274 igitur
432 1193 470 1267 de
504 1194 559 1258 illa
593 1195 814 1278 conjugatione
845 1194 976 1259 fuerunt
1006 1194 1413 1280 demonstrandamque

86 1279 284 1362 quadratum
308 1281 358 1345 tlt
385 1281 520 1364 du'plum
543 1289 592 1347 est
614 1282 766 1366 quadrati
789 1281 854 1346 GA.
901 1281 1022 1361 Quodsi
1045 1284 1240 1366 quadratum
1265 1286 1320 1351 OG
1342 1287 1411 1350 fue-

85 1369 131 1432 rit
154 1372 258 1453 may'ns
288 1365 388 1452 duplo
415 1369 516 1450 illius,
548 1372 649 1435 multo
681 1373 743 1436 ista
766 1371 871 1436 omnia
893 1373 995 1454 magis
1019 1370 1171 1438 obtinent.
1218 1375 1301 1438 Nam
1324 1375 1411 1458 quod

86 1457 272 1545 analogiam
304 1454 430 1540 attinet,
466 1469 649 1526 truncorum
683 1460 796 1524 talium
829 1460 984 1542 cylindri·
999 1461 1161 1543 aequealti
1195 1463 1240 1542 (in
1268 1463 1332 1528 sclr.
1358 1468 1410 1528 22.

88 1545 197 1627 CBA.)
228 1553 303 1611 sunt
335 1549 529 1630 aequalium,
564 1550 620 1612 sed
654 1549 806 1613 altiorum
829 1548 1045 1631 cylindrorum
1069 1549 1152 1614 clla
1185 1551 1409 1630 subcontrarii,

87 1635 129 1698 de
153 1635 272 1717 quibus
295 1635 341 1700 th.
365 1635 478 1702 XVIII.
514 1638 781 1713 denroustratum,
819 1636 905 1720 quod
944 1639 1051 1702 trumi
1083 1638 1125 1702 ab
1153 1639 1223 1704 -illis
1257 1641 1411 1724 incipiant

84 1723 158 1787 fieri
190 1724 344 1802 minores,
382 1726 477 1790 etiam
505 1728 538 1806 ii·,
568 1727 624 1810 qui
653 1726 810 1810 cylindros
839 1727 921 1790 altos
952 1725 1037 1791 GHA
1064 1732 1250 1812 conjugatos
1274 1728 1407 1808 habent,

84 1815 334 1896 quantomagis
357 1813 413 1892 illi,
438 1817 593 1896 quisunt
617 1814 759 1879 cumbis
782 1815 910 1879 illorum
940 1813 1171 1880 subcontrariis
1195 1817 1274 1881 CBA
1303 1820 1409 1904 conyuf

85 1901 227 1983 gationis
250 1903 455 1987 ejusdem,.et
477 1906 532 1986 qui
553 1904 602 1969 bic
625 1904 753 1968 demum
780 1906 939 1984 oriuntur,
962 1906 1063 1988 primo
1087 1913 1161 1970 ortu
1183 1906 1260 1969 facti
1283 1906 1409 1971 humili·

83 2011 162 2055 ores
186 1994 355 2075 conjugato
379 1991 521 2074 cylindro
545 1993 634 2058 CllA.
689 1991 692 1998 '

178 2077 252 2142 Jam
275 2101 359 2160 vero,
382 2079 471 2162 quod
492 2082 650 2163 reliquam
674 2081 978 2145 demonstrationem
1004 2082 1176 2160 concernit,
1200 2102 1272 2147 cnm
1286 2083 1320 2146 in
1343 2084 1408 2148 seh.

84 2173 139 2232 24.
165 2163 298 2248 cylindri
309 2170 377 2252 ipsi,
403 2163 663 2254 conjugationum
687 2171 803 2254 capita,
828 2176 988 2252 ponantur
1010 2168 1194 2235 humiliores
1217 2191 1286 2235 esse
1310 2172 1408 2255 cylin-

84 2256 145 2330 dro
163 2254 259 2320 CGA:
284 2259 397 2320 crescit
417 2258 515 2340 igitur
530 2261 562 2322 irl
577 2260 615 2324 iis
632 2259 696 2339 OG,
721 2259 778 2322 sed
792 2258 996 2323 incrementis
1018 2257 1280 2342 decrescentibus
1298 2262 1408 2325 minui·

82 2353 139 2410 tur
163 2343 229 2424 GA,
255 2345 309 2409 sed
333 2345 538 2412 decrementis
561 2348 785 2412 crescentibus
831 2347 999 2410 Dimiuuta
1012 2367 1088 2409 vero
1106 2347 1162 2411 GA
1179 2355 1210 2412 et
1233 2349 1409 2413 secundum

81 2454 159 2497 eam
182 2441 215 2497 et
237 2434 302 2514 TA,
323 2436 418 2498 etiam
441 2435 495 2499 AB
518 2437 695 2501 differentia
717 2437 955 2514 diametrorum,
980 2435 1056 2500 licet
1081 2437 1298 2515 crescentium,
1324 2457 1407 2502 cres·

80 2523 137 2600 cit,
163 2521 219 2586 sed
241 2523 444 2588 incrementis
468 2525 731 2604 decrescentibus,
753 2545 812 2608 per
834 2523 881 2587 th.
909 2523 947 2587 Χ.
971 2521 1078 2607 lustjus,
1118 2521 1171 2587 Fit
1192 2525 1291 2607 igitur
1313 2527 1405 2590 dimi—

79 2610 176 2674 nutio
209 2612 352 2695 eorporis
387 2613 518 2695 cylindri
549 2615 710 2698 conjugati
743 2633 803 2696 per
837 2613 1049 2690 sartationem
1079 2612 1177 2693 ipsius
1200 2613 1256 2677 ΤΒ
1280 2627 1405 2696 magna,

80 2699 204 2782 quippe
238 2707 271 2764 et
307 2701 494 2766 seeundum
516 2702 615 2766 basin
642 2703 694 2766 CG
730 2721 878 2784 magnam
916 2707 948 2765 et
989 2700 1163 2784 secundum
1195 2701 1406 2767 differentiam

78 2788 226 2870 ipsorum
249 2789 304 2854 ΤΒ
328 2797 360 2854 et
386 2793 443 2855 AG
466 2792 567 2856 multo
590 2793 758 2876 majorem3
783 2789 939 2872 appositio
969 2809 1041 2852 vero
1064 2789 1107 2852 ad
1130 2797 1246 2872 corpus
1271 2790 1405 2874 cylindri

80 2878 251 2960 conjugati,
277 2877 452 2943 secundnm
475 2881 626 2944 trientem
648 2881 800 2963 quadrati
822 2879 879 2944 AR
903 2883 935 2942 et
957 2875 1160 2958 aurgmentirm
1180 2879 1331 2962 quadrati
1351 2878 1404 2943 Cli

79 2985 141 3048 per
164 2965 228 3046 BA,
257 2965 294 3030 lit
321 2987 422 3051 parva
450 2977 482 3033 et
509 2969 640 3034 minoris
660 2969 900 3033 aestimationis.
940 2966 1093 3047 detexat,
1119 2967 1273 3050 quivult,
1300 2970 1405 3052 urnula

80 3053 361 3121 demonstrationis
394 3059 587 3139 praemissae
623 3059 781 3122 elementa
810 3058 852 3122 ad
880 3055 965 3119 huuc
994 3053 1141 3136 modum,
1175 3057 1313 3122 inveniet
1341 3079 1405 3122 non

78 3143 185 3206 minus
209 3142 298 3224 lueis,
323 3166 421 3227 quam
443 3153 542 3230 supra
565 3147 609 3214 tlr.
631 3137 685 3211 m'.
702 3148 794 3232 hujus
817 3167 856 3210 ex
878 3143 1004 3209 calculo
1028 3145 1165 3223 emicuit,
1191 3166 1288 3229 snper
1308 3144 1404 3236 hujus

78 3231 183 3315 qiartis
206 3233 356 3310 veritate,
979 3247 986 3262 '

171 3325 416 3382 Corollarium.
456 3330 564 3390 Posito,
592 3333 663 3401 quod
694 3329 768 3383 dolia
793 3329 901 3381 vinaria
926 3331 1050 3379 constent
1076 3326 1179 3378 truncis
1200 3324 1298 3380 conieis
1320 3327 1403 3396 puris,

79 3405 108 3458 in
130 3405 163 3458 iis
184 3407 299 3482 quidem,
321 3424 392 3478 quae
413 3415 492 3462 curta
512 3417 589 3472 sunt,
616 3417 712 3463 center
740 3409 823 3462 omnis
845 3405 968 3460 diminuit
988 3405 1207 3458 aestimationem
1227 3407 1403 3474 supracitatum

79 3487 108 3538 in
129 3485 281 3539 Austriacis
302 3505 367 3540 vero
388 3488 502 3556 perinde
522 3489 580 3541 lere
600 3495 652 3550 est,
673 3489 731 3541 sive
751 3497 876 3540 ventrem
904 3487 1035 3545 habeant,
1057 3484 1114 3536 sire
1135 3485 1312 3552 cylindricam
1333 3489 1403 3556 fign-

79 3581 140 3618 ram
160 3567 272 3634 propius
293 3567 444 3628 anitentun
475 3569 541 3638 quia
569 3584 706 3638 uunquam
736 3585 787 3620 usu
809 3565 893 3626 venit,
915 3573 945 3617 ut
964 3571 1063 3617 venter
1085 3563 1112 3646 in
1131 3565 1236 3618 lautam
1258 3575 1404 3620 excrescat

79 3645 300 3714 amplitudinem,
327 3654 358 3700 ut
386 3648 491 3701 habeat
517 3650 730 3716 profunditatem
756 3650 865 3716 duplam
893 3644 1018 3706 diametri
1045 3644 1118 3696 orbis
1141 3645 1239 3713 lignei:
1261 3663 1314 3715 quo
1336 3659 1403 3699 casu

80 3742 149 3778 sane
173 3741 223 3792 per
249 3728 395 3780 corollaria
415 3729 450 3780 ad
471 3729 510 3780 th.
532 3730 580 3782 lX.
608 3727 748 3782 auritteret
772 3729 932 3796 plusquam
958 3731 1086 3794 quartam
1112 3732 1228 3792 partem.
1276 3728 1330 3779 Sed
1351 3745 1402 3782 nec

79 3821 201 3875 unquam
220 3806 391 3875 profunditas
412 3809 442 3861 lit
462 3809 645 3877 sesquialtera
664 3807 790 3863 diametri
810 3805 882 3858 orbis
903 3803 998 3873 lignei,
1021 3816 1074 3873 quo
1095 3821 1161 3856 casu
1182 3806 1401 3873 renteraruitte-

78 3892 124 3938 ret
152 3892 260 3953 partem
290 3886 397 3940 circiter
427 3888 597 3940 tricesimam.
647 3895 686 3943 At
715 3887 737 3940 si
767 3883 950 3956 sesquitertia,
982 3883 1052 3953 qnod
1083 3887 1164 3938 valde
1194 3884 1326 3948 insolens,
1342 3885 1402 3954 jam

82 3971 257 4018 attenuatum
278 3973 320 4019 est
341 3968 467 4020 damnum
487 3967 589 4020 vent-ris
611 3969 645 4020 ad
666 3973 773 4036 partem
789 3963 1027 4036 septuagesimam.

170 4038 293 4123 Atque
323 4039 418 4106 haee
453 4050 510 4104 est
543 4042 667 4105 altera
698 4043 769 4106 illa
800 4047 837 4104 et
859 4036 1106 4103 nobilissima
1140 4039 1289 4121 quidem
1315 4058 1400 4119 pro·

78 4127 231 4212 prietes
255 4122 352 4194 dolii
374 4130 582 4195 Austriaci
629 4129 716 4195 Sient
740 4129 822 4193 enim
845 4128 891 4193 tlr.
915 4125 953 4191 V.
971 4125 1049 4189 nihil
1072 4131 1223 4210 magnum
1247 4125 1351 4210 potuit
1374 4126 1402 4189 ei

78 4237 194 4281 nocere
233 4218 358 4282 variata
392 4218 536 4283 nonnihil
569 4217 672 4301 figura
706 4241 763 4303 per
782 4237 923 4284 errorem
946 4213 1091 4296 artificis,
1122 4225 1291 4300 propterea
1315 4215 1402 4296 quod

76 4306 147 4387 lege
162 4313 194 4369 et
212 4327 300 4370 more
318 4306 451 4371 ducibus
468 4307 509 4370 ad
533 4309 670 4390 liguram
686 4306 827 4372 omnium
847 4305 1086 4388 capacissimam
1098 4305 1251 4388 aspirarit
1274 4303 1399 4381 artifex,

78 4395 220 4460 incidens
246 4397 278 4459 in
302 4393 420 4478 figuras
444 4399 670 4479 capacissimae
694 4397 863 4479 proximas,
891 4397 922 4459 in
952 4393 1076 4476 quibus,
1102 4402 1138 4458 nt
1161 4391 1323 4476 proximis
1348 4392 1400 4455 de-

76 4483 181 4548 lectus
203 4505 243 4548 ex
265 4485 386 4566 legibus
410 4485 521 4550 circuli
544 4493 668 4550 nonest
690 4483 897 4550 observabilis
912 4484 995 4547 inter
1009 4483 1115 4548 initia:
1140 4485 1281 4545 sionuno
1303 4480 1400 4543 etiam

77 4569 158 4636 nihil
182 4573 250 4638 lere
265 4572 299 4636 in
322 4572 383 4638 hoo
406 4573 490 4639 dolio
513 4576 617 4640 canat
631 4579 742 4638 venter
764 4573 890 4657 amplus
916 4593 958 4636 an
983 4573 1120 4650 strictus,
1143 4589 1196 4633 res
1220 4569 1401 4651 cumprimis

77 4668 172 4745 grata
204 4660 327 4745 opifici,
356 4663 433 4744 quia
461 4669 524 4728 non'
548 4665 595 4728 ita
619 4664 713 4728 facile
741 4669 798 4742 est,
825 4668 863 4744 nt
888 4662 1125 4746 proportionem
1147 4657 1332 4723 tabularum
1359 4657 1401 4720 ad

81 4752 187 4833 orbes,
222 4752 268 4816 sic
295 4751 415 4816 ventris
438 4753 680 4835 amplitudinem
703 4774 762 4837 pro
778 4750 883 4817 lubitu
899 4751 1086 4836 exprimere,
1112 4767 1168 4812 nec
1183 4748 1225 4812 ad
1250 4746 1400 4810 amussim
