3406 5542
584 321 747 390 creperum,w
769 321 874 376 neem
886 339 998 392 eene.
1395 291 1461 370 eie

131 464 346 548 penem,
368 463 579 530 anbonitee
600 467 645 530 eet
668 463 836 531 uerene
857 458 996 531 coronet
1016 473 1095 534 eunt
1140 465 1197 532 Ee
1210 465 1261 530 bie
1282 485 1352 530 eum
1365 465 1462 530 duces

133 553 263 618 Haedis
278 551 405 637 aliquae
418 555 659 638 intercepissent,
674 556 790 640 religni
800 559 1008 640 propugnant
1025 557 1060 620 in
1073 556 1229 620 Arabium
1246 557 1378 638 indepte
1398 554 1461 618 Jn-

133 643 235 708 wem
256 643 448 726 depraedati
466 651 538 708 sumt
558 647 792 710 recursionibus
806 647 917 731 sectio.
960 645 1109 709 Hnedee
1131 640 1204 726 (flue
1221 639 1307 726 anni)
1322 665 1462 709 mneos

132 751 192 796 cem
202 731 483 816 prosngoealee'eei
495 753 558 798 non
568 743 682 817 poeeet,
705 731 799 818 (anno
815 730 866 801 37.
881 730 957 817 Jul.)
970 735 1161 819 permaneto
1177 734 1341 798 stacione
1356 735 1462 798 dome-
1545 777 1549 784 ·

129 823 214 886 deos
232 820 363 886 illorum
385 825 616 906 comprehendit
629 833 660 888 et
677 825 808 901 occidi&
831 845 894 908 que
913 845 949 889 re
961 824 1013 890 illi
1033 825 1211 890 canetae·
1229 825 1389 906 perpetuis
1408 824 1461 886 in-

120 912 317 976 cursionibus
337 920 492 976 venerunt
510 911 685 978 Judaeum:
717 915 798 978 adeo
816 915 959 996 quidem,
981 921 1016 977 nt
1037 935 1107 980 crem
1128 933 1210 976 enno
1234 908 1293 975 38.
1317 911 1463 976 Heredes

127 1001 241 1066 eneae
256 1003 366 1064 iterum
380 1003 500 1084 fuisset
512 1003 646 1084 indepte
667 997 718 1084 (ut
732 1022 861 1085 graecm
875 1011 979 1067 textus
994 997 1103 1085 habet)
1125 1004 1259 1075 rediret,
1280 1000 1394 1066 bellom
1408 999 1462 1066 tlte·

127 1111 163 1154 ee·
174 1091 233 1153 lucc
249 1111 348 1155 ennea
363 1091 550 1174 conflaretur
565 1113 635 1155 cnm
648 1095 808 1157 Arebibne
822 1093 979 1158 ὶαήνοηιιηο
992 1091 1243 1176 receptatoribus.
1276 1091 1363 1156 Nem
1377 1111 1461 1154 cene

124 1180 214 1262 pertis
229 1179 357 1243 demeris
371 1179 517 1244 Herodes
530 1181 667 1245 Arabem
688 1184 847 1248 nemnem
866 1185 954 1266 apud
970 1183 1087 1267 Syriae
1104 1181 1284 1264 procedes,
1306 1180 1382 1243 dedi
1402 1181 1463 1243 eibi

126 1267 257 1333 latrem
267 1267 450 1351 postulone:
473 1291 532 1354 guo
548 1272 657 1335 andito
674 1271 812 1337 leboreee
826 1273 871 1335 ed
879 1271 965 1338 num
979 1280 1120 1336 cometes
1134 1268 1208 1332 belli
1221 1271 1354 1352 speeiem
1365 1289 1463 1352 pree-

124 1359 257 1422 bnernnt.
303 1358 449 1422 Herodes
467 1359 553 1424 litem
577 1379 764 1444 prosequerer
782 1369 812 1426 et
833 1360 970 1424 meones
990 1363 1067 1425 dedi
1087 1367 1117 1424 et
1136 1367 1278 1424 mertuum
1296 1361 1336 1423 ab
1355 1360 1463 1421 Arabe
1532 1379 1543 1390 ·

122 1447 177 1510 eibi
189 1447 316 1512 restitui
327 1447 530 1530 pretulebeta
544 1451 670 1514 teredm
689 1471 742 1514 ree
764 1453 949 1532 conposite,
970 1459 1005 1515 nt
1022 1447 1192 1533 postuletis
1212 1447 1354 1512 Ησοᾱίε
1375 1450 1463 1513 iutra

122 1532 167 1600 30
180 1537 252 1600 dies
265 1538 445 1620 antistiam
469 1540 579 1620 quibus
592 1541 712 1603 erecte
727 1539 878 1624 Syllderee
891 1541 998 1604 Arabe
1009 1541 1113 1623 paee
1126 1558 1188 1602 non
1203 1539 1301 1612 stetit,
1320 1539 1377 1600 sed
1391 1537 1461 1599 Rc-

121 1645 199 1688 mam
216 1628 383 1709 prefectus
402 1635 455 1690 ret.
501 1628 655 1699 Quantum
676 1631 816 1712 postulae
838 1630 984 1713 temporis
1006 1627 1139 1704 Calvisi,
1161 1635 1197 1690 nt
1211 1629 1288 1692 baec
1308 1628 1461 1709 hucusque

121 1715 180 1795 geri
193 1715 338 1797 possint?
368 1716 507 1780 Herodes
530 1725 601 1780 ante
625 1718 740 1782 abitum
761 1713 899 1782 Romam
913 1738 1020 1783 versus
1037 1719 1104 1798 jam
1124 1718 1296 1781 vexabatur
1310 1717 1462 1778 latronum
1545 1735 1549 1740 ·

120 1805 305 1868 irritatorum
318 1805 556 1883 incursionibus3
572 1807 820 1872 reversusRoma
836 1827 902 1873 cum
918 1817 1009 1873 aucta
1024 1809 1135 1872 damna
1151 1807 1357 1888 comperisset,
1370 1812 1463 1886 putas

121 1894 194 1974 quod
206 1912 337 1974 regnum
353 1915 437 1958 suum
453 1896 565 1959 diutius
581 1898 762 1979 neglexerit,
786 1904 818 1960 et
839 1917 899 1962 non
922 1898 1023 1980 potius
1040 1899 1080 1961 ad
1095 1895 1203 1980 Syriae
1218 1895 1376 1978 praesides
1393 1899 1462 1957 sta-

121 1982 172 2045 tim
184 1983 351 2048 retulerit?
382 1986 669 2066 ingravescentibus
683 2005 756 2050 vero
771 1987 860 2051 malis
876 1996 909 2050 et
923 1988 1049 2050 turbata
1063 2005 1139 2068 pace
1155 1987 1276 2066 publica
1291 1993 1324 2047 et
1339 1983 1464 2065 Syllaeo

121 2091 181 2147 reo,
202 2073 347 2154 quamdiu
368 2081 459 2154 putas
481 2093 545 2138 rem
569 2075 722 2139 distulisse
742 2077 920 2157 praesides?
949 2076 1101 2158 Numquid
1124 2076 1201 2138 satie
1224 2094 1292 2137 esse
1307 2079 1399 2154 putas
1413 2071 1462 2135 bi-

121 2169 228 2225 mestre
244 2162 380 2244 spatium
396 2163 435 2227 ab
451 2164 581 2228 Herodis
596 2164 703 2240 reditu,
720 2166 799 2246 quod
813 2167 896 2230 intra
912 2165 1004 2228 semel
1024 2172 1115 2247 atque
1129 2165 1239 2228 iterum
1253 2163 1392 2226 Herodes
1408 2181 1462 2224 ac-

121 2259 200 2316 cuset
215 2251 391 2334 Syllanam,
412 2251 553 2336 Syllaeus
569 2253 698 2318 citetur?
729 2255 813 2336 atqui
829 2262 861 2318 et
884 2255 1104 2337 quadrimestre
1126 2261 1158 2316 ct
1173 2261 1321 2316 semestre
1340 2250 1464 2330 largiar,

120 2349 150 2402 ut
163 2340 279 2404 babeas
295 2348 431 2417 mutum,
454 2350 567 2425 quanto
591 2343 710 2425 quidem
732 2351 868 2425 tempore
890 2363 997 2427 pacem
1013 2343 1167 2424 negligere'
1188 2340 1362 2425 provinciae
1382 2339 1462 2402 limi·

120 2435 231 2505 taneas,
245 2429 356 2492 vicinis
371 2431 514 2496 Armeuis
525 2432 589 2512 jam
605 2451 654 2495 res
669 2451 765 2494 novas
781 2434 979 2514 agitantibus,
996 2434 1051 2497 snb
1065 2430 1199 2513 Augusti
1215 2429 1388 2493 lelicissimo
1403 2429 1462 2491 lm-

119 2519 197 2600 pcrio
207 2520 562 2602 praesesnnlluspotuit
588 2521 876 2603 Gndatcompositio
887 2530 988 2586 tamen
1004 2523 1035 2585 in
1052 2526 1204 2584 aestatem
1220 2520 1290 2582 anni
1306 2519 1358 2593 39,
1374 2518 1463 2580 detur

122 2607 223 2671 exinde
238 2608 342 2672 Julius
356 2607 417 2672 illis
431 2610 532 2690 pactis
548 2611 706 2674 conventis
721 2611 765 2674 30
780 2611 901 2686 diebus,
922 2613 1004 2674 intra
1020 2629 1095 2694 qnos
1110 2607 1225 2673 Herodi
1241 2615 1309 2672 eret
1324 2606 1463 2672 iacienda

120 2698 281 2762 restitutio.
327 2697 469 2780 Syllceus
483 2699 578 2781 igitur
591 2699 733 2782 Augusto
748 2719 852 2763 mense
867 2700 997 2764 Romam
1012 2701 1118 2774 abeat,
1141 2699 1222 2780 qnod
1237 2697 1373 2781 equidem
1388 2702 1463 2778 puto

119 2786 194 2850 illum
208 2789 303 2868 longe
319 2789 392 2850 aute
408 2787 526 2863 iecisse,
540 2789 636 2870 primo
653 2808 784 2852 severe.
814 2789 939 2852 Interim
954 2809 1027 2852 vero
1044 2789 1223 2852 etHerodes
1239 2809 1258 2850 a
1272 2784 1463 2868 praesidibus

120 2877 243 2958 accipiat
256 2883 449 2959 potestatem
464 2878 663 2960 persequendi
680 2879 771 2942 armis
781 2879 833 2958 jus
850 2898 943 2942 suum.
987 2877 1151 2960 Expeditio
1166 2877 1257 2940 trium
1278 2877 1392 2938 dierum
1405 2872 1465 2937 init

119 2966 217 3042 condo,
232 2965 390 3029 redeundo
405 2967 548 3042 totidem;
571 2967 766 3032 munitionem
787 2969 939 3033 latronum
952 2969 1050 3051 primo
1071 2967 1187 3048 impetu
1202 2964 1299 3047 cepit,
1322 2964 1462 3027 damnum
1519 2965 1522 2974 “

119 3055 227 3135 regioni
248 3063 416 3136 praeterea
437 3057 550 3120 nullum
570 3057 681 3120 intulit.
725 3058 842 3120 Mensis
865 3067 968 3121 tamen
989 3059 1111 3138 integer
1132 3057 1317 3130 insumatur,
1339 3051 1465 3136 quierit

119 3141 306 3225 September.
353 3143 480 3208 Octobri
504 3148 618 3209 referat
631 3147 770 3210 Herodes
792 3148 832 3210 ad
853 3148 1028 3230 praesides,
1049 3145 1173 3210 Arabes
1187 3145 1318 3207 Romam
1334 3143 1373 3205 ad
1389 3141 1464 3224 Syl-

117 3231 216 3308 laeum,
233 3234 308 3316 quid
323 3239 443 3314 gestum
467 3232 516 3298 sit
554 3236 733 3316 Properatis
748 3237 827 3300 enim
849 3238 966 3301 nunciis
991 3243 1062 3299 acta
1077 3255 1137 3298 res.
1166 3235 1209 3298 Et
1224 3233 1367 3316 Syllaeus
1387 3251 1463 3294 con-

118 3323 212 3386 festim
236 3323 395 3388 Herodem
417 3325 497 3405 apud
518 3325 691 3407 Angustum
713 3327 884 3401 accusavit,
910 3334 942 3388 et
962 3327 1096 3388 nondum
1120 3323 1281 3387 audiverat
1303 3323 1463 3403 Augustus

116 3411 260 3476 Herodem
290 3431 357 3474 cum
383 3413 518 3484 exercitu
547 3421 635 3477 extra
663 3415 748 3496 regni
770 3415 846 3478 fines
868 3416 1045 3497 proiectum.
1090 3413 1215 3476 Literae
1236 3431 1309 3492 ergo
1330 3409 1465 3492 Augusti

116 3501 152 3562 ad
163 3503 321 3566 Herodem
335 3502 470 3566 minaces
492 3510 525 3565 et
540 3502 656 3585 Syllaei
679 3505 718 3567 ad
731 3504 855 3567 Arabas
873 3503 1080 3584 jactabundus
1095 3503 1299 3565 Nouembrem
1319 3498 1465 3563 habeant.

116 3591 194 3653 Tunc
214 3591 358 3655 Herodes
380 3591 651 3674 legatos-Romam
673 3593 757 3656 misit
777 3593 928 3674 purgandi
951 3593 997 3655 sni
1020 3610 1129 3667 causa3
1163 3591 1275 3654 iverint
1294 3587 1467 3663 Decembri,

118 3679 290 3744 desederint
298 3680 455 3756 Jannario,
471 3682 531 3744 etsi
548 3681 621 3744 nihil
631 3689 716 3744 esset
731 3683 810 3764 qnod
821 3689 949 3765 agerent
963 3687 1018 3744 aut
1027 3686 1257 3762 exspectarent:
1273 3679 1370 3760 primo
1387 3675 1465 3740 enim

117 3769 246 3834 adventu
269 3789 309 3832 ne
333 3770 457 3834 admissi
479 3770 599 3853 quidem
615 3778 698 3846 sunt,
718 3771 829 3834 iterum
849 3777 993 3852 petentes
1009 3769 1204 3844 audientiam,
1227 3768 1334 3832 statim
1350 3765 1465 3830 dimissi

115 3877 144 3920 re
159 3859 283 3922 iniecta.
329 3859 525 3923 Exercebant
540 3867 613 3922 tunc
629 3859 800 3942 Angustum
821 3868 911 3924 curae
926 3859 1109 3924 Armenicae
1125 3866 1157 3920 et
1171 3857 1346 3932 Parthicae,
1360 3857 1464 3937 itaque

114 3949 272 4012 rerinmile
297 3955 361 4023 est,
383 3949 535 4012 Herodem
556 3949 601 4011 illi
624 3957 797 4032 suspectum
819 3950 925 4025 inisse,
948 3967 984 4011 ac
1006 3949 1032 4011 ei
1048 3949 1174 4010 studeat
1195 3947 1285 4011 rebus
1300 3943 1464 4017 Parthicis,
1532 3953 1535 3965 '

114 4038 270 4102 mensione
286 4057 412 4113 usums,
436 4038 462 4101 si
485 4057 518 4101 se
540 4039 674 4102 Parthus
696 4046 893 4102 commoveat.
937 4037 1098 4101 Redierint
1120 4033 1216 4119 leg'ati
1236 4035 1403 4100 Februario
1425 4032 1466 4095 ad
1549 4071 1558 4086 ι

115 4126 284 4204 Herodem
310 4135 440 4209 quatuor
460 4127 569 4192 exinde
590 4128 727 4209 integros
748 4147 869 4191 menses
892 4128 1029 4191 dabimus
1050 4127 1142 4190 rebus
1156 4125 1375 4208 pendentibus,
1396 4123 1467 4184 dum

115 4215 252 4280 Herodes
268 4217 360 4280 malis
383 4225 415 4280 et
430 4216 593 4280 insolentis
607 4217 881 4281 hostium‘coactns
896 4235 1014 4280 rursum
1035 4215 1133 4278 mittit
1146 4217 1282 4298 legatum
1296 4213 1466 4286 Nicolaum,

115 4303 140 4366 is
154 4307 268 4372 Julinm
285 4306 458 4387 navigando
473 4305 603 4370 Romam
617 4307 758 4383 insumat,
773 4325 906 4372 mensem
921 4309 1096 4387 Angustum
1109 4305 1237 4380 Romae,
1253 4304 1322 4367 dnm
1339 4299 1464 4382 Syllaeo

112 4396 277 4474 praescribi
301 4395 382 4458 diem
404 4396 478 4458 dicit
498 4415 622 4477 eumque
645 4403 779 4459 accusat.
823 4397 907 4460 Tunc
924 4395 1042 4460 Caesar
1063 4393 1200 4458 habebat
1219 4393 1250 4456 in
1265 4391 1382 4456 recenti
1396 4405 1464 4450 me·
1594 4471 1599 4480 .

111 4485 202 4548 moria
217 4503 387 4560 numerum,
403 4503 490 4567 quem
506 4484 649 4568 Syllaeus
665 4491 733 4548 erat
747 4487 909 4561 mentitus,
932 4485 1100 4548 occisorum
1117 4483 1155 4546 ab
1171 4482 1306 4545 exercitu
1322 4476 1463 4542 Herodis.

112 4573 186 4637 Vide
208 4576 322 4657 igitur,
344 4593 382 4637 ne
405 4581 524 4656 tempus
546 4576 637 4655 longe
659 4574 781 4638 brevius
806 4593 895 4657 quem
919 4575 960 4637 10
981 4573 1129 4636 mensium
1149 4569 1361 4635 intercesserit
1380 4567 1463 4629 inter

113 4665 337 4729 accusationem
352 4671 385 4726 et
399 4663 633 4727 excusationem.
671 4664 789 4729 Cacsar
802 4664 923 4728 Nicolei
940 4663 1077 4726 oratione
1100 4659 1314 4725 reconciliatus
1330 4654 1445 4720 Herodi
1451 4674 1461 4730 ;

112 4751 204 4817 literis
227 4770 305 4818 vero
319 4754 453 4818 Herodis
468 4753 545 4818 filios
566 4753 712 4835 perfidiae
734 4753 937 4817 insimulantis
960 4752 1066 4815 eodem
1081 4754 1233 4814 momento
1255 4765 1374 4810 rursum
1388 4763 1462 4828 per-

112 4843 267 4921 turbatus,
291 4842 352 4906 etsi
371 4861 433 4907 non
453 4841 548 4906 multo
569 4849 642 4925 post
663 4841 788 4925 scripsit
809 4842 939 4920 Herodi,
967 4847 1102 4906 mensem
1123 4847 1227 4903 umen
1249 4835 1462 4918 Septembrem
