3400 5538
246 253 308 314 132ss
737 246 764 295 ln
784 247 867 312 Opera
884 247 1067 310 Clironologics

244 432 316 480 'arti
334 429 406 478 mede
425 429 597 492 praemissam,
616 425 711 474 addens
728 426 855 490 quaedam
874 427 905 476 de
924 425 1069 489 'tychonica
1085 424 1172 473 Lanae
1191 424 1298 482 themis,
1321 440 1398 490 qaam
1410 427 1570 482 Praetorius,

246 500 606 552 Altorlensismatbematicus,
624 497 756 546 lleraarto
774 507 876 560 petente
899 499 1097 552 examinaverat.
1119 510 1185 560 quas
1203 496 1255 546 alio
1273 498 1328 546 loco
1346 499 1483 548 increada
1501 513 1569 547 suna

331 581 404 630 llus
421 581 499 642 igitur
516 577 654 640 Keplerua:
684 570 763 632 Quod
790 573 891 625 minet
916 577 1070 638 consputum
1095 569 1236 638 eclipsium
1263 571 1428 633 Lucanum,
1455 581 1569 624 exstem

247 655 274 708 in
305 654 413 708 Braheo
443 661 592 719 praecepta
621 649 809 718 computandi,
842 667 916 720 quac
945 665 1050 720 sequor.
1091 651 1149 703 Ad·
1164 651 1316 704 Ptolemaei
1345 667 1412 704 sero
1442 662 1572 719 tempma

246 735 482 788 accommodantur
502 729 584 783 lacile
604 730 646 782 his
666 729 752 796 datis;
776 731 804 790 l)
818 739 893 784 motu
909 729 996 784 medio
1011 729 1187 799 longitudinis
1201 730 1299 784 Lunae
1313 747 1333 784 a
1346 732 1421 790 Sole,
1443 729 1474 792 2)
1494 743 1571 783 motu

244 813 412 870 anomaliae,
442 812 471 870 3)
497 819 570 862 motu
598 809 760 870 latitudiuis,
788 811 819 870 4)
841 809 997 879 cognitione
1018 809 1229 864 eoceuuicitatis
1247 810 1329 872 Solis,
1358 813 1389 871 5)
1410 811 1573 880 cognitione

247 892 400 948 menalius
424 889 502 942 Solis.
550 891 579 942 ln
608 891 682 943 l-3
708 887 785 943 nulla
804 897 849 942 est
867 887 1029 951 differentia,
1050 891 1210 942 assumimus
1230 889 1302 944 euim
1321 892 1456 960 epocham
1478 893 1572 944 Ptole-

246 972 317 1027 maei
339 974 381 1033 (ut
400 969 468 1022 iacit
488 970 632 1029 lirabeusl,
653 969 699 1022 cui
716 977 825 1038 oportet
846 972 967 1024 credere.
1007 969 1114 1022 Deinde
1134 969 1295 1039 corrigimus
1304 971 1573 1038 epochamnostram
1653 971 1656 980 “

247 1051 331 1107 nostri
352 1049 481 1118 temporis
502 1057 531 1101 et
551 1063 738 1118 comparamus
758 1050 887 1118 temporis
905 1050 1096 1109 intervallum
1117 1065 1188 1118 quae
1198 1050 1288 1103 omnia
1297 1059 1411 1103 exstem
1422 1051 1450 1102 in
1461 1051 1573 1104 Braheo

246 1135 282 1186 nd
309 1147 393 1184 ιιιιοιι
420 1133 487 1189 litu,
503 1129 699 1198 ,triplicatione
725 1143 794 1198 ergo
822 1131 856 1182 ad
884 1144 969 1182 annos
998 1131 1074 1183 120⁰
1102 1137 1153 1182 etc.
1194 1131 1232 1182 Et
1257 1137 1289 1182 ut
1308 1131 1404 1183 ridens
1425 1131 1579 1184 cautiones·

246 1227 338 1266 omncs
359 1209 506 1270 adhibitas,
528 1219 634 1277 tempus
653 1208 803 1262 Ptolemaei
822 1210 895 1278 apud
912 1209 1068 1278 Tychonem
1087 1215 1236 1279 aequatum
1254 1217 1297 1262 est
1315 1227 1390 1264 more
1404 1209 1571 1280 Tychonico.

246 1289 409 1346 Differentia
429 1305 494 1340 sero
515 1289 723 1342 meridianorum
743 1305 798 1342 non
817 1295 909 1358 potest
930 1289 1053 1359 ignorari
1074 1287 1136 1348 (aut
1154 1291 1237 1342 valde
1257 1289 1355 1344 ritiose
1374 1300 1450 1342 esset
1466 1291 1574 1343 medita

248 1389 267 1424 a
285 1371 463 1428 Ptolemaeo).
504 1369 574 1428 Nam
601 1369 690 1421 incola
708 1369 898 1423 Alexandriae
923 1370 969 1439 qui
995 1369 1139 1438 ignoraret
1153 1364 1331 1422 intervallum
1353 1371 1427 1424 inter
1446 1372 1572 1425 Alcm-

247 1451 334 1504 drism
355 1457 384 1501 et
404 1449 601 1517 Carthaginem
622 1447 809 1503 itinerarium?
849 1450 873 1501 Ε
892 1449 1003 1502 Siciliae
1021 1451 1152 1517 Drepano
1171 1449 1336 1520 prospicitur
1356 1450 1430 1502 sinus
1452 1450 1571 1502 Cartha·

246 1531 328 1602 ginis,
353 1529 462 1583 Siciliae
498 1529 561 1581 litus
588 1529 672 1581 occid.
698 1545 759 1581 cum
783 1529 926 1598 'lyrrhem
953 1530 1148 1598 quodammodo
1174 1529 1330 1582 continuum
1360 1539 1411 1590 est,
1439 1537 1469 1582 et
1497 1529 1569 1583 illius

247 1609 376 1682 temporis
396 1607 618 1678 navigationibus
638 1605 814 1662 tritissimum.
844 1609 889 1662 Ex
905 1607 988 1660 Ostiis
1002 1609 1115 1662 Romam
1130 1609 1387 1678 consumpturas
1403 1609 1570 1670 milliarium,

246 1693 334 1746 Roma
354 1697 382 1742 et
402 1690 520 1742 lluenna
539 1687 648 1742 Daciae
668 1694 733 1742 sunt
752 1689 803 1742 sub
823 1689 917 1742 eodem
938 1687 997 1741 lere
1018 1687 1175 1742 meridiano.
1193 1683 1199 1698 '
1216 1689 1259 1742 De
1274 1697 1372 1761 quarto
1388 1691 1457 1743 nihil
1473 1689 1570 1748 dhon

247 1771 323 1824 rides
358 1769 427 1826 euius
462 1785 480 1821 a
514 1786 557 1822 me
592 1777 754 1830 assumtum
790 1767 886 1839 quodsi
915 1785 1062 1836 assumam¹
1080 1768 1312 1823 eccentricitatem
1340 1770 1496 1824 Ptolemaei
1526 1770 1570 1822 rel

246 1849 411 1919 Hipparchi,
441 1849 641 1918 sane·aliquid
672 1847 843 1902 differentiae
868 1848 978 1902 circiter
1003 1845 1051 1904 40¹
1076 1849 1206 1918 temporis
1231 1850 1295 1902 inde
1319 1855 1413 1918 potest
1438 1850 1570 1909 existere,

246 1932 318 1984 unde
345 1937 374 1982 et
401 1929 517 1981 latitudo
543 1929 667 1982 rariatnr
692 1935 721 1982 ct
745 1928 914 1998 magnitudo
930 1924 1039 1996 eclipsis
1064 1929 1194 1991 nonnihil,
1221 1945 1282 1982 oum
1311 1931 1346 1984 ob
1367 1937 1486 1998 tempus,
1513 1937 1570 1982 ιιιιιι

247 2011 330 2067 etiam
364 2009 399 2060 ob
431 2007 663 2061 eccentricitatem
696 2015 725 2062 et
757 2011 871 2060 umbrae
902 2009 1062 2062 crassitiem.
1103 2009 1157 2061 Sed
1190 2025 1227 2062 ea
1251 2009 1342 2062 omnia
1366 2017 1518 2062 venantur
1544 2009 1570 2060 in

247 2089 370 2144 minimis
416 2090 459 2146 De
490 2103 601 2141 numero
634 2089 661 2142 5.
682 2105 719 2140 ex
749 2087 851 2140 Rrabei
883 2070 989 2142 calculo
1020 2087 1087 2158 nihil
1120 2089 1210 2142 habeo
1236 2089 1313 2143 certi.
1359 2090 1461 2160 ltaque
1488 2087 1571 2142 sumsd

246 2182 403 2240 apogaeum
424 2167 502 2228 Solis,
530 2177 560 2221 ut
587 2175 630 2221 est
655 2168 691 2220 ab
718 2167 876 2238 Hipparcho
903 2173 932 2220 et
958 2155 1116 2222 Ptolemaeo
1143 2163 1323 2238 proditum'
1315 2187 1343 2222 m
1367 2185 1421 2239 quo
1442 2169 1496 2222 etsi
1518 2183 1570 2221 uno

244 2251 337 2322 gradu
359 2250 524 2308 oberrarem,
546 2247 613 2304 nihil
632 2246 659 2300 id
681 2248 803 2302 efficeret
823 2247 959 2301 sensibile.
1000 2249 1039 2303 At
1058 2265 1094 2300 ue
1113 2252 1157 2301 rel
1177 2249 1316 2304 tantillum
1336 2249 1488 2302 sdmbceat
1508 2249 1570 2300 huic

247 2328 359 2399 negotio
385 2327 509 2396 ecliptico
537 2327 720 2398 inaequalitas
741 2327 938 2398 praecessionis
959 2327 1198 2399 aequimodam,
1220 2328 1352 2383 abstraho
1374 2343 1571 2399 apog-aeuma
1673 2343 1674 2354 ¹

153 2465 163 2482 ,
247 2409 359 2464 zodiaco
371 2415 411 2462 ‚et
430 2409 519 2461 relerc
540 2410 575 2460 ad
596 2411 676 2469 lixas,
696 2415 725 2461 et
745 2424 872 2477 comparo
892 2424 953 2461 cum
973 2415 1048 2462 motu
1069 2407 1247 2471 Solisafixis,
1269 2409 1572 2478 uTycbcuecorrectc,

248 2491 293 2542 vel
314 2489 386 2558 quod
409 2488 479 2540 idem
501 2495 555 2540 est:
583 2494 708 2556 computo
729 2495 830 2542 motum
850 2487 920 2546 Solis
940 2488 1058 2541 medium
1078 2505 1116 2542 ex
1135 2488 1238 2542 tabulis
1258 2488 1411 2543 Ptolemaei
1432 2497 1463 2542 et
1484 2489 1521 2542 ub
1542 2505 1573 2539 eo

247 2569 344 2622 aufero
363 2577 465 2620 uictum
486 2567 605 2636 apogaei
626 2566 684 2636 ejus
705 2567 835 2636 temporis
855 2585 893 2620 ex
913 2567 1105 2621 observatione
1126 2567 1272 2622 inventum.
1298 2559 1357 2622 ‘tbi
1376 2569 1429 2622 etsi
1444 2569 1573 2638 numque

246 2649 375 2702 definitur
401 2647 465 2700 mihi
493 2643 571 2701 lccus'
593 2647 620 2700 in
647 2648 767 2710 zodiaco,
794 2654 899 2708 tamea»
922 2647 944 2700 si
966 2663 1043 2700 error
1062 2655 1107 2700 est
1125 2647 1153 2702 iu
1172 2647 1372 2716 praecessione,
1399 2647 1574 2718 auumque

246 2735 291 2782 est
311 2727 435 2798 aequalis
455 2733 601 2798 manetque
622 2727 686 2780 mihi
707 2727 830 2780 inmunis
851 2727 989 2781 anomalia
998 2727 1076 2782 Solis.
1118 2729 1162 2781 Ita
1177 2735 1308 2796 operatus
1317 2728 1572 2798 dubiumrelinquc,

248 2807 276 2862 in
301 2823 354 2878 quo
381 2810 439 2861 loco
467 2807 570 2860 zodiaci
597 2807 720 2876 praecise
745 2807 893 2876 contigerit
919 2807 1035 2876 eclipsis,
1062 2813 1092 2860 et
1117 2813 1210 2860 mmen
1231 2817 1334 2861 certum
1354 2808 1446 2861 habeo
1467 2815 1573 2876 tempus

247 2895 278 2944 et
303 2887 498 2958 quantitatem:
525 2887 591 2958 quia
617 2888 695 2948 baec,
722 2895 754 2939 ut
779 2887 846 2950 dixi,
874 2888 909 2941 ab
935 2886 1049 2940 invicem
1073 2893 1189 2956 possunt
1214 2886 1346 2957 separari
1388 2888 1417 2941 Si
1445 2904 1572 2958 quaeras,

248 2971 323 3038 apud
343 2985 424 3040 quam
445 2969 546 3022 ιιιιιιιιιι
573 2966 752 3035 respondebo,
773 2969 846 3036 apud
868 2966 952 3029 illam,
971 2984 1043 3038 quae
1064 2973 1107 3020 est
1127 2967 1154 3022 in
1175 2969 1236 3020 loco
1255 2967 1381 3038 opposito
1401 2968 1483 3030 Solia
1504 2985 1574 3020 com·

251 3055 350 3117 putato
385 3064 435 3116 per
464 3049 587 3100 tabulam
616 3047 774 3101 Ptolemael.
821 3049 891 3101 Nam
920 3046 943 3099 si
972 3063 1015 3100 me
1044 3047 1117 3102 fallit
1145 3047 1320 3102 Ptolemaeus
1350 3064 1404 3101 uno
1425 3050 1519 3117 gradu
1549 3047 1573 3100 in

250 3127 361 3196 eclipsis
387 3130 446 3180 loco
473 3129 523 3180 sub
550 3127 612 3179 lixis
637 3127 804 3189 deliniendo,
830 3125 883 3182 erit
913 3132 991 3182 tauto
1021 3127 1105 3182 etiam
1133 3127 1223 3196 spatio
1254 3130 1290 3182 ad
1309 3133 1417 3182 tautum
1444 3129 1573 3196 temporis

251 3207 426 3262 intenanum
446 3205 564 3260 incertus
585 3221 672 3259 annus
692 3205 822 3260 sidereus.
1014 3245 1017 3254 .
1406 3199 1410 3204 ’

337 3287 448 3340 Solares
474 3287 589 3355 eclipses
616 3265 728 3355 propter
754 3286 968 3340 eccentricitatis'
993 3286 1221 3349 incertitudinem,
1250 3303 1322 3357 quae
1347 3303 1512 3357 propagare
1531 3289 1574 3341 rel

249 3369 393 3422 retardare
414 3371 505 3435 potest
525 3367 637 3435 eclipsin
657 3383 708 3436 per
727 3362 784 3428 40⁴.
810 3367 910 3442 inquo
930 3368 1091 3436 parallaxes
1111 3373 1253 3421 mutantur
1272 3375 1302 3421 et
1321 3381 1472 3437 parumper
1492 3367 1573 3421 edam

249 3449 375 3508 latitudo.
395 3449 456 3515 plus
477 3446 581 3499 habent
602 3443 807 3500 incertitudinis.
833 3449 950 3516 Propter
965 3447 1096 3500 incertam
1109 3447 1326 3516 praecessionem
1341 3447 1572 3518 aequinoctiorum

231 3527 363 3582 'nocetur
389 3527 442 3580 illis
470 3542 551 3596 quam
577 3526 728 3580 minimum:
758 3527 822 3596 quid
848 3527 927 3590 enim,
955 3527 978 3579 si
1004 3527 1123 3580 maxime
1150 3527 1232 3580 altior
1259 3525 1426 3584 exhibeatur
1448 3529 1496 3582 Sol
1523 3545 1573 3581 une

251 3607 333 3662 etiam
354 3609 555 3682 graduarium
576 3613 634 3662 est?
1035 3621 1042 3638 ¹

336 3689 395 3742 lloc
421 3657 605 3740 tadtummodo
632 3703 708 3760 opus,
734 3685 778 3740 hic
803 3685 883 3740 labor
903 3693 954 3748 est,
980 3687 1143 3756 parallaxes
1164 3685 1235 3741 Solis
1256 3692 1285 3740 et
1303 3685 1401 3740 Lunae
1423 3695 1453 3740 et
1474 3685 1572 3740 dimen-

170 3757 173 3766 ’
250 3767 354 3821 sionem
374 3769 487 3820 umbrae
502 3767 651 3836 corrigere,
671 3774 703 3820 ut
722 3767 840 3828 melius
833 3766 945 3820 invicem
960 3766 1128 3820 cohaereant
1141 3783 1223 3838 quarn
1237 3769 1309 3836 apud
1324 3767 1473 3830 Brabeum,
1495 3783 1572 3838 quam
1673 3827 1674 3830 Ἰ

249 3849 400 3919 diripientes
412 3865 434 3898 ιι
428 3845 751 3907 'sciretPraetorius,
769 3848 1016 3916 boneDeusquam
1032 3847 1131 3899 acerbe
1145 3847 1263 3900 haberet
1277 3845 1378 3904 Brahei
1392 3847 1527 3902 lahorem.
1540 3877 1571 3886 -

338 3924 474 3989 Epistulae,
499 3937 564 3988 quaa
589 3931 735 3988 sequuntur,
760 3923 865 3986 Kepleri
887 3931 914 3972 et
935 3923 1161 3980 Herennianum
1181 3918 1572 3988 ιιιιι-ιιοιιοιιριιιιιιιι
1673 3933 1674 3944 ¹

251 4011 372 4048 annorum
394 3995 563 4046 1610-1611
584 4010 633 4044 non
652 3997 821 4044 occurrentia
840 3995 897 4043 coll.
914 3983 989 4045 Pin.
1009 4001 1036 4044 et
1054 3992 1191 4057 Menneu),
1210 4009 1291 4061 seque
1309 4008 1341 4044 sc
1358 3997 1455 4058 priores
1476 4003 1574 4059 praeter

251 4065 428 4132 chronologica
446 4066 498 4115 alia
515 4067 597 4120 multa
615 4065 717 4122 habeut,
735 4081 800 4129 quas
818 4067 902 4115 οιιιιιιι
920 4067 1071 4128 Ksplenu'
1064 4082 1091 4116 ιιι
1109 4066 1156 4116 hoc
1174 4067 1245 4116 libro.
1281 4067 1385 4116 Partem
1403 4081 1493 4116 earum
1506 4065 1572 4116 erhi-

252 4132 695 4194 suimusv01.11.417,790.111
714 4135 757 4193 31.
783 4137 881 4202 reliqua
898 4139 1009 4186 maxima
1026 4152 1058 4186 or
1075 4147 1180 4202 parta,
1185 4138 1364 4187 Hmmoniam
1385 4147 1512 4201 spectant,
1536 4139 1572 4185 cni

251 4210 403 4260 rosemunda
422 4209 469 4258 ills
487 4211 637 4257 censuimus

340 4280 428 4343 38)p.
446 4275 506 4328 476.
546 4279 646 4340 inignm
665 4278 738 4340 hujus
757 4279 879 4341 epistolae
898 4223 993 4342 legitur
1010 4279 1057 4328 rol.
1073 4277 1116 4328 111.
1135 4293 1159 4342 p.
1172 4276 1237 4336 457ς
1256 4293 1321 4343 quae
1335 4287 1477 4344 sequuntur
1488 4279 1572 4327 cerba

255 4353 330 4411 ,thus
354 4351 422 4401 mich
444 4349 579 4399 bedauken
597 4353 637 4398 iiir
655 4349 698 4398 des
718 4349 800 4398 Herm
819 4351 931 4398 Autwcrt
949 4348 1012 4398 iiber
1029 4349 1069 4398 dic
1088 4350 1235 4416 Revegung
1253 4337 1298 4429 der
1317 4349 1417 4400 Sonus?
1443 4351 1573 4400 referenda

251 4433 310 4474 sunt
334 4423 367 4472 ad
392 4423 462 4471 illam
488 4422 608 4484 epistolae
634 4414 804 4483 Keplerianai
822 4426 929 4483 partem,
955 4433 1030 4483 quam
1049 4421 1254 4480 exhibuimusl.
1249 4437 1286 4470 c
1320 4419 1382 4470 lude
1401 4425 1495 4470 tramit
1512 4422 1571 4470 ller-

251 4502 344 4544 eunus
370 4494 403 4541 ad
430 4493 606 4556 chronologica
624 4493 721 4540 dicens:
749 4491 797 4542 Dic
817 4505 894 4540 annos
913 4491 1088 4541 Macedonicos
1107 4501 1183 4556 atque
1203 4491 1341 4542 Hebraiccs
1359 4493 1470 4557 losephc
1490 4493 1571 4541 belau-

253 4566 328 4630 gcnd,
347 4565 417 4613 halte
436 4564 479 4613 ich
496 4564 607 4612 cinmalil
626 4563 706 4618 daliir.
733 4563 777 4610 das
797 4563 861 4610 eben
880 4562 924 4611 des
943 4561 1025 4610 llerrn
1044 4565 1181 4626 conjection
1200 4563 1253 4612 also
1272 4563 1426 4622 beschalleu,
1445 4565 1503 4614 dass
1522 4563 1571 4612 die-

253 4636 321 4685 selbe
345 4637 399 4684 sinc
414 4635 552 4684 'calumnia
577 4649 634 4682 zum
660 4633 745 4686 Gruud
769 4634 807 4681 nit
833 4633 908 4682 kbnte
934 4639 1073 4698 geontaort
1094 4635 1204 4692 werden,
1227 4634 1286 4684 scil
1310 4635 1406 4684 cinmal
1431 4635 1481 4684 diss
1499 4647 1570 4698 argn-

252 4713 364 4756 msntum
383 4703 525 4761 infallibile,
544 4719 609 4754 anno
627 4703 680 4760 illo,
699 4703 729 4753 ds
749 4717 797 4768 quo
809 4703 1164 4767 agitur...0ctobriJullani
1183 4701 1217 4765 (r.
1228 4703 1346 4767 artum).
1377 4707 1439 4756 Also
1457 4707 1515 4756 dass
1532 4703 1570 4754 ich

253 4792 295 4825 um
314 4791 340 4824 so
359 4777 402 4825 vill
421 4774 493 4823 mehr
512 4777 537 4822 in
556 4778 652 4826 meiner
669 4778 771 4838 rorigeri
789 4775 841 4850 rud
857 4775 926 4824 alten
945 4775 1067 4838 lleiuuug
1085 4777 1214 4840 gestercht
1231 4776 1275 4826 bin
1293 4777 1343 4826 rad
1360 4777 1536 4828 rerhleibe...
