3396 5540
602 301 606 322 ,
645 257 752 321 Eciogae
780 222 924 306 chronicae
1380 255 1449 328 395,

126 453 182 490 non
201 435 357 496 intellecti,
378 437 448 506 qnia
469 438 494 489 ei
514 435 663 494 Tiridates
684 439 716 489 in
735 437 836 490 ceteris
856 435 941 488 redas
962 441 1161 488 assentaretur
1182 449 1266 504 seque
1286 433 1442 486 studiosis·

126 519 193 568 sinte
213 519 243 568 in
265 516 326 586 ejas
342 517 573 585 saniliaritatem
593 517 764 570 insinuaret.
806 515 893 586 Cujus
914 517 957 567 rei
977 531 1068 568 carisa
1085 516 1177 568 matta
1191 531 1307 566 manera
1322 516 1440 582 aceepit.

125 613 245 666 qnorum
268 599 394 665 pretinm
413 597 496 650 aiam
511 593 611 667 faisse
631 597 671 650 ad
692 597 735 650 bis
755 596 859 648 millies
881 597 1054 647 sestertiams
1089 593 1320 663 Permissampne
1341 601 1384 646 est
1407 595 1456 666 ei,¹

126 677 273 728 Artaaata
292 677 465 734 irataararn
487 677 520 728 ob
541 693 653 746 earnqne
673 693 789 744 cansam
806 692 936 745 mapnnm
955 691 1097 744 nupseram
1107 674 1267 742 fabrorum,
1289 689 1441 742 poospar-

128 758 176 808 tim
191 774 211 808 a
223 755 335 808 Nerone
351 764 506 826 acceperat,
526 758 635 825 partim
647 763 840 824 persuaserat
858 756 990 824 pecunia,
1019 753 1111 805 Rasna
1125 754 1254 806 abdanit.
1275 753 1322 806 Ea
1338 753 1443 822 quibas

127 835 248 888 Corbulo
275 853 322 888 eos
349 843 465 894 tantum,
493 853 564 906 qnos
585 853 604 889 a
623 833 740 888 Nerone.
755 841 911 904 occeperat.
935 826 1048 904 pasius
1069 841 1111 885 est
1132 832 1342 885 inArmeniam
1363 839 1442 884 tran·
1509 843 1516 854 '

127 917 196 968 sire.
219 915 311 980 Quam
331 915 363 968 ob
378 932 437 966 rem
452 913 600 968 Tiridates
620 915 692 967 banc
711 915 803 985 mapis
823 913 1029 971 adrm'rabotnr,
1050 912 1133 964 illa-m
1147 910 1307 966 donsnobat.
1337 897 1443 963 Rever-

126 1013 178 1047 sus
205 1003 249 1046 est
276 1009 410 1064 non-per
430 993 582 1063 Illyricam
603 1003 629 1047 et
651 1003 733 1047 trans
752 993 875 1052 Ioniam,
903 1009 962 1062 qna
982 993 1029 1044 aia
1050 1000 1171 1049 venerat.
1199 991 1250 1043 sed
1270 989 1444 1042 Brundusio

126 1073 338 1144 Dyrrhachium
364 1075 512 1144 naoipaoit
533 1075 661 1144 uiditque
680 1073 765 1126 arbes
785 1075 881 1126 Asiae*
893 1073 1099 1124 maratissimos
1121 1079 1206 1141 atpae
1224 1069 1442 1140 pulcherrimas,

126 1173 159 1208 ae
178 1161 303 1224 propter
320 1171 368 1206 eas
384 1153 534 1224 obstupuit
554 1156 701 1224 imperium
718 1154 826 1224 popuii
845 1152 975 1206 Rotnani,
1003 1151 1078 1204 Post
1099 1151 1245 1204 Artaaata
1265 1149 1443 1202 instauravit

127 1251 215 1302 enque
236 1236 441 1304 eopnominaoit
461 1233 597 1290 Neronia.
629 1233 804 1304 Voiopaesas
820 1238 919 1290 autern
942 1247 1141 1300 saepenumero
1161 1231 1326 1287 accersitae,
1348 1231 1443 1280 vestire

124 1315 164 1366 ad
183 1313 324 1366 Neronem
342 1315 444 1372 recinit,
466 1316 512 1366 eni
533 1317 616 1367 etiam
636 1314 675 1366 act
697 1321 846 1376 eatrensam
866 1313 992 1381 irsfestas
1008 1311 1080 1380 fait.
1102 1318 1187 1380 atqae
1207 1312 1251 1362 ita
1270 1309 1443 1378 rescripsit:

126 1393 194 1447 Tibi
215 1393 335 1462 quidem
357 1395 461 1462 inanit,
482 1394 564 1464 tonpe
578 1394 705 1463 facilins
727 1390 778 1452 est,
800 1400 857 1446 tam
871 1408 1000 1462 mapnam
1013 1407 1090 1444 mare
1105 1391 1240 1449 transire,
1262 1406 1346 1458 qaam
1366 1389 1442 1440 mibi.

89 1497 96 1516 ·
125 1473 159 1526 Si
178 1490 245 1543 erpa
266 1475 297 1526 in
316 1473 417 1526 Asiam
436 1477 555 1532 veneris,
577 1476 779 1528 cmmtitnemas
801 1472 918 1542 qnando
938 1471 1019 1524 nobis
1040 1469 1276 1540 conprediendam
1295 1469 1343 1520 sit.
1364 1466 1443 1520 Nero

124 1561 218 1628 tamen
238 1571 288 1606 trec
308 1553 450 1606 aniversae
472 1571 545 1612 eam,
573 1571 622 1606 nec
642 1562 742 1614 anatra
762 1551 915 1620 Aethiopes
936 1559 962 1603 et
982 1549 1078 1628 Pplas
1099 1547 1238 1618 Caspias,
1264 1550 1309 1600 ati
1336 1549 1441 1617 capita·

124 1633 179 1690 bot,
206 1634 373 1702 navipavit:
403 1633 454 1684 sed
479 1635 577 1686 nassis
604 1641 724 1702 atroque
745 1631 985 1702 exploratoribus,
1012 1631 1044 1682 in
1065 1627 1211 1681 Graeciam
1232 1629 1358 1696 transiit.
1386 1644 1444 1679 non

124 1721 156 1764 at
187 1713 309 1782 majores
342 1713 403 1782 eires
424 1713 563 1780 fecerunt,
590 1711 760 1770 Fianrirn'as,
787 1706 946 1768 Mutamus,
973 1708 1117 1779 Aprippa
1144 1707 1304 1778 depastas,
1332 1705 1383 1758 sed
1409 1713 1443 1758 nt

123 1810 229 1844 merrus
250 1795 382 1863 apitoret,
404 1793 516 1845 cithara
535 1801 655 1851 caneret,
674 1793 828 1862 praeconis
849 1791 944 1860 officio
959 1791 1134 1859 fanprretar
1155 1795 1180 1842 et
1203 1785 1442 1856 trapoediasape·

123 1879 174 1924 ret.
216 1869 283 1924 Noa
309 1873 380 1923 enim
399 1871 491 1924 Roma
517 1875 543 1926 ei
569 1873 739 1942 sufficiebat,
767 1889 823 1948 pon
845 1871 983 1922 theatrum
1001 1867 1139 1938 Pompeii,
1161 1858 1218 1920 non
1238 1869 1332 1919 circas
1352 1865 1441 1918 nrani-

122 1969 192 2009 mas,
215 1949 268 2003 sed
288 1951 467 2020 expeditione
487 1970 561 2022 opas
578 1951 649 2020 fait,
670 1957 703 2003 at
719 1953 809 2020 steret,
831 1951 920 2002 sirati
940 1947 1058 2008 dicebat,
1074 1953 1256 2016 supermanans,
1281 1953 1444 2014 menorans

123 2047 215 2083 raam
233 2031 442 2084 multitudinem
463 2033 596 2088 midanit.
617 2049 674 2085 mn
694 2032 785 2085 solnm
804 2028 1016 2100 Augustalium,
1037 2027 1089 2080 sed
1110 2030 1194 2092 etiam
1214 2027 1336 2080 aiioram
1357 2025 1442 2078 borni·

122 2127 195 2170 narn,
223 2119 333 2180 quanta
360 2112 389 2163 si
409 2110 527 2164 tattone
549 2114 690 2166 eaereitas
705 2113 831 2180 suisset.
859 2117 911 2166 aut
930 2107 1059 2162 Partios
1079 2107 1212 2176 aiiasqae
1233 2114 1330 2176 pentes
1351 2106 1441 2174 repis·

122 2197 172 2242 set.
214 2191 275 2244 usa
295 2189 343 2244 iiii
363 2198 446 2244 erata
466 2193 574 2244 scilicet
594 2190 754 2250 Neroniani
773 2190 886 2247 milites,
910 2203 1023 2258 proque
1043 2189 1132 2240 arnas
1148 2186 1284 2256 serebant
1304 2186 1442 2244 citharas.

119 2271 244 2340 plectra,
268 2287 420 2340 personas.
448 2288 552 2324 soreos.
593 2272 697 2340 Itaque
722 2271 883 2340 reportavit
910 2270 1058 2320 victoriam
1084 2267 1200 2336 dipnam
1227 2266 1282 2318 tali
1308 2267 1442 2323 enercita,

121 2349 322 2421 Terpnanspne
338 2358 364 2403 et
373 2349 536 2403 Diodorum
546 2359 572 2404 et
581 2351 757 2404 Pammenem
769 2367 827 2419 pro
835 2347 988 2418 Philippo,
1004 2345 1121 2405 Perseo,
1132 2345 1271 2400 Antiocho
1283 2346 1442 2414 superavit.

453 2450 638 2502 ,Hactenus
664 2449 892 2518 fragmentum
917 2444 1096 2529 Xiphilini

209 2557 405 2639 Keplerus
433 2565 522 2634 (spise.
540 2567 611 2630 xli:
635 2557 697 2620 Pro
721 2556 882 2637 descripto
904 2555 975 2619 icco
994 2573 1033 2617 ex
1049 2551 1210 2634 Xiphilino
1226 2551 1347 2636 gratias
1366 2572 1442 2643 ago:

121 2651 155 2710 et
186 2667 251 2710 non
285 2645 369 2709 tales
398 2648 530 2729 gratias,
566 2645 683 2729 quibus
712 2643 811 2709 animi
837 2642 1104 2708 sensa'iucentur
1126 2648 1184 2705 aut
1206 2641 1326 2706 eandm
1349 2641 1441 2706 ohse-

119 2737 195 2816 quio
219 2725 458 2816 coriumpatur.
504 2735 589 2799 Nem
612 2733 690 2798 nihil
713 2733 773 2798 tibi
796 2732 882 2815 quod
907 2729 1079 2796 concedam
1102 2730 1239 2795 invenio.
1387 2807 1394 2824 .

203 2845 379 2899 Calvisius
409 2847 500 2916 (Epist.
519 2850 574 2913 X.):
616 2845 667 2900 l'bi
694 2845 786 2898 statim
812 2843 1012 2904 animadvertis,
1040 2843 1175 2896 Neronem
1196 2841 1285 2894 adbuc
1307 2847 1371 2894 anto
1392 2842 1443 2893 ad-

123 2933 242 2980 rentum¹
256 2925 385 2980 Tiridatis
407 2925 498 2995 egisse
520 2927 597 2979 ludos
618 2924 772 2986 circensem
799 2925 817 2977 ii
838 2930 930 3004 putem
949 2923 1027 2992 primi
1043 2923 1076 2975 'in
1096 2937 1166 2974 asmo
1186 2923 1393 2992 peragebantur
1415 2921 1441 2973 in

120 3007 236 3068 Martio;
264 3007 362 3059 deinde
384 3005 425 3059 bis
445 3005 497 3058 hoc
518 3021 588 3059 anno
608 3006 682 3059 Nero
702 3005 754 3057 brit·
773 3005 801 3058 in
822 3003 985 3072 Campania,
1011 3003 1094 3056 semel
1115 3009 1179 3056 ante
1206 3003 1351 3054 adrentum
1371 2999 1440 3053 Tiri-

120 3087 201 3148 datis,
223 3093 256 3138 ut
276 3081 387 3138 Tacitus
406 3085 538 3154 loquitur:
561 3085 623 3138 inde
643 3085 724 3138 rediit
743 3085 870 3146 lienteum
890 3091 988 3153 postea
1007 3082 1104 3135 iterum
1124 3081 1384 3154 obriamxproiectus
1400 3085 1442 3134 est

120 3165 238 3220 Tiridati
260 3165 394 3234 Neapolin
421 3181 506 3235 usque
533 3172 561 3218 et
580 3165 711 3236 Puteolis¹
729 3165 780 3233 ipsi
804 3162 1042 3218 ludosrexhibuit.
1083 3163 1144 3215 Hae
1164 3159 1345 3231 profectiones
1367 3165 1444 3222 certe

118 3253 245 3316 tempore
267 3245 429 3314 conjunctae
452 3263 511 3297 esse
532 3263 585 3300 non
605 3251 760 3315 potuerunt.
1084 3260 1088 3268 ’
1148 3309 1151 3316 Ι

208 3345 408 3429 lieplcrus
428 3353 517 3421 (Epor,
535 3355 606 3417 xm:
645 3346 789 3425 Primum
811 3346 874 3422 ais,
902 3343 1062 3408 Neronem
1093 3347 1168 3406 ante
1195 3341 1369 3406 adventum
1391 3341 1442 3406 Ti·

118 3436 233 3500 sitiatis
258 3435 360 3516 egisse
383 3434 477 3499 lndos
507 3437 684 3500 Circenses.
729 3437 844 3516 Neque
872 3431 1020 3496 deludis
1044 3429 1247 3496 Circensibus
1270 3429 1444 3511 quicquam

117 3523 314 3608 xiphilinus,
338 3543 445 3604 neque
467 3524 507 3587 dc
530 3530 682 3608 tempore.
729 3524 905 3588 Tiridatem
928 3521 1014 3585 Nero
1038 3519 1192 3597 exhibuit,
1215 3538 1279 3599 quo
1303 3519 1444 3602 primum

117 3619 266 3695 ternpore
295 3611 401 3696 potuit
428 3633 487 3695 per
510 3614 594 3677 ai1is
616 3611 866 3691 inclementiam,
888 3631 952 3674 non
976 3608 1106 3690 quando
1128 3607 1161 3673 id
1183 3607 1252 3671 ludi
1276 3607 1444 3672 Circenses

117 3701 294 3786 propinqui
316 3699 511 3765 suadebant:
535 3701 718 3764 diademate
741 3698 888 3784 imposito
912 3698 998 3763 Nero
1022 3717 1136 3762 cttrrus
1159 3696 1261 3778 agit-at
1287 3695 1321 3760 in
1347 3696 1443 3762 circo.

117 3790 225 3870 auidi
249 3811 327 3852 num
350 3795 386 3853 tu
410 3789 530 3856 Neroni
553 3790 675 3854 circum
697 3789 820 3866 aelionis,
844 3789 906 3853 nisi
928 3786 1036 3851 ludis‘t
1059 3785 1190 3852 Adimes
1214 3784 1312 3866 igitur
1326 3805 1444 3849 currus

115 3882 203 3964 ipsos
226 3883 397 3962 totumque
419 3878 501 3943 adeo
524 3879 655 3957 circum,
679 3885 716 3942 nt
738 3877 847 3942 salvae
871 3877 934 3940 sint
957 3877 1121 3940 Romanae
1146 3874 1233 3956 leges
1257 3878 1290 3936 et
1306 3893 1440 3939 cousue-

116 3969 260 4032 tudines.
305 3966 343 4030 ld
365 3988 440 4032 vero
462 3961 693 4051 perimbecillo,
725 3967 810 4048 quod
834 3987 872 4030 eo
895 3986 978 4030 auno
1002 3965 1049 4028 ais
1072 3957 1166 4028 lud'os
1190 3963 1290 4045 egisse
1315 3963 1441 4027 Circen·

116 4077 168 4120 ses
197 4061 274 4119 ante
306 4055 455 4120 Tiridatis
488 4056 673 4120 adventum.
719 4061 845 4136 Quaeso
873 4053 929 4118 ubi
956 4053 1006 4118 hic
1035 4071 1186 4136 expressa
1214 4049 1336 4116 verba?
1366 4049 1444 4114 dicit

24 4187 29 4200 ·
118 4143 312 4229 Xiphilinus,
338 4165 375 4209 eo
391 4167 476 4209 amm
499 4144 673 4227 contigisse
697 4145 779 4208 ditas
802 4165 863 4224 res,
887 4159 1027 4227 quarum
1049 4141 1155 4205 altera
1177 4145 1262 4204 esset
1283 4139 1439 4203 honestis·

117 4235 209 4313 sima,
235 4233 343 4298 altera
365 4233 561 4316 turpissima.
596 4233 630 4299 Si
653 4233 798 4298 ordinem
818 4239 942 4317 spectes
961 4230 1131 4296 verborum
1147 4229 1272 4306 herum,
1295 4226 1441 4291 crederes

117 4343 200 4400 eam,
229 4341 331 4404 quam
350 4321 434 4386 'dixit
463 4322 731 4400 honestissimam,
759 4321 849 4405 prius
871 4323 1001 4397 iactam,
1025 4319 1183 4402 quiahoc
1207 4314 1369 4401 epitheton
1391 4317 1442 4377 est

118 4411 219 4496 priori
247 4411 331 4476 loco.
376 4413 419 4475 nt
445 4411 478 4474 in
503 4413 679 4499 ina-ronopp
706 4411 796 4494 prins
823 4411 855 4474 id
879 4411 1116 4487 commemorat,
1145 4407 1232 4488 quod
1255 4409 1348 4487 putat
1369 4408 1439 4465 tur·

116 4501 301 4585 pissimum:
341 4518 380 4562 ex
411 4521 475 4582 quo
505 4506 543 4565 tu
573 4502 680 4582 arguis
715 4499 803 4583 prius
834 4499 965 4564 iactum:
1010 4497 1088 4562 Pari
1117 4498 1379 4575 argumentorum
1409 4491 1439 4556 vi
1536 4509 1541 4518 ·

118 4590 284 4654 contraria
312 4607 474 4670 urgemus.
523 4589 638 4672 Itaque
666 4589 712 4653 sic
734 4593 782 4652 est
804 4584 1018 4669 cogitandam,
1034 4585 1240 4668 ·Xiphilinum
1262 4599 1440 4663 proponere

117 4681 227 4762 primis
251 4676 358 4742 verbis
381 4697 429 4755 en,
453 4697 536 4758 quae
555 4683 646 4742 erant
665 4677 808 4754 dicenda,
832 4699 895 4742 non
915 4697 953 4740 eo
972 4674 1102 4757 quidem
1121 4672 1240 4745 ordine,
1263 4688 1328 4748 qno
1347 4671 1441 4730 erant

116 4767 253 4834 dicenda
285 4785 415 4850 quoqne
443 4773 573 4832 inerrata
604 4773 718 4852 postea
740 4769 825 4830 sunt.
871 4767 954 4832 Nam
978 4763 1156 4848 promimus
1178 4756 1286 4822 referri
1309 4757 1340 4820 in
1362 4776 1438 4840 pro·
1485 4765 1491 4782 '
