3400 5538
597 255 775 308 Sternumenta
793 253 966 308 Archimeden.
1378 259 1439 324 569

210 429 298 514 Ergo
308 449 388 498 area
400 429 521 513 ellipsis
533 429 592 496 NA
603 429 646 508 ad
660 451 771 496 aream
785 427 894 496 circuli
903 429 960 494 ΝΥ
973 432 1022 494 est
1037 429 1252 514 proportionis
1266 429 1440 498 solidorum

122 515 212 584 GNA
234 521 277 586 ad
299 519 383 584 GNY
405 539 483 604 pars
505 540 580 584 nna.
624 520 711 586 hest
732 526 841 585 autem
866 517 980 582 harum
1003 539 1153 584 arearum
1182 521 1347 602 proportio
1369 521 1442 604 (per

122 609 286 760 {equisagma
309 613 339 674 2.
363 609 406 674 ad
428 609 472 674 th.
496 607 553 690 11.)
575 608 610 673 in
632 607 818 690 reetangulo
842 607 1068 672 diametrorum
1088 607 1206 690 ellipsis
1226 615 1259 673 et
1281 609 1441 701 quadrato

156 697 190 776 Y,
217 704 373 780 tanquam
398 695 585 764 notioribus,
630 697 711 761 Pars
732 698 836 762 altera
858 697 1072 779 proportionis
1095 717 1265 780 corporum
1288 704 1335 764 est
1357 699 1442 780 inter

123 785 188 866 GZ‚
212 785 410 852 altitudinem
431 787 584 870 segmenti
606 784 692 852 GNA
713 805 810 870 super
826 785 923 869 plano
938 785 1005 864 NY,
1023 791 1056 850 et
1072 785 1138 865 (ΥΒ,
1153 785 1355 852 altitudinem
1370 786 1442 852 coni

120 869 212 940 NGY
224 873 430 958 superplena
442 875 511 941 ΝΥ.
534 873 754 959 Multiplicatis
769 873 866 958 igitur
880 874 913 938 in
934 893 969 938 se
980 879 1092 939 mutuo
1104 873 1249 938 torminis
1261 876 1442 958 proportio·

121 983 201 1026 num
227 962 280 1030 ΖΘ
302 963 335 1028 in
358 965 423 1044 GB,
448 971 481 1030 et
503 963 691 1047 rectangulo
713 963 940 1028 diametrorum
962 961 1082 1045 ellipsis
1109 962 1169 1030 NA
1190 963 1224 1026 in
1248 963 1442 1046 quadratum

121 1049 196 1116 NY:
226 1057 262 1116 ut
278 1054 444 1134 ¹posterior
465 1053 569 1120 iactus
592 1053 636 1118 ad
649 1052 798 1138 priorem,
822 1052 868 1116 sic
883 1057 932 1115 est
951 1071 1065 1134 eorpus
1082 1052 1153 1116 coni
1167 1049 1252 1116 NGY
1268 1052 1310 1116 ad
1326 1071 1442 1136 corpus

121 1141 276 1220 segmenti
291 1141 386 1208 GNA.
421 1141 532 1208 Potest
547 1143 642 1208 etiam
657 1141 805 1226 quodque
826 1139 957 1214 seorsim
973 1140 1161 1223 computari,
1179 1145 1214 1205 ut
1231 1139 1327 1220 GNA,
1345 1141 1443 1208 ducta

121 1229 290 1295 altitudine
303 1229 366 1312 ,ΟΖ
386 1229 420 1295 iu
441 1231 574 1314 planum
595 1231 714 1315 ellipsis
736 1231 804 1308 NA,
828 1227 937 1312 prodit
958 1227 1092 1312 triplum
1113 1227 1256 1312 corporis
1279 1228 1375 1296 GNA.

89 1389 95 1402 x
212 1318 250 1382 Iu
273 1318 389 1402 specie,
413 1320 588 1404 siplenum
603 1315 924 1402 secansparallelum
939 1317 1037 1381 fuerit
1054 1317 1121 1383 basi
1142 1315 1213 1381 NY:
1237 1317 1442 1401 proportio

122 1425 337 1490 corporum,
355 1409 548 1492 ¹segmenti
570 1414 607 1474 et
628 1408 767 1487 totius,
792 1407 869 1471 erit
883 1405 1084 1489 triplicata
1105 1405 1358 1472 altitudinum
1380 1405 1442 1472 rel
1490 1401 1494 1409 ’

123 1494 322 1560 radioruin
336 1496 373 1560 in
390 1495 554 1563 basibus·
569 1495 838 1576 circularibus,
862 1493 923 1584 rel
945 1494 1206 1578 sescuplicato
1228 1492 1441 1578 planorum.

184 1605 189 1616 ’
213 1583 378 1665 Nimirum,
403 1587 482 1669 quia
503 1586 563 1652 boe
584 1591 679 1670 pacto
694 1588 892 1669 segmentum
906 1583 1056 1648 verticale
1076 1589 1109 1648 et
1130 1603 1226 1648 conum
1247 1589 1336 1648 totus
1358 1582 1444 1647 fiunt

122 1671 227 1736 solida
256 1673 387 1753 similia,
417 1674 639 1760 multiplicatis
666 1675 765 1759 igitur
797 1671 907 1738 cubiee
937 1670 1068 1754 singulis
1090 1673 1229 1751 seorsim,
1262 1671 1310 1737 rel
1331 1671 1441 1737 altitu·

121 1758 252 1824 dinibus
275 1760 324 1827 rel
345 1763 446 1828 radiis
468 1763 601 1846 basium,
624 1765 689 1830 erit
711 1769 750 1828 ut
765 1781 914 1826 numerus
937 1758 1067 1826 cubicus
1089 1763 1193 1845 major
1215 1759 1258 1824 ad
1279 1760 1443 1842 minorem,

122 1848 169 1912 sic
191 1869 290 1914 conus
311 1856 400 1917 totus
422 1851 465 1918 ad
487 1860 690 1938 segmentum.
734 1854 802 1918 Aut
823 1850 851 1914 si
872 1848 943 1914 sola
964 1849 1062 1934 plana
1083 1848 1204 1914 besson
1226 1855 1304 1914 nota
1325 1853 1443 1928 esseut,

122 1944 325 2020 quaeruntur
346 1939 475 2013 illorum
496 1941 621 2008 radices
643 1939 960 2024 multiplicanturque
982 1937 1015 2003 iu
1036 1937 1103 2004 illa.

213 2025 306 2102 Quod
328 2034 488 2096 truncos
510 2033 633 2111 attinet,
655 2029 758 2096 facilis
782 2033 830 2094 est
853 2047 893 2091 ex
915 2025 1006 2093 dietis
1028 2027 1101 2093 illos
1116 2023 1298 2110 inquirendi
1320 2023 1442 2091 metho-

121 2114 197 2179 dus.
241 2115 291 2180 Ex
313 2138 378 2183 unc
402 2121 486 2185 enim
498 2119 929 2204 modorumpraemisscrum
945 2121 1148 2200 computatur
1171 2121 1204 2179 et
1226 2134 1324 2180 contis
1346 2113 1444 2180 reluti

120 2207 215 2268 totus
236 2211 268 2268 et
289 2213 486 2289 segmentmn
507 2208 658 2274 verticale
680 2206 838 2284 deficiens,
862 2225 900 2269 ex
922 2203 1000 2269 data
1020 2203 1072 2270 uel
1094 2202 1263 2290 altitudine
1286 2203 1335 2267 rel
1357 2202 1443 2268 basis

122 2292 226 2358 radio.
280 2291 400 2370 Quodsi
429 2297 572 2362 nescitur
602 2301 687 2383 ejus,
721 2303 759 2360 ut
789 2293 979 2372 deficientis,
1014 2293 1171 2372 altitudo,
1209 2293 1368 2374 siquidem
1403 2312 1442 2358 ea

120 2381 219 2446 fuerit
241 2402 332 2465 epure,
356 2379 524 2468 quaeritur
547 2407 585 2452 ex
608 2384 846 2469 comparatione
873 2381 996 2450 basium
1025 2382 1129 2447 trunci
1159 2401 1229 2446 eum
1260 2380 1442 2461 altitudine;

120 2477 159 2533 ut
184 2471 268 2551 enim
289 2469 470 2539 differentia
492 2475 657 2540 radiorum
678 2477 711 2540 in
732 2471 864 2539 basibus
887 2469 929 2536 ad
944 2471 1146 2538 altitudinem
1168 2471 1207 2553 (si
1229 2477 1361 2534 truncus
1383 2467 1442 2533 sub

119 2558 225 2642 planis
248 2561 565 2644 perpendicularibus
586 2561 705 2644 fuerit),
730 2563 776 2626 sic
791 2559 900 2625 radius
923 2557 1016 2624 basis·
1031 2559 1160 2625 minoris
1183 2558 1226 2623 ad
1242 2557 1444 2624 altitudinem

120 2649 278 2730 segmenti
300 2649 493 2738 deficientis3
525 2652 634 2718 ablato
657 2651 752 2736 igitur
774 2669 910 2731 corpore
940 2650 1095 2732 segmenti
1124 2646 1297 2713 deficientis
1320 2666 1341 2711 a
1363 2667 1444 2712 cono

119 2742 199 2816 toto,
223 2739 414 2822 relinquitur
436 2761 552 2826 corpus
575 2741 681 2807 trunci
704 2738 894 2822 quaesitum.

209 2827 247 2891 Iu
270 2828 319 2900 his
333 2843 407 2894 rere
430 2829 561 2910 truncis,
586 2829 641 2916 qui
662 2826 722 2893 sub
744 2823 911 2913 parallelis
932 2824 1063 2892 basibus
1080 2824 1291 2904 continentur,
1315 2843 1444 2888 rursum

120 2914 318 2982 estbrerior
346 2917 524 2998 methodus,
558 2926 597 2984 ut
618 2918 715 3002 prins.
759 2917 844 2982 Nam
869 2917 953 2998 'quia
982 2914 1076 2980 bases
1110 2913 1224 2978 talium
1253 2919 1444 2977 truncorum

120 3004 263 3086 ignorari
286 3026 349 3070 nou
372 3014 517 3089 possunt,
541 3027 651 3074 earum
673 3003 823 3070 diametri
845 3001 1020 3087 (quaelibet
1041 3005 1074 3068 iu
1090 3023 1125 3067 se
1147 3001 1264 3086 ipsam)
1291 3001 1443 3084 multipli-

121 3099 237 3160 cantur
260 3092 379 3174 cubice,
402 3101 436 3160 et
450 3094 561 3162 ablato
586 3097 667 3163 cubo
681 3093 795 3160 minori
817 3113 838 3156 a
852 3095 983 3178 majore,
1008 3093 1070 3158 erit
1093 3098 1129 3158 ut
1144 3093 1304 3158 maximus
1320 3091 1362 3156 ad
1385 3089 1443 3156 dii·

120 3181 297 3261 larentiam,
320 3184 367 3248 ita
390 3203 489 3249 conns
509 3192 599 3252 totus
622 3185 665 3250 ad
686 3189 845 3249 truncum.
961 3215 965 3222 ·
1424 3261 1428 3266 Ι

121 3349 127 3360 .
211 3270 368 3338 Clarius
393 3273 689 3356 (monothelitarum
712 3285 767 3336 Lib.
787 3288 818 3338 v.
836 3270 867 3352 3)
891 3269 991 3336 alium
1013 3269 1106 3334 docet
1132 3268 1270 3348 modum,
1301 3267 1442 3350 iugenio·

121 3361 241 3430 siorem
264 3361 400 3442 quidem,
424 3363 481 3428 sed
504 3369 537 3426 et
559 3363 775 3438 difficiliorem,
800 3369 837 3427 ut
858 3359 936 3424 mihi
957 3354 1094 3424 ridetur.
1138 3358 1211 3422 Non
1233 3358 1345 3421 minus
1362 3357 1445 3421 enim

122 3471 222 3531 quam
247 3449 347 3534 supra
370 3450 588 3534 computanda
611 3458 660 3516 est
676 3472 753 3516 area
775 3448 862 3514 basis
889 3448 1069 3529 utriusque3
1093 3450 1211 3531 etjam
1233 3444 1293 3510 hoc
1315 3447 1445 3528 iusuper

122 3538 260 3617 accedit,
276 3540 363 3620 quod
379 3537 566 3621 quaerenda
588 3545 636 3604 est
652 3559 729 3604 area
739 3537 845 3602 medio
860 3537 930 3602 loco
946 3535 1192 3618 proportionalis
1207 3536 1291 3598 iuter
1313 3535 1445 3618 planum

121 3628 294 3708 utriusque
316 3627 413 3711 basis.
459 3621 628 3692 ld'autem
650 3626 687 3692 iit
708 3627 759 3690 rel
780 3625 1045 3708 multiplicatione
1067 3631 1099 3690 et
1122 3623 1274 3688 divisione
1296 3645 1444 3688 numero·

123 3735 196 3779 rum
219 3715 428 3798 prolixorum
452 3716 503 3780 rel
517 3715 645 3780 duabus
668 3715 918 3780 extructionibus
937 3712 1079 3776 radicum
1095 3725 1270 3796 earumque
1292 3711 1444 3795 multipli-

121 3806 263 3870 catione:
286 3808 364 3870 tunc
382 3804 529 3870 addenda
540 3805 646 3870 omnia
656 3806 721 3869 tria
740 3804 1018 3888 planaetsumma
1039 3802 1073 3865 in
1095 3801 1243 3866 trientem
1265 3800 1446 3872 altitudinis

121 3894 230 3959 trunci
260 3893 513 3976 multiplicanda.
566 3893 663 3976 Atqui
691 3913 729 3958 ex
773 3893 871 3956 radiis
902 3890 1102 3971 circulorum,
1123 3901 1127 3912 '
1147 3891 1203 3972 qui
1232 3891 1446 3974 requiruntur

121 3984 165 4048 ad
199 3983 471 4064 investigationem
503 4001 671 4064 arearum,
716 3981 818 4047 multo
852 3979 987 4044 faciliori
1027 3979 1153 4062 negotio
1188 3984 1295 4062 potest
1332 3975 1446 4042 haberi

121 4071 260 4156 quiquid
285 4073 457 4153 quaeritur.
909 4069 915 4084 '

211 4161 293 4225 uum
316 4166 424 4224 autem
446 4167 635 4225 truncorum
650 4159 843 4236 conicorum,
867 4155 924 4238 qui
944 4153 1027 4220 fiunt
1048 4157 1145 4242 plano
1167 4156 1210 4222 ad
1228 4177 1321 4220 axem
1343 4159 1442 4234 recto,

123 4249 293 4332 multiplex
322 4250 364 4313 sit
395 4270 471 4315 usus
504 4253 536 4312 et
566 4251 728 4332 praesenti
758 4248 914 4312 materiae
944 4247 1128 4328 cumprimis
1158 4245 1381 4322 necessarius,
1402 4241 1445 4306 ob

122 4339 284 4403 ‹loliormn
298 4335 442 4420 figuram,
467 4337 658 4424 subjungam
670 4337 722 4402 hic
734 4336 978 4421 pulcherrimum
993 4335 1160 4418 theorema
1175 4342 1206 4399 et
1221 4331 1444 4414 compendium

124 4429 412 4511 exoptatissimum
443 4429 503 4492 etsi
524 4425 843 4503 demonstrationem,
869 4425 1064 4504 cognationis
1087 4441 1198 4504 causa,
1224 4421 1332 4486 differo
1355 4421 1444 4490 debr·

123 4538 194 4588 sum
218 4516 250 4581 in
274 4513 540 4599 Supplementum
562 4515 786 4580 Archimedeae
815 4513 1059 4580 Stereometriae
1091 4519 1123 4578 et
1144 4512 1190 4598 th.¹
1212 4509 1312 4574 XXII.
1359 4509 1442 4574 uivi-

123 4606 214 4670 ditur
237 4611 345 4670 autem
367 4609 501 4668 trtmcus
524 4605 557 4670 in
579 4605 718 4669 medium
741 4603 916 4687 cylindrum
941 4609 973 4666 et
996 4602 1227 4685 circumjectum
1250 4600 1279 4664 ei
1302 4599 1444 4678 corticum

123 4695 223 4762 veluti
237 4694 389 4772 tunicam,
406 4713 490 4775 quae
505 4699 704 4777 segmentum
725 4699 773 4758 est
789 4694 858 4758 coni
871 4691 1022 4756 dissimile
1041 4690 1250 4773 superiorum,
1263 4708 1306 4752 sc.
1331 4708 1441 4770 super·

124 4785 193 4849 licie
209 4782 385 4866 oyundrica
400 4781 534 4847 iactum:
560 4805 643 4864 ergo,
662 4784 693 4846 si
714 4791 796 4847 tres
812 4781 1008 4860 diametri,
1033 4779 1129 4843 duae
1145 4777 1248 4843 basis
1271 4778 1442 4872 minoris,
