3406 5542
235 276 300 344 290
738 259 1078 354 nanasarmucusar,

235 439 490 522 disponendoque,
507 441 533 502 ei
550 437 630 501 desit
646 444 765 517 tempus
789 438 828 500 ad
843 438 1005 501 lectionem
1020 437 1216 519 multiplicem
1232 437 1329 520 adque
1345 437 1575 520 excerpeudumr
1611 467 1617 478 ,

234 547 289 590 nec
305 531 386 592 fer‘at
396 530 487 609 juxta
503 549 535 591 se
550 527 733 608 patientiam
748 527 888 590 lectionis
904 527 1054 590 enodandi
1070 527 1230 608 cupiditas.
1268 527 1576 616 Equidemaffirmare

234 618 339 694 ausim,
354 619 509 681 literatum
525 617 653 698 aliquem
677 615 767 678 hodie
791 617 891 698 spatio
914 625 1069 678 menstruo
1092 635 1131 679 ex
1154 615 1298 680 Caesaris
1323 617 1447 679 Baronii
1469 611 1575 680 Cardi-

232 707 312 770 nalis
335 707 508 787 etJosephi
525 706 675 787 Scaligeri
697 704 782 767 libris
804 707 892 785 plura
914 711 947 768 et
962 705 1094 768 certiora
1116 705 1296 768 documenta
1319 707 1357 768 ad
1373 705 1578 788 quaestionem

232 796 418 876 pertinentia
441 814 602 877 excerpere
624 811 731 878 posse,
754 813 843 876 quarn
866 794 936 856 olim
959 794 1147 858 Clementem
1170 801 1201 857 et
1220 795 1382 858 Eusebium
1405 794 1577 875 longissimo

233 904 377 948 annorum
394 885 520 947 circuitu
536 903 577 946 ex
589 891 638 946 tot
659 883 902 946 instructissimis
923 883 1123 946 bibliothecis.
1160 885 1226 946 Nee
1246 885 1369 959 mirum;
1395 902 1484 968 quem
1504 884 1577 946 eninr

232 973 399 1036 hauserunt
416 974 532 1056 antiqui
546 973 591 1036 illi
605 973 755 1048 lahorem,
779 973 842 1053 ejus
859 967 989 1034 fructum
1004 980 1204 1054 percepemnt
1218 972 1249 1034 hi
1265 992 1341 1054 quos
1357 973 1419 1035 dixi
1437 973 1579 1048 moderni,

233 1064 389 1145 cibumque
405 1063 500 1126 veluti
515 1080 728 1143 praemansum
751 1069 784 1124 et
799 1064 968 1126 hauserunt
982 1062 1020 1123 ab
1036 1061 1096 1124 illis
1120 1070 1152 1124 et
1167 1080 1256 1142 porro
1274 1063 1335 1124 suis
1350 1063 1518 1126 lectoribus
1532 1063 1577 1124 in·

232 1158 349 1232 gerunt.
394 1153 442 1216 Ac
466 1170 532 1214 curn
555 1151 770 1232 exemplarium
792 1151 861 1214 libri
884 1158 948 1212 tam
969 1151 1054 1212 utilis
1083 1151 1173 1214 hodie
1199 1157 1323 1214 exstent
1347 1151 1465 1233 aliquot
1489 1151 1579 1217 millia

232 1241 379 1304 beneficio
390 1241 627 1324 typographiae:
644 1241 750 1302 mimm
760 1259 948 1323 nequaquam
959 1247 1016 1315 est,
1031 1241 1111 1302 iuter
1121 1247 1170 1301 tot
1180 1240 1320 1315 lectores,
1336 1260 1411 1321 quos
1427 1241 1580 1303 inveniunt

231 1337 280 1391 tot
295 1331 490 1411 exemplaria,
505 1349 596 1393 unum
610 1331 659 1392 vel
676 1330 804 1392 alterum
820 1329 962 1404 existere,
978 1329 1028 1411 qui
1038 1329 1213 1408 diligentius
1223 1330 1579 1412 expendatmonumenta

146 1463 150 1471 ι
230 1437 294 1481 rem
310 1420 483 1494 attinentia,
500 1439 588 1502 quam
604 1421 741 1482 lecerunt
756 1427 896 1482 auctores
912 1419 979 1498 ipsi,
996 1437 1012 1478 e
1028 1437 1153 1500 quorum
1168 1415 1253 1481 libris
1269 1419 1322 1482 illa
1338 1427 1410 1481 sunt
1426 1427 1578 1499 excerpta,

231 1509 432 1590 expensisque
448 1518 554 1572 utatur
569 1509 690 1572 rectius.
735 1508 823 1571 Unde
839 1507 897 1570 hoc
914 1507 1041 1588 denique
1057 1507 1226 1582 conficitur,
1247 1508 1336 1570 hodie
1353 1508 1469 1590 aliquid
1484 1509 1578 1569 inter-

147 1659 151 1668 ,
231 1597 301 1660 dum
325 1618 381 1660 nos
405 1600 526 1679 assequi
552 1598 727 1678 conjectura
752 1596 833 1661 felici
856 1614 962 1677 posse,
994 1595 1073 1686 quod
1099 1597 1191 1677 supra
1214 1597 1295 1658 mille
1321 1605 1375 1659 aut
1403 1597 1463 1659 duo
1489 1597 1579 1659 millia

232 1706 379 1760 annorum
394 1689 444 1750 vel
459 1687 631 1768 ignoratum
641 1686 690 1748 vel
706 1705 766 1748 non
783 1686 957 1749 necessario
972 1685 1109 1748 habitum
1125 1703 1220 1766 eoque
1237 1693 1269 1746 et
1283 1686 1457 1766 neglectum
1474 1687 1539 1748 luit.

317 1777 387 1840 Non
401 1777 504 1857 itaque
520 1778 617 1839 lector
631 1775 700 1838 illos
709 1775 909 1856 impossibilia
925 1780 1171 1854 tentareputato,
1188 1775 1237 1854 qui
1253 1774 1342 1838 hodie
1358 1776 1387 1838 in
1399 1775 1474 1838 anni
1489 1784 1578 1836 nata-

229 1863 287 1927 litii
305 1865 421 1929 Christi
442 1866 710 1947 investigationem
732 1866 933 1938 exactiorem,
955 1881 1043 1944 quam
1066 1863 1123 1926 fuit
1138 1863 1191 1925 illa
1212 1872 1363 1939 vetemm,
1386 1864 1577 1927 incumbunt:

230 1973 326 2036 neque
342 1955 476 2018 laborem
498 1955 616 2018 irritum
631 1961 673 2016 te
696 1963 862 2017 sumturum
879 1953 1063 2028 existimato,
1079 1971 1166 2034 quem
1175 1953 1206 2014 in
1217 1953 1378 2016 lectionem
1387 1953 1478 2034 hqjus
1488 1953 1578 2016 libelli

228 2043 422 2124 impenderis,
438 2063 526 2126 quem
541 2044 645 2126 utique
661 2042 795 2108 libellum
811 2050 910 2106 totum
926 2041 1089 2105 commodis
1106 2041 1167 2103 tuis
1183 2041 1344 2104 destinavi.

800 2399 918 2498 Caput
945 2397 1013 2474 ΠΙ.

274 2575 332 2640 Da
347 2576 590 2640 eirauaatoatiia
604 2575 777 2640 arodaitotis
794 2573 922 2730 operm,
938 2597 1017 2658 quos
1031 2575 1252 2660 Eomspelistoe
1265 2577 1312 2640 ael
1323 2579 1538 2660 prodiderant

156 2685 158 2688 ·
785 2687 819 2728 oe
849 2667 1026 2731 mmsaarat.

317 2844 415 2926 Igitur
437 2843 476 2906 ad
498 2863 561 2906 rem
582 2843 680 2926 ipsam
702 2843 882 2906 accedamus
906 2853 938 2907 et
959 2845 1204 2909 circumstantias
1233 2845 1460 2927 expendamus,
1477 2845 1579 2928 quibus

230 2933 319 2996 inniti
335 2933 427 2996 debet
443 2934 575 3014 cognitio
591 2933 656 2995 veri
671 2931 742 2996 enni
758 2933 901 3004 natalitii.

316 3023 556 3102 vulgatissimus
577 3041 643 3085 mos
665 3022 800 3102 gentium
822 3041 900 3103 pene
924 3022 1053 3085 omniurn
1078 3023 1173 3085 totius
1197 3022 1293 3098 orbis,
1315 3024 1465 3087 historias
1481 3043 1576 3088 rernm

157 3170 159 3178 ,
229 3118 385 3192 gestarum
401 3111 663 3174 circumscribendi
683 3129 806 3174 numero
823 3131 983 3186 annorum,
1005 3103 1080 3194 iquos
1095 3112 1246 3175 haberent
1260 3113 1386 3193 imperia
1402 3133 1511 3196 regum
1526 3121 1577 3176 aut

227 3200 401 3281 praesidum
417 3209 470 3263 aut
487 3219 640 3263 sacrorum
657 3201 838 3276 antistitum,
853 3201 950 3263 valuit
966 3201 1058 3263 etiam
1075 3201 1154 3282 apud
1169 3201 1314 3276 Judaeos,
1329 3221 1389 3264 non
1404 3204 1578 3286 interrupta

229 3289 444 3354 consuetudine
466 3289 536 3351 inde
558 3311 577 3352 a
599 3289 694 3369 primo
717 3291 803 3370 regni
826 3290 906 3371 apud
928 3290 997 3353 illos
1021 3298 1143 3364 exortu,
1165 3291 1228 3353 sive
1245 3309 1318 3353 suae
1339 3292 1443 3372 gentis
1460 3293 1578 3374 regibus

228 3385 373 3460 parerent
388 3379 451 3440 sive
468 3379 591 3442 exteris.
621 3377 677 3441 ¹Sic
691 3386 877 3461 usurpantur
893 3380 963 3441 anni
974 3377 1146 3442 Salomonis
1160 3386 1196 3441 et
1210 3388 1282 3460 post
1298 3380 1481 3444 divisionem
1496 3381 1579 3461 regni

230 3468 357 3531 alteruis
374 3467 444 3529 anui
460 3487 566 3549 regum
579 3468 680 3530 {Iudae
697 3476 729 3530 et
744 3468 868 3531 Israelis
884 3487 978 3550 usque
995 3467 1035 3530 ad
1050 3467 1235 3531 exstinctum
1256 3488 1382 3550 regnum
1396 3470 1534 3545 Israelis,
1550 3477 1579 3531 et

229 3557 357 3639 denique
374 3557 445 3619 anni
461 3574 566 3638 regum
581 3557 680 3620 Judae
698 3557 754 3620 soli
770 3576 865 3639 usque
882 3557 921 3619 ad
937 3557 1149 3638 captivitatem
1157 3547 1387 3640 Babylonicam.
1412 3559 1465 3621 Ex
1481 3577 1517 3622 eo
1533 3557 1578 3639 qui

228 3646 344 3726 priores
365 3646 554 3727 Babylonem
575 3653 738 3721 venerunt,
764 3665 860 3709 annos
884 3652 1080 3709 numerarunt
1103 3646 1412 3710 Nabuchodonosoris
1438 3656 1474 3710 et
1495 3648 1577 3710 Evil-

183 3747 188 3754 '
228 3735 388 3810 merodaoi,
404 3753 492 3816 quem
506 3735 617 3799 Daniel
632 3735 850 3798 Balthasarem
864 3743 965 3798 vocat.
1011 3732 1141 3804 Quidam
1165 3735 1369 3804 etiamannos
1386 3737 1578 3818 captivitatis

228 3843 302 3886 suae
318 3831 530 3899 numerarunt,
552 3843 627 3905 quos
649 3825 729 3887 inter
743 3824 894 3887 Ezechiel.
934 3824 1008 3886 Inde
1031 3823 1128 3886 diviso
1150 3823 1276 3907 imperio
1298 3825 1487 3906 amplissimo
1502 3827 1577 3888 inter

227 3912 380 3993 principes
401 3913 588 3995 Babylonios
610 3912 934 3976 Laborosoardaohum
964 3913 1086 3993 ejusque
1111 3921 1244 3976 tutorem
1268 3914 1577 3996 Niriglissorosorum‚

228 4008 261 4064 et
281 4001 361 4064 inter
376 4003 548 4084 Astyagem
565 3997 864 4081 (DanieliDarium)
880 4003 1018 4076 Medum,
1041 3999 1192 4084 (lyaxaris
1209 3997 1278 4084 (seu
1294 4003 1417 4066 Danieli
1433 3999 1575 4082 Assueri)

227 4091 333 4153 filium:
357 4092 401 4154 illi
422 4091 549 4167 Iudaei,
571 4091 621 4173 qui
635 4091 793 4174 Babylone
809 4090 1000 4168 habitarunt,
1024 4109 1120 4154 annos
1141 4092 1246 4172 procul
1269 4091 1358 4156 dubio
1382 4099 1577 4156 numerarunt

227 4179 395 4263 principum
409 4180 585 4262 Babylonis,
601 4199 726 4262 quorum
740 4181 864 4244 ultimus
878 4179 1088 4256 Nabonnidus,
1103 4189 1138 4243 ut
1153 4182 1301 4263 astrologi
1316 4181 1481 4263 Babylonii
1498 4182 1575 4246 sole-

157 4284 163 4296 ·
227 4269 317 4332 bant:
342 4271 392 4351 qui
415 4288 486 4333 vero
501 4269 533 4332 in
548 4269 652 4331 Media
673 4278 705 4332 et
725 4270 833 4334 Persia
856 4277 927 4332 sunt
948 4269 1079 4345 versati,
1103 4288 1177 4352 qnos
1199 4271 1280 4334 inter
1301 4271 1412 4334 Daniel
1436 4279 1575 4352 satrapas

227 4357 390 4435 Susarum,
412 4379 508 4422 annos
530 4366 726 4422 numerarunt
741 4359 828 4422 Darii
851 4377 904 4422 seu
918 4358 1085 4440 Astyagis,
1108 4365 1140 4430 et
1154 4358 1206 4422 illc
1222 4367 1313 4441 capto
1330 4379 1427 4424 annos
1445 4359 1527 4443 Cyri,
1541 4377 1574 4420 eo

226 4466 321 4530 usque
338 4447 433 4510 donec
450 4447 548 4529 (lyrus
572 4441 733 4529 subjugato
748 4447 932 4511 Xabonnido
946 4447 1136 4529 Babylonem
1156 4443 1274 4530 imperii
1296 4456 1388 4531 capnt
1411 4448 1574 4532 occupavit,

228 4555 328 4618 aquo
351 4543 487 4618 tempore
510 4555 589 4599 novo
611 4537 698 4598 initio
721 4539 804 4600 facto
826 4536 937 4600 Judaei
964 4537 1096 4599 universi
1121 4546 1317 4601 numerarunt
1341 4557 1439 4602 annos
1463 4537 1573 4621 imperii

228 4623 301 4706 cyri
315 4625 511 4714 Babylonici,
534 4625 643 4706 quippe
665 4626 744 4707 quod
766 4627 856 4688 finem
876 4626 1064 4708 imposuerat
1085 4627 1259 4708 captivitati
1281 4647 1363 4690 suae.
1411 4625 1492 4700 Quia
1504 4645 1572 4690 vero

227 4714 422 4778 nihilominus
439 4713 520 4776 servi
535 4722 625 4776 erant
637 4715 748 4778 Judaei
763 4716 935 4792 Persarum,
957 4715 1025 4778 ideo
1042 4715 1135 4779 etiam
1148 4725 1221 4797 post
1235 4717 1367 4782 reditum
1382 4721 1573 4782 numerarunt

226 4819 281 4881 per
296 4822 393 4866 annos
408 4803 495 4867 Darii
510 4803 640 4878 Persae,
660 4805 790 4870 Assueri
806 4824 860 4868 seu
874 4805 1005 4880 Xerxis,
1025 4805 1228 4882 Artaxerxis,
1246 4815 1284 4869 ut
1305 4807 1335 4870 iu
1356 4807 1443 4871 libris
1458 4807 1571 4871 Esdrae
