3396 5540
261 189 324 292 442
783 227 892 292 Eclogte
912 226 1057 278 chronicae.

260 404 390 470 1515511415
409 411 508 462 meent,
526 405 552 454 tn
570 405 635 454 facie
654 405 773 456 mutant
790 411 818 455 et
834 417 862 454 oc
880 405 977 456 15111551
995 402 1150 467 deplumant,
1169 399 1214 450 sed
1226 398 1286 464 quia
1298 365 1377 446 souis
1390 396 1522 446 51115155.
1534 431 1573 442 ...

259 471 329 536 (vids
348 477 414 526 iutra
431 493 456 542 p.
475 477 536 534 445,
554 473 627 537 446.)

345 593 536 680 Keplerus
559 602 648 672 (Epicu
665 605 786 670 mlii:
817 595 906 661 Fidis
935 593 1103 664 traditioni
1126 589 1225 656 Seder
1248 589 1355 668 Olam,
1378 581 1509 672 feademi
1529 585 1578 652 die

258 683 395 748 Lunaris
417 685 507 762 anni,
531 684 643 748 eadem
670 685 851 769 e'phemeria
871 683 999 750 Joaribi
1024 682 1073 748 bis
1096 687 1227 764 captum
1252 678 1417 762 templum.
1462 675 1578 758 Itaque

259 791 334 836 oum
355 773 448 836 annis
472 779 532 853 15,
563 773 735 855 inquibus
758 779 835 838 sunt
860 779 898 838 19
921 773 1069 852 bissexti,
1097 770 1184 837 orbis
1206 767 1411 846 absolvatur,
1441 765 1578 830 residuis

256 857 372 925 diebus
396 865 455 924 10:
477 867 515 926 tu
539 859 686 926 residuos
708 862 821 928 facist
846 869 880 926 et
901 870 939 929 ut
957 862 1019 927 hoe
1040 861 1184 939 lucreris,
1210 853 1252 922 ab
1266 855 1358 922 initio
1380 856 1579 939 septimanae

255 947 381 1015 Joaribi
402 969 488 1014 anno
509 949 641 1015 iuliano
664 955 717 1015 40.
741 950 784 1016 sd
804 949 900 1016 finem
922 950 1123 1034 septimanae
1144 945 1268 1013 Joaribi
1290 949 1469 1010 55115115.
1492 963 1576 1008 eom·

256 1043 365 1121 putas.
411 1037 562 1102 Nondum
584 1037 645 1104 sibi
666 1045 794 1104 constat
814 1046 890 1104 tuus
913 1038 1067 1105 calculus.
1112 1037 1195 1101 Nam
1217 1033 1297 1119 quid
1319 1033 1414 1098 Luna
1436 1031 1479 1096 ad
1500 1032 1578 1096 irre·

255 1125 369 1210 gulare
390 1125 556 1192 Julianum
579 1126 813 1208 Oalendsrinm,
837 1150 904 1213 quo
926 1128 1063 1193 niteris?
1090 1126 1177 1209 Ergo
1198 1124 1248 1190 nsi
1269 1121 1401 1188 Juliano
1427 1120 1579 1220 regulari,

256 1215 303 1280 sic
323 1214 537 1280 inveniemus:
560 1217 639 1298 quis
660 1215 867 1282 traditionem
890 1218 989 1282 tueris
1009 1215 1164 1280 ecclesiae
1182 1215 1224 1278 de
1244 1210 1450 1296 apparitione
1472 1208 1579 1292 angeh

181 1297 185 1306 ’
255 1303 308 1368 die
340 1307 392 1370 24.
416 1301 627 1389 Septembris,
659 1325 736 1388 ergo
759 1305 842 1371 Abia
869 1304 988 1372 habere
1018 1303 1180 1370 debuisset
1210 1307 1282 1368 octo
1313 1300 1381 1366 dies
1404 1297 1446 1364 ab
1472 1303 1523 1364 18.
1546 1297 1579 1361 in

257 1397 311 1458 25.
334 1393 424 1476 Sept.
455 1393 618 1458 inclusive.
663 1392 738 1457 lam
768 1415 790 1458 a
811 1393 874 1460 fine
905 1391 1050 1474 Joaribi,
1080 1391 1249 1456 siluisset
1281 1395 1310 1453 1.
1334 1387 1472 1472 Augusti
1502 1385 1580 1452 anui

254 1478 378 1546 Julinni
393 1485 446 1553 40,
470 1481 504 1546 in
524 1481 621 1546 finem
635 1481 757 1548 Joaribi
780 1485 856 1548 511111
874 1488 936 1550 115
959 1490 1037 1548 sunt
1058 1481 1127 1546 dies
1143 1484 1261 1555 treet,
1285 1479 1342 1559 qui
1363 1476 1580 1542 terminantur

254 1569 288 1632 in
313 1573 365 1636 28.
382 1569 460 1650 Julii
482 1569 559 1635 anui
578 1574 649 1650 115,
672 1576 704 1635 et
722 1571 783 1636 hoc
797 1571 909 1636 suisset
926 1571 1075 1636 ultimum
1088 1567 1212 1635 Joaribi
1227 1566 1439 1634 sabbathum:
1464 1585 1578 1646 seque·

254 1663 347 1724 retur
369 1659 550 1741 septimana
572 1660 732 1724 secundae
754 1661 847 1740 meis,
863 1665 954 1747 cujus
974 1658 1049 1724 finis
1071 1665 1188 1742 quarto
1203 1657 1340 1740 Augusti
1362 1655 1395 1720 in
1409 1652 1578 1718 sabbatho.

255 1743 417 1830 Sequente
450 1751 481 1811 e.
506 1749 647 1830 Augusti
673 1755 748 1813 erat
778 1771 864 1814 nona
890 1751 1013 1814 mensis
1047 1748 1098 1814 Ab
1134 1747 1175 1832 (si
1205 1745 1300 1811 modo
1328 1743 1490 1828 Josephus
1519 1763 1580 1826 per

255 1839 334 1899 loos
363 1855 441 1900 non·
457 1835 609 1919 intelligit
636 1837 816 1903 Romanum
842 1840 1041 1920 Augustum,
1072 1842 1201 1901 utnon
1231 1832 1330 1898 semel
1360 1833 1452 1898 alias.
1498 1831 1579 1894 Erat

255 1924 339 1988 enim
370 1925 404 1988 iu
432 1931 597 2008 potestate
626 1930 706 1990 tuuc
736 1927 978 2009 Romanorum).
1031 1925 1126 1991 Vides
1156 1945 1249 2006 ergo,
1286 1921 1464 1986 secundnm
1495 1920 1579 1984 hunc

160 2033 165 2048 ‘
254 2017 441 2096 computum
456 2013 611 2098 templum
633 2021 763 2096 captum
778 2015 845 2080 fore
859 2037 923 2080 uon
939 2014 999 2079 sub
1014 2016 1120 2098 prima
1133 2011 1267 2092 Joaribi,
1290 2010 1347 2076 sed
1362 2008 1422 2076 sub
1437 2007 1586 2074 secunda

253 2101 469 2180 vicecomes
497 2103 739 2183 auctoritatem,
767 2125 834 2186 qua
860 2123 1006 2187 pugnare
1033 2101 1173 2168 volebas.
1218 2101 1304 2184 Ergo
1325 2100 1393 2165 rice
1419 2117 1528 2171 versa,
1552 2100 1579 2163 si

253 2209 332 2253 vera
347 2195 396 2253 est
411 2191 543 2257 traditio
559 2192 659 2257 Salar
674 2192 779 2273 Olam,
794 2192 948 2275 templum
965 2213 1034 2256 esse
1050 2197 1181 2274 captum
1197 2197 1340 2274 tempore
1353 2189 1430 2253 uicis
1442 2187 1578 2268 Joaribi,

253 2282 331 2344 tuuc
361 2276 464 2343 Abies
491 2280 576 2348 vices
604 2299 688 2346 anno
719 2287 772 2348 40.
804 2279 1102 2366 complectebantur
1132 2285 1260 2362 ternpus
1289 2297 1310 2342 a
1341 2281 1393 2344 25.
1425 2274 1515 2360 Sept.
1546 2279 1576 2342 in

255 2371 286 2432 2.
310 2369 391 2447 Oct,
416 2389 481 2449 quo
504 2369 556 2432 die
578 2368 752 2434 Zacharias
773 2371 807 2434 in
828 2370 948 2453 templo
970 2377 1052 2450 erat,
1075 2375 1183 2437 castus
1205 2367 1248 2432 ab
1269 2388 1386 2432 uxore:
1410 2373 1471 2431 eut
1492 2373 1575 2430 certe

253 2455 451 2537 saepiebatur
480 2461 548 2542 ejus
580 2459 802 2540 ephemerina
830 2467 859 2524 2.
883 2459 916 2524 in
943 2467 974 2525 e.
999 2458 1186 2536 Octobrem,
1218 2459 1245 2522 si
1272 2455 1330 2520 tibi
1357 2455 1430 2537 quis
1461 2455 1576 2537 eripiat

252 2543 394 2609 alterum
422 2566 461 2609 ex
485 2547 667 2630 ephemeris
689 2545 790 2612 Abiae
818 2545 1023 2628 sabbathum,
1052 2549 1099 2612 sic
1126 2553 1163 2612 ut
1184 2545 1341 2630 templum
1363 2566 1429 2610 uon
1450 2543 1575 2620 ultimo,

252 2632 310 2698 sed
333 2633 438 2716 primo
461 2635 536 2700 vicis
558 2634 683 2700 Joaribi
707 2633 864 2701 sabbatho
886 2638 928 2702 sit
950 2645 1092 2720 captum.

331 2773 357 2826 J.
378 2773 573 2828 Declrerius
602 2777 727 2844 (Epistola
753 2779 848 2843 illiti:
882 2775 1022 2838 Quaedam
1042 2773 1163 2828 breviter
1183 2773 1257 2826 circa
1276 2787 1435 2842 responsum
1456 2777 1575 2823 restrum

252 2853 400 2914 adnotabo,
421 2871 474 2923 quo
494 2870 593 2908 noram
613 2854 744 2923 apodixin
760 2873 796 2907 ex
811 2854 870 2907 rice
885 2853 958 2910 Abia
972 2856 1123 2908 desumtum
1137 2854 1231 2908 niteris
1248 2851 1377 2906 demoliri.
1408 2853 1574 2920 Respondes.

251 2934 369 2985 noudum
390 2932 441 2986 sibi
461 2941 588 2988 constare
609 2936 751 2996 calculum.
773 2953 823 2988 nec
843 2951 881 2988 ex
901 2951 943 2998 eo,
964 2936 1035 3006 quod
1056 2937 1082 2988 4.
1104 2935 1148 2986 (115
1163 2932 1284 3003 Augusti
1304 2933 1367 2986 anni
1392 2933 1457 2987 115.
1472 2930 1575 2984 Julisni

252 3011 340 3066 linivit
364 3012 460 3066 Jourib
491 3013 675 3084 ephorueriom
702 3015 784 3084 (quod
811 3014 875 3068 mihi
903 3021 932 3067 et
959 3013 991 3068 iis
1017 3015 1176 3085 quibuscum
1197 3013 1304 3082 disputo
1325 3019 1368 3065 est
1388 3011 1416 3064 111
1437 3009 1575 3070 concesso)

253 3091 338 3162 sequi,
360 3093 523 3146 Zachariam
544 3094 578 3147 de
598 3093 658 3147 rice
677 3094 750 3149 Abia
770 3093 814 3147 die
830 3095 876 3148 ⁴24.
892 3094 967 3164 Sept.
985 3095 1049 3148 anui
1063 3097 1110 3148 40.
1120 3093 1224 3148 Juliani
1238 3091 1406 3146 ministrasse
1421 3090 1452 3146 in
1466 3093 1574 3160 templo.

253 3171 316 3241 Ego
343 3187 408 3225 vero
435 3187 504 3242 pace
525 3175 667 3244 utriusque
688 3181 845 3228 constanter
866 3173 978 3235 effinse,
1004 3175 1091 3243 probe
1111 3179 1237 3233 constare
1257 3173 1400 3234 5515111511,
1421 3178 1452 3226 ot
1471 3187 1574 3225 mecum

253 3249 359 3306 iaciunt
384 3250 550 3322 sumptores,
578 3255 675 3324 quibus
701 3253 775 3308 illam
801 3261 930 3308 accurate
956 3255 1178 3324 perpendendam
1204 3252 1281 3312 dedi,
1311 3251 1409 3322 quibus
1435 3251 1573 3304 omuibus:

252 3329 361 3384 Mundi
387 3333 482 3386 inetur
508 3333 598 3394 behet,
625 3325 702 3388 teres*
726 3341 811 3402 atque
837 3335 989 3386 rotundus.
1032 3334 1125 3396 Quare
1145 3335 1180 3386 nd
1200 3332 1319 3402 Lydium
1339 3331 1459 3400 lapidem
1480 3333 1573 3400 explu-

253 3411 341 3464 randa
362 3421 450 3475 munt,
472 3429 545 3483 qnae
565 3421 656 3468 vestro
678 3415 769 3467 insunt
788 3429 932 3482 responso:
953 3415 1145 3468 Butes-nosne
1157 3415 1229 3482 quid
1240 3412 1316 3465 labis
1327 3429 1382 3481 per
1395 3411 1474 3464 leuia
1486 3412 1573 3464 sidat.

334 3491 365 3544 lu
392 3489 470 3545 annis
499 3493 586 3563 inquis
613 3493 649 3550 15
677 3501 739 3548 sunt
768 3495 804 3548 19
831 3494 961 3555 bissexti,
989 3493 1040 3546 imo
1067 3494 1144 3546 fuere
1165 3499 1272 3546 tantum
1296 3493 1339 3552 16,
1361 3492 1443 3560 idque
1463 3499 1574 3560 propter

253 3585 339 3623 annos
374 3572 408 3626 1⁶2
444 3572 503 3626 sine
534 3573 744 3628 intercalatione
774 3588 919 3634 excursum
946 3575 983 3626 de
1007 3591 1065 3644 quo
1085 3587 1189 3628 mecum
1215 3577 1245 3624 et
1269 3571 1413 3641 scaligero
1439 3571 1572 3624 convenit

251 3644 305 3704 Adi
331 3651 456 3705 tabulam
482 3652 607 3707 thesium.
649 3654 698 3708 Ais
724 3655 856 3716 secundo,
882 3653 968 3708 Abies
993 3653 1092 3706 habuit
1118 3655 1136 3708 8
1163 3652 1222 3706 dies
1248 3652 1284 3705 ab
1315 3652 1358 3705 18.
1379 3652 1456 3719 Sept
1479 3651 1507 3704 in
1529 3651 1572 3704 25.

165 3741 168 3748 ’
252 3728 383 3783 inclusive
404 3732 668 3788 51111140..15115111.
706 3733 833 3786 Ceterum
845 3731 938 3787 ‘Abina
958 3749 1011 3786 non
1032 3749 1050 3788 a
1068 3733 1111 3787 18.
1128 3731 1230 3800 incepit
1244 3731 1289 3784 die
1304 3731 1483 3800 Septembris,
1504 3749 1574 3800 quae

252 3811 390 3864 51111540.
412 3810 543 3865 luitdies
563 3813 675 3877 Martis,
702 3813 742 3865 uti
764 3811 809 3865 hio
829 3812 926 3865 iterum
947 3813 1073 3882 Scaliger
1093 3819 1124 3865 et
1141 3811 1223 3880 periti
1243 3813 1395 3866 concedunt
1415 3819 1446 3864 et
1466 3813 1572 3864 demon·
1690 3865 1691 3882 ,

251 3896 322 3942 strat
348 3891 387 3944 lit.
415 3891 441 3943 G
468 3907 591 3946 erronea
633 3893 761 3963 idemque
788 3894 869 3945 tertie
897 3903 940 3944 est
959 3893 1092 3960 judicium
1106 3894 1153 3944 ·de
1174 3909 1215 3954 eo,
1243 3893 1314 3964 quod
1342 3891 1456 3952 atteris,
1477 3891 1572 3945 Joarib

251 3969 394 4039 peregisse
421 3970 605 4038 ephemeriam
631 3987 650 4025 a
676 3973 723 4026 31.
750 3972 817 4025 Julii
844 3989 930 4041 nsque
955 3973 982 4031 in
1010 3975 1036 4027 1.
1062 3971 1181 4042 Augusti
1209 3971 1348 4025 inclusive.
1389 3971 1462 4025 Nam
1482 3971 1573 4024 ethic

214 4079 222 4098 ι
251 4065 343 4101 51111151
363 4067 412 4119 pro
433 4052 555 4104 confesso
576 4051 717 4113 hahemus,
738 4059 796 4105 tam
817 4051 863 4106 31.
884 4052 951 4106 iulii
971 4068 1052 4122 quarn
1072 4053 1099 4106 1.
1116 4051 1237 4122 Augusti
1253 4067 1324 4105 anno
1340 4053 1387 4106 40.
1403 4051 1490 4104 luisse
1505 4051 1573 4105 diem

250 4129 355 4182 Martis.
397 4130 502 4192 Quarto
524 4131 573 4194 ais,
594 4134 674 4185 tinem
695 4134 830 4185 secundae
851 4132 917 4184 eicis
937 4133 1020 4185 tuisse
1040 4133 1068 4186 4.
1089 4132 1210 4201 Augusti
1231 4131 1258 4184 iu
1280 4133 1396 4184 sabbato
1417 4147 1491 4186 anno
1511 4133 1573 4186 115.

250 4207 369 4264 Juliune.
410 4211 465 4264 Sed
497 4210 549 4264 hoc
581 4217 690 4281 pugnat
721 4225 780 4264 cnm
808 4212 963 4280 hypothesi,
998 4212 1024 4265 in
1051 4228 1107 4282 qua
1132 4227 1192 4265 oum
1219 4212 1362 4281 scaligero
1390 4212 1571 4264 convenimus.

250 4287 350 4352 Quinto
372 4289 464 4354 infers,
485 4291 508 4344 si
529 4307 596 4344 veru
616 4297 659 4344 est
678 4291 789 4345 traditio
810 4293 1007 4354 Hebraeorum,
1028 4299 1092 4346 tunc
1113 4291 1203 4346 Abiae
1246 4309 1292 4344 ces
1309 4307 1379 4345 anuo
1400 4292 1448 4345 40.
1464 4293 1573 4346 Juliano

250 4375 331 4422 erant
351 4385 369 4422 a
390 4371 435 4426 ⁸25.
457 4367 625 4440 Septembris
647 4388 732 4441 usque
752 4372 779 4424 in
801 4373 826 4426 2.
850 4374 908 4426 Oct.
936 4371 1013 4433 Quae
1029 4371 1117 4427 illatio
1132 4371 1330 4440 praesupponit
1347 4371 1386 4425 lit.
1398 4370 1423 4422 0
1435 4372 1573 4425 lulianam

250 4449 349 4503 ducere
371 4449 482 4504 chorum
504 4451 528 4506 iu
551 4450 597 4504 illo
618 4451 829 4521 quadragesimo
850 4451 970 4514 Juliano,
997 4469 1056 4505 eum
1078 4459 1170 4506 tamen
1191 4451 1217 4504 id
1242 4457 1368 4521 praestet
1395 4449 1421 4503 G
1436 4457 1570 4506 'erronea

250 4527 386 4599 (Keplerur
415 4539 442 4588 iu
465 4539 598 4603 margine:
619 4531 829 4600 respondebitur
850 4533 922 4586 intra
941 4532 1058 4601 epistola
1077 4525 1152 4594 XX.)

338 4645 530 4732 Keplerus
552 4649 659 4734 pergit
677 4656 801 4726 (epirus
819 4659 942 4726 xv111.):
966 4647 1093 4722 iuvabo
1116 4651 1225 4716 thema
1246 4656 1339 4715 tuum
1356 4623 1394 4715 ex
1411 4647 1572 4735 Scaligero

251 4743 283 4802 et
305 4737 369 4804 fine
392 4759 480 4804 meae
504 4737 656 4806 diatribes
679 4739 920 4825 chronologicae
945 4741 1055 4824 (quem
1079 4741 1277 4827 typographo
1306 4740 1429 4825 placuit
1453 4741 1571 4825 sylvam
