3396 5540
241 225 304 286 438
759 221 865 286 Eclogao
893 222 1039 273 chronicae.

240 419 346 478 causa,
377 421 441 464 non
472 405 507 464 ut
538 395 748 485 necessarium
778 403 1005 480 argumentum.
1057 396 1127 467 Scio
1141 397 1256 475 nenim,
1290 395 1468 466 Galilaeam
1498 417 1560 462 non

241 483 382 553 caruisse
404 486 565 564 messibus,
590 507 630 550 ne
653 487 881 568 propalatum
904 486 1040 568 quidem.

330 581 373 642 At
390 577 524 662 inquias,
549 573 767 658 Evangelistae
790 581 1040 640 commemorant
1058 575 1140 640 haue
1159 574 1326 640 historiam
1345 579 1419 658 post
1436 573 1563 640 uincula

240 663 382 744 loannis,
406 665 440 729 in
461 685 543 748 quae
571 658 697 728 devenit
717 662 772 727 ille
794 670 868 746 post
896 663 1032 746 primum
1054 663 1170 729 Christi
1192 663 1334 748 pascha?
1362 651 1412 728 lta
1435 661 1564 746 quidem

240 753 373 832 videtur,
393 753 420 817 si
436 751 559 836 vulgari
574 751 747 818 intellectui
763 751 1036 832 Evangelistarum
1045 752 1087 816 sit
1101 751 1327 817 inhaerendum
1341 751 1562 835 pertinaciter,

238 849 337 925 atque
359 863 417 925 ego
439 841 543 905 mium
564 843 745 928 cujusquam
761 840 917 924 opinione
939 841 973 904 in
995 841 1033 906 iis
1055 839 1199 920 mutabo,
1230 840 1294 910 imo
1316 847 1478 905 certamen
1502 840 1563 906 hoc

240 929 382 994 omnibus
412 929 584 994 harmastis
615 927 732 1006 deiero,
763 929 893 1012 quinam
921 930 1025 994 minus
1059 929 1175 995 ceteris
1201 934 1315 1005 mutet,
1352 929 1420 993 sine
1454 934 1565 992 tamen

238 1017 500 1101 multiplicatione
521 1019 668 1089 enasset
689 1017 828 1101 ejusdem
855 1017 942 1084 lacti.
988 1016 1089 1082 Unius
1111 1017 1193 1083 enim
1220 1017 1340 1082 dimidii
1360 1017 1508 1082 uersiculi
1530 1018 1564 1080 in

241 1107 404 1172 Mattllaeo
430 1114 463 1171 et
485 1109 596 1172 Marco
623 1106 812 1190 trajectione
838 1106 998 1178 inlocum
1024 1127 1113 1171 aurun
1142 1106 1222 1190 (imo
1244 1112 1368 1172 tantum
1396 1106 1565 1170 commoda

239 1195 516 1280 interpretatione)
537 1195 714 1260 felicissime
733 1196 796 1259 coit
814 1195 958 1260 historia.
991 1195 1075 1262 Nam
1096 1196 1209 1262 Mattb.
1231 1201 1261 1260 4.
1282 1216 1309 1261 v.
1333 1201 1382 1274 12,
1406 1195 1508 1259 Marc.
1535 1201 1563 1261 1.

239 1305 269 1348 v.
282 1289 334 1350 24.
353 1305 462 1348 rerum
481 1284 606 1368 quidem
624 1283 747 1362 dicitur,
770 1283 930 1348 Clnistum
944 1283 1068 1364 Joanne
1085 1284 1118 1348 in
1138 1279 1263 1350 vincula
1281 1289 1377 1366 rapto
1395 1283 1565 1348 secessisse

240 1374 273 1436 in
293 1371 481 1453 Galilaeam,
505 1379 539 1438 at
557 1372 590 1438 id
613 1372 752 1436 refertur
774 1371 845 1438 loco
864 1395 928 1436 non
947 1394 1014 1451 suo.
1048 1373 1130 1438 Nam
1152 1393 1208 1437 eur
1230 1373 1391 1438 secederet
1414 1379 1448 1436 et
1466 1372 1565 1436 ueluti

242 1481 258 1524 e
278 1461 383 1540 media
401 1462 470 1528 luce
488 1461 647 1525 hominmn
666 1460 836 1534 excederet
854 1467 941 1525 metu
959 1461 1130 1544 primorum
1148 1483 1224 1526 suae
1242 1462 1354 1543 gentis,
1379 1461 1408 1524 si
1425 1461 1565 1526 nondum

241 1555 317 1614 tnnc
338 1549 500 1632 inceperat
522 1550 710 1633 praedicare
739 1569 853 1614 novmu
878 1549 956 1615 illud
984 1549 1150 1615 doctrinae
1177 1569 1278 1632 genus
1300 1571 1400 1633 eoque
1422 1549 1565 1614 nondum

241 1639 274 1701 in
290 1639 395 1704 odium
410 1640 614 1704 incurrerat?
637 1637 731 1702 Vides
742 1638 939 1703 Matthaeum
958 1659 1217 1722 praesupponere
1236 1639 1337 1703 multa
1350 1645 1448 1702 autea
1462 1645 1565 1722 gesta.

390 1727 397 1746 Q
423 1727 429 1740 Ι

242 1727 366 1812 'l'rajice
388 1735 485 1811 igitur
506 1726 631 1792 vincula
652 1726 788 1791 loannis
810 1735 842 1792 et
861 1730 928 1812 jam
955 1728 1025 1810 lege
1047 1749 1085 1792 ex
1107 1729 1193 1794 Luca
1215 1733 1245 1792 4.
1269 1749 1298 1792 v.
1326 1733 1378 1806 14,
1396 1727 1566 1791 Christum

242 1815 374 1880 rediisse
403 1837 421 1880 e
448 1815 577 1881 deserto
610 1816 644 1880 in
672 1815 862 1896 Galilacam,
895 1835 957 1900 quo
987 1817 1020 1880 in
1034 1815 1154 1881 'itinere
1186 1814 1261 1898 quiid
1291 1813 1460 1892 acciderit,
1492 1816 1565 1899 lege
1693 1821 1694 1840 ³

242 1901 375 1969 Joarmis
402 1911 428 1968 1.
452 1927 480 1970 r.
507 1910 557 1970 19.
586 1924 684 1986 usque
707 1907 737 1968 2.
767 1925 795 1968 v.
823 1909 873 1969 11.
920 1905 1044 1984 Quaeso
1072 1904 1168 1984 enim,
1197 1904 1226 1968 si
1252 1905 1359 1970 emnia
1384 1904 1455 1984 illa,
1481 1925 1566 1987 quae
1693 1933 1694 1952 η

242 1999 309 2057 tres
331 1993 452 2078 priores
474 1992 600 2072 hahent,
629 1993 810 2058 factasunt
836 1993 961 2060 demum
982 1999 1056 2076 post
1082 1993 1207 2058 nnorrla
1229 1992 1377 2072 loannis,
1408 1993 1567 2075 quomodo
1613 2027 1617 2034 ·
1693 2007 1694 2082 f

242 2079 313 2146 fieri
342 2081 462 2166 potuit,
494 2087 531 2147 ut
557 2081 717 2166 discipuli,
750 2081 805 2164 qui
829 2085 897 2166 jam
922 2081 957 2147 in
977 2081 1094 2147 itinere
1121 2079 1294 2146 e'deserto
1324 2081 1358 2146 in
1386 2080 1568 2146 Galilaeam
1693 2083 1694 2102 ¹

243 2170 402 2236 Christum
423 2175 580 2236 neverant
597 2175 629 2234 et
647 2170 738 2253 sequi
758 2175 939 2254 coeperant,
960 2177 1034 2254 post
1052 2189 1176 2236 menses
1194 2169 1318 2234 demum
1336 2189 1451 2235 nouem
1474 2191 1565 2235 voca·
1693 2175 1694 2186 ¹

242 2263 354 2323 rentur
381 2259 516 2341 piscatui
547 2257 768 2338 inhaerentem
802 2258 959 2341 quomodo
986 2259 1179 2324 Nicodamus
1209 2259 1252 2324 ad
1279 2259 1416 2342 primum
1447 2259 1567 2324 Christi
1693 2261 1694 2342 j

242 2347 411 2422 adrentum
439 2347 638 2430 Jerosolpna
668 2347 774 2412 dicere
800 2349 920 2430 potuit:
956 2347 1102 2428 rsoimus,
1137 2347 1270 2432 quoda
1297 2348 1363 2413 Deo
1389 2348 1446 2428 sis,
1476 2369 1567 2412 nano
1693 2353 1694 2406 ἶ

242 2438 323 2501 enin
345 2437 435 2526 signa
456 2437 534 2502 iacit
557 2457 638 2520 quae
660 2441 723 2515 tu,u
750 2437 777 2500 si
800 2457 864 2501 non
882 2439 950 2522 jam
971 2436 1057 2502 sama
1085 2443 1156 2500 erat
1177 2435 1382 2520 ierosolymis
1404 2435 1444 2501 de
1468 2437 1567 2519 signis
1693 2475 1694 2486 ,

244 2525 361 2589 Christi
383 2525 491 2591 multis
513 2526 545 2593 in
568 2525 716 2592 Galilaea
742 2525 836 2590 factis
857 2525 966 2594 statim
989 2530 1063 2608 post
1084 2523 1293 2609 baptismum,
1319 2545 1400 2608 quae
1422 2522 1567 2591 loannes

243 2614 357 2678 reticet
385 2615 516 2697 praeter
545 2614 623 2679 illud
648 2615 683 2678 in
710 2615 817 2693 Caua,
848 2635 912 2680 non
941 2613 1096 2692 laetum,
1128 2614 1190 2678 nisi
1220 2614 1312 2696 signa
1338 2613 1396 2678 illa
1421 2628 1444 2677 a
1465 2614 1568 2679 tribus

143 2705 149 2720 ³
243 2701 404 2786 prioribus
431 2702 565 2768 brissent
591 2709 845 2768 commemorata
892 2702 1013 2768 Contra
1039 2703 1092 2785 qui
1121 2695 1328 2786 ierosolymis
1354 2709 1448 2767 tanta
1476 2701 1568 2785 signa

242 2791 327 2870 iecit,
359 2812 415 2856 our
442 2792 569 2856 rediens
599 2793 631 2857 in
658 2791 835 2858 Galilaeam
864 2791 951 2857 velut
981 2791 1160 2874 incognitus
1190 2797 1338 2876 antean
1364 2812 1422 2856 sua
1452 2791 1568 2856 uirtrrte

244 2879 351 2944 diuina
373 2877 531 2963 paulatim
556 2881 738 2960 innotescit,
768 2880 795 2944 si
817 2885 986 2964 postquam
1008 2880 1066 2945 illa
1088 2879 1294 2964 lerosolymis
1321 2879 1410 2960 lecit,
1440 2881 1568 2944 demumr

243 2969 277 3032 in
296 2967 443 3034 Galilaea
460 2969 578 3051 incepit
600 2968 811 3052 praedicare?
834 2968 964 3033 Minime
985 2968 1142 3051 gentimn3
1165 2968 1296 3034 Petrum
1314 2968 1487 3050 audiamus,
1513 2969 1567 3051 qui

240 3057 298 3136 ait,
323 3055 412 3122 illurn
435 3058 588 3140 incepisse
611 3055 631 3122 a'
652 3057 811 3142 baptismo
834 3056 984 3138 Joannis3
1008 3057 1166 3122 loannem
1188 3057 1361 3137 audiamus,
1387 3057 1450 3139 qui,
1477 3057 1567 3140 qnasi

244 3145 370 3209 disertis
400 3145 503 3211 verbis
534 3147 574 3210 de
604 3146 665 3211 hac
693 3145 881 3230 trajectione
910 3151 1066 3225 moneret,
1098 3145 1144 3210 sic
1173 3144 1330 3230 loquitur:
1363 3145 1569 3229 rbaptiaabat

245 3239 352 3297 autem
370 3237 462 3320 juxta
479 3233 637 3298 Christum
656 3240 689 3298 et
707 3234 866 3300 loannes«
894 3235 983 3316 (lieet
1004 3233 1038 3298 in
1057 3233 1121 3301 alio
1143 3233 1223 3312 loco,
1248 3254 1312 3302 non
1331 3234 1364 3298 in
1383 3234 1568 3300 Bethabara

241 3325 333 3406 juxta
354 3322 541 3402 iomanem,
565 3323 621 3387 sed
644 3323 677 3388 in
700 3325 791 3389 Enon
814 3323 847 3387 in
870 3323 1010 3403 deserto,
1035 3323 1312 3406 opportunitatem
1333 3343 1474 3405 sequens
1496 3344 1565 3387 sea·

245 3410 437 3493 turiginum3
468 3412 525 3495 qui
555 3433 698 3478 secessus
720 3412 855 3478 loannis
878 3433 899 3476 a
920 3411 1063 3477 Jordaue
1084 3412 1119 3476 in
1141 3411 1306 3477 desertum
1328 3411 1413 3477 forte
1435 3431 1567 3476 causam
1693 3419 1694 3440 ¹

245 3498 333 3564 dedit
362 3501 519 3586 ipsissima
548 3503 617 3585 ejus
646 3501 773 3566 vincula
801 3501 865 3566 huc
886 3499 1041 3585 ponendi)
1067 3500 1244 3564 inondum«
1271 3501 1391 3586 quippe
1413 3501 1565 3580 loannes,

250 3595 339 3653 rerat
368 3589 525 3666 vinetum(
573 3589 656 3668 Quid
686 3595 782 3673 putas
813 3607 929 3654 causae
961 3609 1041 3675 esse,
1071 3610 1131 3654 our
1159 3587 1318 3668 Joanues,
1357 3591 1412 3674 qui
1443 3594 1567 3656 ceteros

244 3675 467 3759 Evangelistas
489 3677 624 3762 legerat,
653 3699 717 3744 non
740 3683 911 3744 contentus
932 3677 1029 3743 inerit
1050 3677 1165 3743 verbo:
1196 3676 1382 3761 baptizabat
1403 3686 1515 3744 autem
1536 3686 1567 3742 et

234 3765 415 3844 -Johannes,
441 3766 519 3850 quin
541 3772 703 3850 repeteret
729 3768 890 3853 »noudum
913 3767 998 3831 enim
1021 3772 1091 3832 erat
1113 3767 1269 3870 vinctus«
1296 3767 1357 3832 nisi
1380 3769 1470 3850 quod
1490 3767 1564 3832 sub·

243 3853 501 3936 intelligendum:
527 3862 563 3919 nt
586 3856 704 3939 legenti
723 3861 849 3921 'ceteros
871 3856 971 3920 rideri
993 3853 1143 3938 possim.

332 3945 447 4026 Itaque
470 3950 544 4028 post
565 3943 701 4009 loannis
725 3949 754 4012 2.
777 3965 805 4010 v.
832 3951 883 4010 11.
906 3945 977 4026 lego
1000 3944 1116 4010 Matth.
1142 3949 1172 4008 4.
1196 3965 1227 4007 v.
1253 3947 1304 4010 13.
1330 3947 1380 4024 16,
1404 3943 1513 4010 Lucae
1536 3951 1565 4010 4.
1693 3939 1694 3946 '

244 4053 273 4096 v.
299 4037 349 4111 31,
381 4032 453 4098 Joh.
478 4038 509 4098 2.
538 4055 566 4101 v.
594 4039 643 4114 12,
676 4040 714 4098 ut
736 4053 754 4098 e
775 4033 883 4116 patria
905 4033 1067 4098 Nazareth
1088 4031 1285 4098 domicilium
1307 4033 1514 4100 transtulerit
1534 4035 1566 4097 in
1693 4059 1694 4072 ¹

244 4119 449 4204 Capernanm
479 4127 512 4186 et
542 4129 620 4186 tuno
650 4123 794 4206 coeperit
823 4122 1009 4204 praedicare
1031 4121 1147 4188 Matth.
1173 4125 1203 4186 4.
1227 4143 1256 4186 v.
1283 4127 1332 4202 17,
1357 4123 1459 4187 Marc.
1487 4127 1515 4187 1.
1538 4143 1566 4186 r.

248 4213 297 4274 14.
330 4215 379 4292 15,
411 4211 489 4276 huc.
513 4217 544 4276 4.
571 4233 599 4276 v.
625 4213 734 4294 31**).
779 4212 919 4278 Veniens
948 4217 1058 4276 autem
1088 4212 1122 4275 in
1150 4209 1359 4276 Bethsaidam
1382 4211 1426 4276 ad
1449 4210 1564 4292 lacum,

243 4371 455 4383 m

324 4433 349 4502 *)
378 4441 439 4494 Non
460 4455 527 4509 opus
544 4447 587 4492 est
602 4437 778 4508 traiectione:
800 4437 900 4494 sufficit
915 4439 1055 4492 commoda
1071 4437 1265 4508 interpretatio
1281 4439 1355 4492 vocis
1373 4443 1564 4512 παραδοθγιηι.

244 4517 301 4572 Nec
322 4519 443 4573 loannes
464 4526 558 4589 negat,
579 4517 604 4572 J.
625 4519 779 4588 Baptistam
801 4511 935 4588 tuncjam
956 4517 1040 4573 semel
1061 4517 1145 4570 fuisse
1166 4519 1307 4582 traditum,
1328 4521 1376 4574 aed
1394 4519 1564 4574 hortantum
1693 4553 1694 4576 r

244 4605 345 4667 negat,
380 4607 445 4652 tunc
472 4599 533 4668 jam
559 4597 642 4650 fuisse
670 4599 796 4654 virroturn.
837 4598 1001 4654 Traditionis
1028 4599 1133 4668 species
1160 4601 1265 4654 multae
1292 4609 1371 4663 aunt,
1401 4614 1458 4654 una
1483 4601 1565 4654 etiam

244 4675 395 4730 vinctionis.

322 4749 363 4818 ”l
393 4759 468 4812 llaec
490 4759 515 4812 in
530 4757 677 4812 Harmonia
694 4759 863 4826 Evangelion
880 4775 940 4812 nica
957 4759 1083 4814 ordinata
1100 4759 1272 4814 inveniunt-ur
1289 4763 1373 4830 paulo
1390 4759 1562 4814 commodum.
