3396 5540
261 213 323 272 454
568 225 574 238 ·
775 183 884 274 Eclcgae
908 211 1055 258 Chronicae.

347 383 396 448 De
420 382 569 466 baptismi
596 403 695 451 auno.
726 383 864 447 fueritne
888 387 940 446 73.
963 405 1006 446 an
1030 389 1084 453 74,
1107 381 1182 448 dixi
1227 381 1393 448 Corrcctio
1419 401 1491 445 mea
1517 389 1571 458 est,

259 472 337 535 dum
359 473 430 537 dico
446 477 496 535 74.
521 477 554 536 et
568 473 717 554 quintum
739 473 870 556 pascha,
892 493 956 537 non
978 467 1151 554 antilogia3
1174 471 1233 534 sed
1250 471 1301 535 hic
1319 475 1412 534 tenes
1435 469 1573 534 libellum

260 581 364 624 rrreum
387 560 570 644 antilogiae,
592 561 670 624 dum
685 560 756 624 dico
775 560 973 644 baptisatam
990 565 1042 624 73.
1063 559 1142 624 h'or.
1162 565 1196 624 et
1209 567 1319 624 tamen
1332 557 1474 622 Judaeos
1495 558 1574 622 lucio

259 650 320 731 ipsi
347 649 515 731 loquentes
544 649 585 712 de
606 647 726 732 templo
755 649 868 713 codem
891 653 951 728 73,
981 647 1069 730 quod
1098 669 1172 713 cum
1201 649 1322 712 iactum
1348 648 1393 710 sit
1413 647 1575 732 paschate,

260 737 356 818 ignitur
377 743 453 802 ante
474 737 669 821 baptismum
691 743 775 802 esset
794 738 925 802 sactum.
960 738 1094 816 Teneor,
1118 737 1275 818 corrigam
1294 742 1328 801 et
1343 735 1428 800 dabo
1450 741 1575 820 tenpus

260 826 359 910 paulo
389 826 526 910 amphus
556 827 748 890 concoctioni
777 828 932 890 metense
960 825 1002 890 ad
1029 831 1230 890 structuram
1259 823 1381 909 templi.
1426 825 1476 890 Tu
1503 845 1576 888 vero

259 923 372 979 matra
387 916 466 994 ride,
488 920 526 979 nt
539 913 624 979 huno
643 915 718 980 mihi
740 915 860 980 nodum
882 915 1004 980 solvus:
1027 913 1210 979 sidouunes
1227 918 1279 978 73.
1293 913 1453 978 Januario
1474 914 1576 994 coepit

261 1005 433 1088 baptisare,
458 1003 617 1087 quomodo
640 1003 785 1068 tlrristus
807 1004 917 1067 mutim
941 1011 970 1069 u.
993 1003 1068 1068 Jan.
1092 1003 1185 1068 affuit
1206 1004 1291 1066 inter
1312 1003 1411 1066 totius
1432 1000 1577 1066 iudaeae

259 1094 405 1157 incolas?
427 1093 541 1176 ltaque
562 1091 715 1170 delssiera
738 1115 779 1157 an
801 1093 880 1156 velis
902 1113 1026 1158 mecum
1048 1094 1163 1170 dicere,
1186 1091 1344 1156 Joaunem
1365 1091 1575 1174 incepissem

259 1183 340 1245 testo
363 1181 551 1265 expiationis
574 1181 624 1245 rel
646 1183 743 1245 etiam
765 1189 854 1258 aute,
877 1189 1001 1246 aestate
1026 1189 1134 1246 tamen
1157 1190 1247 1252 (narn
1275 1181 1372 1244 mium
1394 1181 1429 1242 in
1451 1178 1576 1243 Judaea

260 1291 367 1334 mense
387 1269 544 1336 ianuario
574 1269 706 1334 sedetur
735 1270 823 1354 apud
852 1291 992 1354 prunas,
1023 1276 1061 1334 ut
1091 1275 1141 1333 est
1166 1270 1199 1334 in
1221 1269 1381 1348 deremia;
1411 1290 1475 1332 non
1503 1289 1576 1331 vero

259 1359 348 1442 apud
386 1361 529 1443 copiosas
566 1379 669 1440 aquas
706 1357 938 1438 Bethabarae);
975 1359 1137 1424 Christum
1172 1357 1345 1423 Novembri
1383 1357 1577 1440 baptizatum

260 1467 344 1512 armo
367 1451 427 1527 73,
457 1455 494 1512 ut
524 1447 592 1511 vult
622 1447 836 1530 Epiphanius;
866 1449 977 1531 itaque
1003 1447 1068 1511 tria
1092 1447 1197 1511 solnm
1228 1453 1334 1511 essent
1362 1446 1522 1528 paschata
1545 1447 1575 1508 in

261 1537 443 1618 Evangelio,
467 1541 520 1601 74.
545 1541 597 1600 75.
623 1541 675 1599 76.
698 1557 826 1600 rursum
848 1556 922 1599 cnm
943 1536 1133 1626 Epiphanio.

338 1649 364 1701 J.
388 1647 583 1702 Decherius
608 1647 702 1718 pergit
721 1651 808 1717 (Epist.
827 1651 922 1716 mil:
957 1649 994 1702 Et
1023 1647 1151 1718 qnoniam
1176 1645 1203 1700 id
1227 1645 1367 1716 proprium
1392 1653 1436 1699 est
1462 1645 1574 1698 chrunu-

260 1727 361 1798 lagiae,
383 1733 413 1780 ut
434 1744 518 1790 error,
538 1728 585 1797 qui
604 1729 719 1781 obscure
741 1729 810 1781 latet
830 1727 857 1780 iu
877 1727 1017 1798 principio,
1038 1747 1068 1780 se
1087 1726 1233 1780 manifeste
1252 1728 1352 1796 prodat
1372 1726 1399 1780 iu
1414 1741 1576 1796 progressu:

260 1809 378 1876 agedum
404 1808 470 1860 illud
496 1824 602 1878 quoque
627 1807 670 1860 hic
686 1806 774 1860 obiter
799 1807 953 1860 indicemus.
1002 1809 1063 1861 Tua
1086 1808 1173 1860 verba
1192 1813 1256 1860 snut
1274 1823 1340 1877 pag.
1363 1806 1409 1860 3³.
1436 1809 1473 1876 (p.
1502 1809 1577 1873 197);

263 1889 356 1946 ,nulla
379 1885 561 1942 haesitatione
586 1889 727 1949 contendo,
751 1889 887 1941 Herodem
907 1887 1007 1940 obiisse
1027 1901 1097 1940 anno
1119 1887 1165 1940 42.
1187 1887 1305 1949 Juliano.
1333 1903 1404 1939 auno
1424 1901 1479 1938 uuo
1501 1885 1577 1936 citius

260 1983 341 2038 quam
367 1965 490 2038 Sn'nlyga
514 1965 610 2020 dixic.“
653 1968 771 2020 Rursum
797 1967 915 2020 adstruis
941 1969 1066 2028 alterrnn,
1093 1969 1164 2038 quod
1191 1973 1220 2020 et
1246 1981 1300 2036 ego
1326 1965 1416 2019 fateor
1441 1965 1502 2017 sine
1522 1967 1578 2018 ulla

260 2044 430 2100 dubitatione
456 2063 562 2100 rerum:
595 2047 747 2110 „Herodem
774 2063 874 2100 aunum
893 2063 975 2100 unurn
996 2053 1025 2099 et
1043 2049 1127 2116 paulo
1147 2045 1263 2116 amplius
1284 2045 1470 2115 supervixisse
1491 2043 1577 2097 natali

253 2125 386 2180 turtur
428 2125 496 2180 Cum
521 2145 585 2180 reru
612 2129 683 2196 apud
710 2127 866 2180 dialecticos
893 2143 929 2180 ex
956 2135 1074 2198 utraqrm
1093 2127 1245 2197 praemissu
1265 2125 1421 2179 indubitata
1441 2124 1577 2178 conclusio

260 2205 342 2260 etium
374 2213 505 2276 aequatur
530 2206 698 2268 indubitata,
728 2223 894 2278 consequens
920 2207 1074 2260 necessario
1099 2212 1157 2268 est,
1187 2213 1219 2259 ιιι
1244 2207 1280 2260 sit
1306 2205 1364 2258 sine
1389 2204 1473 2258 dnbio
1498 2211 1578 2256 uatus

260 2286 383 2339 Christus
408 2303 444 2340 ex
469 2293 520 2339 tna
544 2285 680 2340 sententia
705 2303 776 2340 auno
802 2289 848 2341 40.
874 2287 997 2348 Juliuno;
1028 2293 1111 2356 atque
1131 2287 1185 2340 hue
1205 2294 1256 2340 tua
1275 2285 1363 2355 Sylva
1382 2285 1522 2344 collineat,
1548 2291 1578 2336 nt

258 2367 433 2435 persuadeat.
474 2365 536 2420 Jarn
560 2366 622 2419 ride
648 2365 710 2438 quid
732 2357 875 2436 sequatur:
903 2366 1039 2420 Christum
1059 2365 1217 2420 crucifixum
1237 2365 1322 2418 fuisse
1342 2381 1412 2418 anuo
1434 2365 1471 2425 ab
1492 2364 1576 2416 iucar-

260 2445 370 2500 natiune
396 2445 691 2517 undequadragesimo;
719 2445 850 2516 siquidem
874 2445 1025 2500 incarnatio
1052 2445 1129 2499 facta
1155 2445 1238 2498 luerit
1264 2446 1309 2498 die
1334 2445 1380 2498 25.
1400 2443 1495 2498 hlurtii
1516 2443 1577 2496 anui

260 2527 306 2580 40.
331 2525 442 2586 Juliani,
469 2533 501 2579 nt
525 2525 599 2588 dicis,
626 2533 654 2578 et
680 2525 817 2580 crucifixio
844 2525 1096 2594 assumserunt
1119 2525 1164 2580 78.
1186 2524 1302 2580 Juliani:
1330 2524 1390 2596 quis
1410 2531 1468 2577 taur
1488 2524 1577 2576 valido

260 2606 408 2668 stomacho,
430 2613 460 2658 nt
481 2605 535 2658 ista
554 2607 705 2676 decoquat?

347 2695 536 2782 Keplerus
558 2719 643 2780 resp.
668 2705 792 2774 (urnula
809 2705 893 2772 xxi:
920 2693 1044 2780 Pagina
1068 2699 1117 2762 33.
1169 2699 1242 2764 utus
1264 2715 1316 2762 me
1338 2695 1416 2761 mihi
1436 2693 1500 2778 ipsi
1522 2695 1576 2760 ad·

259 2788 393 2864 versari,
422 2787 485 2852 imo
506 2787 566 2852 tibi
587 2786 704 2865 fateor,
728 2785 755 2851 si
777 2786 939 2864 Christus,
963 2793 1000 2850 ιιι
1022 2719 1196 2868 contendo,
1224 2791 1322 2850 natus
1345 2791 1395 2852 cst
1416 2805 1504 2850 anno
1527 2789 1577 2847 40.

259 2881 404 2955 exeunte,
425 2895 539 2958 passus
562 2897 634 2940 vero
657 2875 853 2940 concedatur
877 2879 929 2938 78.
951 2874 1124 2958 paschate,
1153 2895 1268 2958 passus
1296 2873 1395 2957 igitur
1418 2879 1482 2943 est,
1507 2894 1579 2936 eum
1667 2952 1670 2960 ι

260 2971 344 3027 esset
366 2985 467 3029 anuos
483 2970 580 3028 natus
598 2969 649 3042 37,
672 2964 838 3030 inchoaret
852 2984 973 3028 annum
990 2968 1043 3042 38,
1065 2985 1130 3029 non
1145 2969 1182 3028 nt
1197 2971 1235 3027 ιιι
1254 2961 1375 3045 colligis
1393 2965 1434 3027 39
1452 2961 1578 3044 (obiter,

262 3051 570 3117 50annosuondu1n
585 3052 695 3132 trabes,
719 3073 761 3116 an
776 3052 836 3117 hoc
851 3052 936 3117 idern
951 3052 995 3116 ait
1009 3073 1065 3117 ac:
1085 3051 1264 3136 jubilaeum
1281 3051 1423 3116 nondum
1444 3049 1579 3116 habes'?l

261 3141 322 3205 Sed
345 3141 386 3205 de
410 3142 501 3206 anuis
523 3143 681 3226 passionis
704 3147 752 3206 est
774 3141 839 3206 alia
860 3139 1018 3224 quaestio.
1052 3147 1093 3210 (In
1111 3153 1241 3217 munuc:
1263 3155 1362 3224 nsque
1382 3151 1442 3222 jam
1469 3153 1579 3208 almeri

260 3235 296 3288 ab
317 3251 388 3288 uonu
410 3237 454 3290 78.
476 3241 505 3288 et
525 3235 659 3289 assentior
680 3233 718 3289 illi
739 3237 773 3288 de
796 3251 866 3324 unnp
889 3229 945 3298 76.)

340 3334 365 3386 J.
386 3333 581 3387 Decherius
600 3331 694 3403 pergit
717 3333 806 3402 (Epist.
825 3333 916 3400 xlx.):
958 3331 1071 3394 Rursus,
1097 3333 1168 3404 quod
1194 3333 1290 3385 ecdem
1313 3331 1433 3400 pertinet
1453 3347 1513 3402 pag
1536 3333 1578 3385 ll.

262 3415 298 3484 (p.
327 3415 396 3480 182.)
421 3413 538 3483 Sylrue,
569 3414 691 3466 Herodes
713 3429 783 3465 auno
804 3413 850 3466 42.
872 3413 982 3466 Julianu
1003 3411 1103 3466 obiisse
1124 3411 1264 3475 asseritur,
1286 3417 1315 3464 et
1334 3410 1488 3466 Archelaus
1510 3427 1578 3464 annu

262 3492 309 3554 51.
330 3494 497 3546 tetrarchiae
517 3509 584 3545 suae
605 3493 717 3554 decimo,
738 3494 866 3562 depulsus
887 3490 1045 3545 tetrarchia
1086 3489 1170 3562 Atqui
1190 3508 1258 3544 rera
1278 3490 1368 3544 omnia
1388 3491 1460 3544 illico
1481 3492 1579 3543 cohae-

261 3579 323 3627 rent
343 3571 414 3626 retis
435 3580 464 3625 et
483 3578 640 3642 repugnant
660 3571 745 3627 falsis.
788 3571 864 3633 Quod
886 3571 924 3624 sie
944 3571 1071 3624 ostendo:
1093 3579 1239 3641 antequem
1254 3573 1404 3640 pelleretur
1417 3571 1579 3628 Archelaus,

250 3652 407 3728 ‘Glaphyro
426 3669 497 3707 uxor
518 3652 577 3721 ejus
598 3651 681 3706 etiam
702 3657 809 3705 mortua
830 3657 898 3714 eret,
920 3650 960 3704 uti
978 3657 1072 3706 notum
1086 3657 1129 3704 est
1143 3669 1180 3704 ex
1194 3651 1323 3721 losepho,
1344 3649 1465 3719 Josippu,
1486 3652 1578 3720 Hege-

261 3732 337 3801 nlppc
358 3739 410 3786 etc.
450 3737 523 3790 Ante
544 3733 619 3786 illaru
638 3746 713 3793 reru,
740 3730 792 3786 imo
819 3731 976 3803 priusquam
995 3732 1114 3785 nuberet
1132 3731 1278 3794 Archelao,
1303 3738 1425 3784 mortuus
1446 3739 1511 3784 erut
1529 3747 1579 3783 rex

263 3813 345 3873 Juba,
365 3815 498 3866 secundus
520 3811 592 3866 illius
612 3811 740 3880 conjunx,
762 3811 802 3864 nti
823 3817 961 3865 testantur
981 3818 1107 3864 auctores
1127 3811 1322 3880 praeallegati.
1351 3811 1428 3864 h'unc
1449 3812 1580 3864 adeamus

260 3893 376 3947 lliuuem
403 3892 449 3946 lib.
477 3894 523 3948 55.
554 3899 584 3946 et
608 3892 709 3946 Jubaur
735 3907 805 3946 anuo
833 3892 922 3944 adhuc
942 3891 989 3945 illc
1011 3893 1058 3946 bl.
1078 3889 1188 3945 Juliauo
1208 3891 1382 3960 superstitem
1401 3891 1578 3958 reperiemus

261 3973 397 4026 Concludu
428 3972 535 4044 itaque,
570 3988 623 4028 uon
647 3972 769 4041 putuisse
794 3970 924 4026 Archelai
951 3969 1078 4034 exilium,
1108 3988 1196 4042 neque
1221 3971 1293 4024 forte
1318 3970 1428 4040 nuptias
1455 3969 1529 4024 illins
1554 3979 1581 4022 et

261 4053 422 4122 Glaphyrae
449 4059 514 4106 ante
541 4053 587 4108 52.
615 4068 715 4106 aunum
735 4051 874 4106 lulianum
901 4049 1056 4120 contigisse.
1097 4051 1222 4122 usquo
1249 4067 1342 4104 rursus
1368 4050 1502 4120 sequitur,
1527 4067 1580 4104 nou

261 4149 321 4184 esse
342 4149 443 4194 rerum,
465 4134 535 4204 qnod
557 4134 632 4188 nulla
652 4131 835 4184 haesitatione
856 4131 995 4192 asseritur,
1023 4131 1160 4184 Herodem
1180 4129 1279 4184 obiisse
1300 4145 1370 4184 auno
1391 4129 1438 4184 42.
1461 4128 1580 4190 Juliano.

260 4211 324 4282 quin
344 4213 433 4284 potius
454 4227 548 4266 rerum
568 4218 618 4274 est,
640 4214 712 4283 quod
732 4211 851 4264 defendit
872 4213 1003 4280 Suslyga‚
1024 4210 1123 4264 obiisse
1143 4211 1278 4264 Herodem
1299 4225 1370 4262 anno
1391 4210 1438 4264 43.
1461 4209 1580 4263 Juliano.

348 4287 536 4373 Keplerup
552 4309 638 4371 resp.
656 4293 779 4362 (Epistola
800 4296 883 4358 xxo:
908 4284 1029 4366 Pagina
1047 4290 1098 4364 ll,
1114 4305 1198 4367 quae
1214 4284 1290 4349 mihi
1306 4283 1419 4352 videris
1431 4281 1579 4368 objicere,

259 4373 353 4440 Dioni
383 4375 502 4461 objicis.
547 4375 630 4441 Dion
661 4382 725 4450 est,
758 4375 812 4458 qui
843 4373 953 4440 eodem
983 4395 1068 4438 anno
1097 4378 1130 4437 et
1155 4371 1275 4438 «Iubam
1304 4373 1425 4437 habere
1454 4373 1581 4438 ridetur

259 4466 464 4548 superst'tem
495 4469 529 4529 et
556 4463 749 4530 Archelaum
779 4462 965 4544 relegatum.
1010 4461 1117 4544 Negas
1146 4466 1182 4526 tn
1210 4481 1295 4527 anuo
1320 4467 1371 4528 51.
1402 4461 1579 4544 relegatum

259 4551 476 4619 Archelaum?
502 4553 623 4636 negabo
648 4573 705 4636 ego
728 4573 812 4618 anno
836 4557 887 4616 51.
911 4551 1007 4617 fuisse
1035 4551 1239 4634 superstitem
1261 4551 1397 4617 iubam:
1426 4551 1579 4632 utrinqne

259 4640 298 4704 de
322 4641 432 4708 Diouis
459 4645 543 4708 corio
570 4643 704 4708 luditur.
752 4641 872 4706 Verum
899 4661 964 4706 nou
992 4661 1050 4722 ego
1075 4641 1228 4705 adversor
1256 4639 1362 4705 Dioni.
1408 4641 1500 4704 Anno
1527 4643 1577 4704 51.

260 4731 382 4796 Cornei.
420 4732 536 4796 Cossus
572 4731 660 4796 victis
693 4731 816 4796 Getulis
853 4729 1047 4814 triumphum
1080 4735 1110 4793 e't
1143 4749 1254 4794 nomen
1287 4727 1422 4796 Getulioi
1453 4727 1575 4791 meruit.
