3390 5542
572 243 751 298 Sterecmeuia
769 245 835 296 Delii
855 246 988 296 Austriaei.

444 389 497 484 De
518 419 612 502 sirpo
634 421 743 486 cubico
765 401 896 502 ejusmce
918 419 1117 486 certitudine.

621 507 800 576 Theorema
822 507 935 574 xxii.

115 587 161 656 Ia
183 589 289 672 doliis,
313 613 392 676 proc
413 601 489 660 suot
510 597 593 661 iuter
613 619 646 663 se
667 605 791 682 liparae
813 599 940 674 siuriiis,
971 597 1136 678 proportio
1160 597 1374 678 copoeitotnm
1396 601 1443 660 eat

117 682 221 762 triplo
254 682 299 746 ad
325 686 561 766 proportionem
590 687 721 752 illarum
752 687 993 772 loupitudiunm,
1030 707 1111 768 quoe
1140 691 1214 774 suut
1248 687 1287 750 cl
1321 685 1442 767 orificio

330 791 450 838 scornio
473 775 517 838 od
537 776 634 840 iorum
657 777 772 841 calcem
796 777 985 841 alterutrius
1010 775 1095 840 orbis
1117 775 1225 858 liprrei.

210 873 282 942 Sint
313 877 400 945 dolia
433 877 576 946 diremae
610 883 731 966 magni·
1054 877 1145 932 emas

8 975 10 978 ’
118 964 253 1044 tudinis,
264 968 368 1050 specie
376 967 730 1050 mdcmsonrnocz,

115 1075 260 1136 quorum
290 1055 412 1121 crificia
443 1059 479 1136 0,
508 1061 554 1138 A,
585 1059 733 1126 diametri

115 1141 245 1208 orbium
268 1144 442 1226 ligneorum
454 1145 526 1227 Qli,
549 1146 597 1212 ST
618 1156 651 1214 et
666 1151 730 1227 GC,
802 1181 828 1204 -·

118 1229 187 1310 XZ,
210 1251 383 1316 eorumque
405 1237 472 1300 ima
486 1235 523 1314 T,
545 1234 575 1299 Κ
594 1236 731 1318 etZ,C;

118 1319 338 1402 longitudines
369 1319 443 1401 OK,
479 1321 533 1388 OT
567 1324 730 1408 aequales,
874 1331 907 1390 cs
928 1368 946 1415 3

119 1409 168 1472 sic
192 1415 225 1474 et
246 1411 311 1490 AO,
328 1411 388 1475 ΑΖ.
423 1412 511 1492 Βίου,
537 1415 733 1497 capacitates
777 1403 946 1516 'un

116 1497 279 1562 doliorum
310 1521 379 1564 esse
408 1501 442 1564 in
469 1503 568 1584 tripli
597 1523 731 1588 propor-
808 1519 946 1625 mu

116 1586 572 1670 tionelongitudinisOK,AC.
586 1594 733 1675 Agantur
785 1621 808 1678 p·
869 1635 887 1672 γ

117 1676 204 1740 enim
234 1698 294 1760 per
326 1677 371 1756 0,
402 1680 431 1742 A
460 1680 558 1762 plana
581 1679 655 1761 OV,
678 1680 733 1744 AY

117 1763 282 1846 parallela
304 1763 435 1831 orbibus
462 1768 586 1851 ligneis,
616 1774 647 1833 et
669 1770 733 1834 sint

119 1851 184 1917 duo
196 1853 303 1918 munci
316 1857 415 1919 conici
427 1855 476 1921 SV
487 1865 520 1922 et
534 1857 600 1938 VQ,
618 1855 664 1923 sic
676 1855 732 1922 ΧΥ
758 1874 762 1887 ’
847 1873 852 1886 ·

116 1950 151 2005 et
168 1939 226 2007 YG
240 1942 322 2007 inter
337 1961 370 2008 se
384 1944 512 2010 similes.
536 1945 623 2024 Quae
633 1947 729 2028 igitur

115 2029 157 2094 de
175 2032 384 2113 proportione
403 2033 606 2100 dimidiarum
626 2036 784 2101 doliorum
803 2037 879 2097 sunt
902 2053 988 2112 vera,
1018 2031 1074 2097 illa
1093 2029 1190 2094 etiam
1211 2028 1251 2093 de
1271 2024 1444 2112 duplicatis

116 2125 212 2182 erunt
222 2139 309 2183 uera.
341 2119 411 2187 Sint
421 2123 518 2205 igitur
529 2124 714 2208 propositae
730 2122 850 2205 figurae
862 2119 983 2197 ovKQ.
1003 2119 1112 2185 AYCG
1125 2119 1224 2187 corrioi
1240 2119 1346 2182 trunci
1364 2117 1443 2180 sint·

117 2227 183 2290 que
199 2206 303 2272 latera
318 2207 493 2292 figurarum
510 2211 573 2292 OQ,
592 2213 660 2293 VK,
676 2219 708 2276 et
723 2213 791 2292 AG,
813 2209 875 2291 YC;
891 2209 1039 2274 diametri
1056 2207 1181 2273 basium
1197 2207 1356 2271 minorum
1374 2203 1441 2285 Qh',

117 2297 186 2376 (te,
200 2294 350 2362 diametri
359 2297 484 2363 basium
496 2304 656 2384 maj0rum
668 2301 733 2379 OV,
752 2299 821 2378 nY3
834 2307 866 2364 et
879 2296 1001 2378 OQKV,
1015 2297 1125 2363 AGUY
1140 2296 1296 2361 sectiones
1312 2291 1440 2386 quadri·

115 2384 244 2450 laterae
255 2385 431 2469 figurarum
442 2409 683 2472 persenseras,
696 2385 903 2454 similesinter
911 2409 955 2466 se,
970 2407 1142 2478 earumque
1154 2385 1292 2467 diagonii
1302 2380 1367 2451 ΟΚ,
1377 2382 1441 2446 ΑΟ.

212 2473 297 2556 Ergo
320 2495 393 2540 cum
415 2474 539 2558 figurae
560 2479 677 2543 similos
699 2479 764 2542 sint
785 2477 828 2542 ad
850 2477 1040 2542 seinvicem
1061 2475 1093 2540 in
1117 2473 1215 2557 tripla
1237 2473 1444 2556 proportione

117 2561 334 2644 analcgorum
356 2564 505 2637 laterum
530 2567 591 2631 erit
613 2566 829 2652 proportionis
843 2567 902 2631 AG
927 2563 1038 2633 lateris
1058 2562 1100 2627 ad
1116 2561 1171 2640 OQ
1194 2562 1290 2638 latus,
1314 2566 1373 2624 aut
1387 2557 1443 2624 Gc

116 2649 272 2715 diametri
286 2653 329 2716 ad
344 2651 400 2729 QK
420 2654 624 2735 diametrum,
647 2655 746 2738 tripla
769 2655 936 2738 proportio
953 2652 1008 2718 GY
1024 2651 1167 2736 corporis
1182 2651 1223 2714 ad
1237 2647 1290 2727 Qt'
1315 2669 1443 2732 corpus.

115 2743 160 2805 At
183 2739 217 2804 in
241 2739 348 2822 figrnr'c
375 2742 480 2826 planis
508 2742 660 2810 trilateris
682 2744 767 2810 Aac
795 2749 828 2806 et
851 2742 937 2822 OQK
960 2740 1129 2822 similibus,
1160 2745 1196 2804 ut
1219 2740 1272 2804 GC
1300 2737 1343 2802 ad
1365 2758 1441 2801 ana-

114 2827 226 2912 logum
250 2827 322 2908 QK,
350 2831 400 2896 vel
426 2837 463 2897 ut
484 2831 540 2898 AG
570 2834 611 2898 ad
640 2833 810 2915 analogum
838 2831 908 2911 OQ,
936 2832 980 2894 sic
1007 2831 1104 2894 etiam
1132 2827 1297 2910 diagonios
1321 2827 1376 2893 Ac
1399 2825 1442 2890 ad

115 2915 275 3000 analogon
302 2917 472 3002 diagonicn
496 2919 561 2986 OK.
609 2927 715 3002 Quare
738 2922 832 2986 etiam
855 2919 1071 3004 promiti-nis
1093 2917 1147 2983 AC
1170 2915 1377 2998 longitudinis
1399 2913 1442 2978 ad

116 3003 176 3068 01(
199 3004 431 3088 longitudinem
463 3011 562 3095 tripla
589 3019 637 3076 est
663 3011 828 3094 proportio
852 3009 907 3076 uY
937 3008 1080 3091 corporis
1102 3006 1144 3070 ad
1169 3005 1223 3084 ω’
1252 3024 1384 3087 corpus:
1409 3008 1442 3068 et

114 3094 163 3158 sie
191 3095 288 3160 etiam
310 3097 407 3162 totius
431 3097 483 3163 Gt
507 3099 583 3165 dolii
606 3099 649 3164 ad
672 3106 775 3165 totum
798 3097 852 3174 QT
874 3097 1003 3164 dolium.

209 3187 487 3247 Corollariumh
517 3201 552 3248 et
576 3199 759 3248 structura
787 3193 921 3264 virgae.
967 3189 1142 3246 Manifestum
1161 3187 1225 3240 hinc
1245 3192 1296 3248 est,
1317 3185 1339 3240 si
1359 3185 1443 3256 virga

115 3268 257 3323 mensoria
287 3271 425 3324 dividatur
455 3273 482 3325 in
511 3281 606 3342 partes
636 3275 766 3344 aequales
795 3281 902 3334 tantas,
931 3279 964 3324 nt
992 3269 1080 3340 prima
1104 3277 1134 3321 et
1161 3268 1252 3322 infima
1278 3267 1385 3320 illarum
1406 3266 1442 3318 sit
1465 3335 1471 3346 Ι

22 3393 27 3402 .
115 3348 263 3418 longitudo
293 3351 345 3404 01(
375 3351 482 3414 delicti,
508 3355 580 3423 quod
606 3353 681 3422 capit
707 3353 865 3422 amphoram
895 3367 989 3412 unam,
1020 3350 1054 3402 ad
1086 3347 1209 3418 singulas
1236 3363 1301 3399 rerc
1321 3344 1442 3414 part-ium
1555 3345 1562 3359 ¹

116 3429 275 3498 aequalium
296 3429 461 3499 adJiciantur
481 3432 594 3494 numeri,
616 3433 661 3502 qui
682 3439 746 3486 sunt
767 3433 838 3486 iuter
858 3448 888 3484 se
909 3431 935 3488 in
962 3429 1102 3498 triplicata
1121 3427 1295 3496 proportione
1316 3441 1440 3480 numero·

115 3523 179 3561 rum
199 3507 519 3581 divisionisaequabilis,
540 3511 665 3566 nimirum
686 3514 720 3564 nd
741 3513 819 3566 tinem
847 3511 951 3580 primae
971 3508 1058 3578 partis
1079 3507 1178 3570 unitas,
1200 3508 1234 3558 ad
1255 3508 1335 3559 tinem
1354 3505 1441 3574 parti·

115 3603 163 3640 um
185 3587 202 3642 2
224 3603 352 3642 numerus
382 3590 410 3654 8,
440 3591 515 3645 add
545 3607 672 3645 numerus
703 3591 749 3652 ut.
776 3588 1122 3649 monumentisque
1145 3588 1161 3640 5
1184 3602 1311 3640 numerus
1335 3587 1389 3640 125
1412 3591 1443 3638 et

116 3667 157 3719 sic
185 3675 395 3738 consequenter:
423 3677 454 3724 et
478 3671 582 3725 numeri
604 3670 709 3742 reliqui,
738 3670 784 3741 qui
811 3672 913 3723 cadunt
933 3667 1005 3721 inter
1024 3667 1074 3720 hos
1094 3665 1211 3744 urbicos,
1235 3665 1394 3720 ordinentur
1414 3664 1441 3718 in

115 3747 210 3815 spatia
239 3747 413 3812 intermedia,
443 3749 481 3804 sic
502 3759 534 3803 ut
559 3767 623 3820 pars
650 3752 771 3804 secunda
791 3749 981 3802 subdividatur
1006 3747 1033 3800 in
1050 3747 1200 3814 particulas
1228 3747 1244 3800 ‘l
1273 3745 1356 3808 alias,
1387 3761 1441 3798 non

116 3827 263 3896 aequales,
280 3829 327 3882 ssd
348 3830 575 3899 proportionales,
597 3829 695 3901 quibus
716 3829 816 3899 apponi
842 3829 947 3898 possint
967 3826 1070 3880 numeri
1092 3827 1118 3888 2,
1141 3825 1167 3888 3¹,
1188 3825 1215 3886 4.
1237 3827 1263 3888 5.
1286 3829 1312 3888 6,
1335 3827 1361 3888 7,
1384 3839 1440 3876 ms·

115 3907 154 3959 dii
180 3906 251 3960 inter
280 3909 293 3962 1
318 3915 347 3962 et
371 3909 398 3972 8,
428 3917 458 3962 et
483 3909 521 3962 sio
542 3912 576 3963 de
597 3909 708 3972 ceteris:
734 3912 814 3980 quod,
836 3907 964 3979 virgeio
985 3905 1158 3960 doliumrite
1179 3905 1304 3963 hnmissa,
1324 3903 1440 3964 numeri,

115 3987 151 4039 ad
173 4003 240 4057 quos
261 4003 347 4058 usque
366 3982 502 4060 pertingit
522 3989 635 4043 interior
655 3989 769 4044 tabulae
794 3988 950 4059 superficies
977 3987 1009 4047 O,
1029 3991 1063 4048 Α,
1083 3985 1214 4054 principio
1235 3986 1333 4055 virgae
1354 3983 1380 4037 in
1402 3983 1440 4044 K,

115 4067 136 4119 C
168 4068 214 4120 rel
243 4068 273 4130 T,
303 4069 325 4120 Z
355 4076 455 4133 stante,
485 4069 541 4124 sint
570 4069 671 4124 indices
701 4069 906 4138 amphorarum,
936 4083 1005 4138 quas
1025 4066 1100 4134 capit
1125 4065 1233 4128 dolium,
1256 4061 1439 4133 proportionis
1499 4075 1501 4080 ·

114 4143 242 4200 nimirum
263 4146 331 4216 ejus,
352 4163 434 4219 quam
454 4149 541 4202 habet
561 4150 670 4212 dolium,
691 4149 768 4202 verbi
789 4165 875 4202 causa
894 4149 940 4201 GZ
967 4149 1001 4200 ad
1023 4145 1122 4200 dolium
1133 4146 1179 4207 QT
1193 4145 1340 4213 amphorae
1350 4141 1438 4194 unius.

206 4226 446 4282 Corollarium
465 4230 500 4284 11.
540 4229 645 4283 Eodem
665 4229 763 4284 recidit
780 4245 835 4290 res,
856 4230 927 4299 quod
951 4225 1060 4298 quidam
1080 4226 1107 4281 iu
1127 4225 1266 4294 triangulo
1286 4221 1358 4278 AGC
1388 4237 1438 4289 prc

113 4307 205 4360 latere
225 4307 272 4362 AC
293 4308 442 4362 metiuntur
462 4311 579 4364 laterum
600 4310 659 4371 AG,
681 4309 727 4363 GC
742 4324 882 4371 summam,
902 4324 952 4378 pro
972 4307 1055 4377 virga
1069 4305 1313 4374 circumgestantss
1328 4299 1439 4355 limbum

115 4403 152 4440 ex
180 4403 352 4458 pergamena
378 4390 566 4450 convolutum,
594 4388 787 4458 amphorarum
814 4405 939 4442 numeros
971 4388 1068 4440 cedem
1086 4388 1152 4454 lege
1173 4383 1341 4450 inscriptum,
1362 4379 1438 4450 cujus

114 4467 219 4520 evoluti
244 4466 404 4537 principium
432 4471 505 4539 apud
532 4470 635 4524 calcem
661 4467 680 4520 C
702 4469 833 4538 affigunt,
854 4467 1049 4539 longitudinem
1074 4465 1131 4518 aC
1154 4463 1180 4516 in
1201 4463 1225 4516 (t
1246 4469 1275 4515 et
1297 4476 1378 4530 porro
1402 4461 1438 4514 ad

113 4547 329 4608 uexandum,
356 4549 390 4600 de
414 4555 482 4602 ncta
507 4548 582 4619 ejus,
609 4565 680 4618 quae
707 4547 835 4618 tetigerit
858 4555 988 4618 punctum
1013 4551 1046 4610 Δ,
1067 4541 1277 4614 pronunciantes
1298 4557 1438 4593 numerum

114 4627 316 4696 amphorarum.
362 4627 433 4682 Nam
458 4627 590 4699 marginis
618 4629 689 4698 apud
717 4629 742 4680 G
768 4635 973 4697 procurrentem
1000 4623 1206 4696 longitudinem,
1227 4628 1256 4675 et
1275 4621 1438 4674 circulorum

113 4705 283 4778 ligneorum,
309 4705 452 4760 viminibus
477 4708 672 4770 reductorum,
700 4708 912 4780 tabularumque
939 4715 982 4780 et·
995 4705 1067 4758 orbis
1093 4701 1180 4772 lignei
1207 4699 1253 4754 GC
1275 4701 1437 4764 crassitiem,

113 4803 195 4856 quam
217 4787 419 4855 amplectuntur
439 4787 623 4844 cucumductu
643 4787 727 4853 limbi,
747 4795 971 4860 praesupponunt
991 4800 1041 4856 per
1061 4782 1152 4838 omnia
1171 4782 1245 4837 dolia
1265 4779 1388 4838 similem.
