3390 5542
290 245 351 306 596
746 243 938 294 stereometrles
955 243 1136 294 Amhimedeee

288 417 431 501 perhola,
444 413 512 482 11¹1·
536 414 684 500 ellipsis),
696 419 785 502 cujus
800 416 869 482 airis
883 415 932 494 OI,
945 415 1131 482 etsectionis
1143 415 1228 482 OON
1240 414 1369 502 dimldio
1381 413 1436 481 ΟΝ
1448 415 1535 480 circa
1546 415 1602 481 ΟΥ

288 506 480 572 immobilem
503 508 704 584 circumatto,
728 507 772 570 sic
795 513 832 570 ut
854 515 1008 590 punctum
1031 507 1177 570 sectionis
1199 507 1228 570 N
1248 511 1385 583 mancat,
1411 504 1527 570 Crero
1551 527 1605 588 per

289 597 305 660 1
334 602 496 674 trauseat,
532 600 678 660 creatum
707 595 902 684 intelligatur
931 595 1043 678 pruni,
1079 595 1181 660 olivae
1211 593 1262 658 vel
1283 593 1346 659 iusi
1367 592 1466 658 OONI
1490 613 1605 676 corpus

290 685 454 748 dimidium
485 682 571 762 CIN3
604 682 714 746 eodem
744 683 892 747 sectionis
923 683 1053 748 diuudio
1084 683 1138 748 ΟΝ
1160 683 1246 748 circa
1269 681 1309 747 CI
1330 682 1524 746 immobilem
1545 683 1606 746 cir·

277 779 444 851 cruuacto,
469 773 514 838 sio
537 778 575 836 ut
599 771 623 837 Ο
645 778 792 836 manente
814 771 844 836 N
863 793 920 855 per
942 771 1139 852 Otrenseat,
1164 778 1308 836 creatum
1328 771 1522 852 intelligatur
1538 791 1606 852 seg·

291 867 431 926 mentum
461 859 657 944 sphaeroidis
688 867 747 925 aut
776 861 916 926 concidis
947 859 1046 938 OON,
1085 862 1203 926 vertice
1233 859 1267 940 Ο,
1298 859 1367 924 basi
1389 859 1508 924 circulo
1533 859 1606 922 ON:

291 951 369 1028 dico,
404 949 432 1012 si
461 969 527 1032 qua
555 948 640 1014 linea
662 954 776 1032 tangat
797 949 968 1014 sectionem
990 949 1040 1014 vel
1062 931 1199 1014 solidum
1222 949 1256 1014 in
1278 947 1306 1012 N
1328 949 1378 1013 rel
1400 948 1427 1012 O
1448 947 1605 1019 terminia,

289 1039 347 1102 illa
372 1037 457 1102 linea
487 1056 583 1102 conos
613 1037 693 1102 duos
723 1039 864 1120 proxime
892 1039 974 1104 tales
1005 1039 1117 1116 creari,
1143 1036 1383 1102 cucumactihus
1404 1036 1529 1113 iisdem
1554 1035 1608 1118 qui

286 1131 353 1213 jam
375 1133 448 1192 sunt
470 1126 559 1204 dicti,
588 1131 625 1190 ut
655 1127 688 1190 in
714 1127 753 1190 iis
781 1127 867 1191 conis
895 1127 972 1192 insit
998 1128 1163 1210 proportio
1189 1127 1310 1192 dimidii
1335 1127 1478 1210 corporis
1502 1123 1606 1208 pruni,

291 1216 394 1282 olivae
431 1215 482 1280 vel
514 1213 576 1280 hisi
610 1213 679 1280 CIN
712 1215 755 1280 ad
788 1211 984 1297 segmentum
1018 1215 1215 1298 sphaeroidis
1248 1221 1307 1278 aut
1341 1214 1481 1280 concidis
1513 1213 1606 1278 OCN.

291 1305 454 1371 Hactenus
484 1303 527 1368 ed
555 1302 802 1368 declarationem
830 1304 1036 1369 theorematis
1065 1325 1143 1387 opus
1169 1301 1260 1370 nobis
1286 1303 1348 1368 fuit
1369 1303 1533 1368 schemate
1559 1307 1606 1381 ll,

290 1414 373 1458 nunc
396 1392 524 1475 relique
547 1412 586 1456 ex
609 1391 766 1456 schemate
793 1395 842 1456 16.
865 1398 1025 1476 petentur.

380 1481 438 1544 Est
461 1482 543 1544 enim
565 1481 732 1546 theorema
754 1481 793 1545 de
815 1485 977 1564 segmento
1004 1480 1203 1565 sphaeroidis
1231 1481 1336 1563 deque
1354 1479 1443 1546 binis
1467 1479 1605 1544 concidi

290 1569 365 1649 bus,
394 1567 580 1654 parabolice
607 1574 640 1633 et
665 1569 885 1653 hyperbolico,
915 1569 1076 1652 habetque
1107 1575 1266 1654 potestate
1288 1570 1320 1634 iu
1342 1589 1376 1634 se
1398 1575 1511 1652 partes
1533 1574 1604 1642 tres,

291 1659 396 1741 prima
418 1663 451 1722 et
472 1657 613 1733 secunda
635 1663 711 1722 suut
734 1665 849 1738 certae,
875 1658 961 1741 quod
981 1658 1045 1724 ista
1067 1659 1234 1742 proportio
1255 1658 1298 1722 sit
1318 1659 1422 1723 minor
1435 1657 1495 1722 ille
1517 1655 1605 1719 theo·

293 1747 424 1812 rametis
453 1745 630 1829 praemissi,
662 1751 694 1810 et
722 1747 870 1824 secunda,
907 1747 993 1830 quod
1027 1747 1138 1830 alique
1172 1744 1335 1831 prop'ortio
1368 1746 1607 1810 demonstretur

292 1839 411 1919 maj0r;
434 1835 532 1898 tertia
553 1833 694 1898 nondum
720 1842 768 1900 est
796 1837 984 1916 certissima,
1008 1836 1095 1919 quod
1116 1836 1258 1919 praecise
1280 1834 1323 1899 sit
1344 1835 1407 1900 ista
1428 1833 1604 1918 proportio,

292 1943 375 2007 quae
397 1924 430 1988 in
451 1923 648 1988 theoremate
669 1922 730 1988 hoc
751 1925 947 2006 expm'mitur.

380 2007 464 2076 (lum
494 2015 604 2076 autem
634 2005 829 2078 evidentiore
857 2015 920 2078 sint
949 2013 1056 2079 omnia
1086 2014 1119 2078 iu
1149 2010 1364 2095 hyperbolico,
1395 2012 1438 2076 sit
1468 2029 1546 2094 ergo
1576 2011 1607 2075 in

291 2099 451 2164 schemate
476 2103 524 2164 16.
548 2097 646 2165 sectio
669 2100 789 2180 conica,
812 2121 896 2184 quae
918 2101 1094 2186 hyperbole
1115 2101 1240 2178 dicitur,
1256 2100 1349 2180 FOG,
1372 2101 1457 2166 linea
1477 2101 1607 2184 punctis

291 2190 436 2272 signeta;
464 2189 515 2252 est'
540 2193 647 2252 autem
677 2193 710 2252 et
736 2207 830 2254 arcus
853 2191 964 2254 circuli
985 2211 1042 2274 per
1064 2189 1144 2255 FOG
1167 2189 1362 2272 descriptum
1384 2185 1487 2253 'illum
1509 2189 1608 2270 igitur

290 2276 466 2362 hyperbole
496 2283 584 2341 secat
614 2277 648 2342 in
669 2271 704 2354 F,
728 2277 815 2342 unde
838 2279 971 2344 cherilus
994 2279 1125 2362 quidem
1147 2299 1255 2344 versus
1278 2279 1308 2356 S,
1333 2277 1511 2360 hyperbole
1535 2297 1607 2342 vero

291 2387 401 2430 versus
426 2367 454 2431 R
477 2365 590 2449 pergit,
615 2385 738 2450 semper
759 2367 892 2433 interior
914 2369 1042 2448 circulo,
1066 2367 1164 2432 donec
1184 2367 1217 2432 in
1233 2365 1257 2432 Ο
1273 2368 1390 2431 vertice
1413 2371 1530 2450 tangat
1545 2365 1605 2429 cir·

291 2453 398 2518 culum
419 2454 561 2518 interius.
589 2459 626 2518 ut
653 2454 907 2521 demonstratum
934 2461 982 2520 est
1002 2457 1034 2522 in
1062 2458 1243 2522 canicorum
1264 2455 1369 2538 Apoll.
1391 2453 1445 2518 Iv.
1481 2477 1531 2537 pr.
1557 2460 1607 2532 25,

293 2546 344 2606 26.
391 2542 465 2607 Fiat
492 2547 598 2607 autem
625 2564 664 2607 ex
689 2541 772 2610 FOG
803 2546 957 2624 conoides,
990 2549 1077 2630 cujus
1104 2551 1213 2612 vertex
1244 2545 1278 2624 Ο,
1311 2544 1380 2608 exis
1403 2541 1496 2619 VOO‚
1522 2542 1610 2608 basis

290 2629 346 2696 ΥΟ
373 2631 511 2696 circulus
541 2634 671 2716 ejusque
702 2632 936 2700 semidiameter
965 2633 1035 2698 FO:
1068 2641 1100 2700 et
1122 2634 1164 2698 sit
1194 2613 1222 2696 Υ
1251 2639 1398 2698 centrum
1427 2631 1551 2714 figurae
1578 2637 1608 2696 et

292 2719 360 2800 VX,
385 2719 437 2784 VZ
460 2721 645 2803 asymptoti,
681 2741 819 2803 quarum
852 2723 1007 2790 sectiones
1038 2745 1110 2788 oum
1131 2721 1186 2786 ΥΟ
1208 2721 1391 2786 continuata
1417 2721 1483 2785 sint
1505 2719 1545 2798 X,
1569 2721 1608 2798 Ζ,

296 2809 460 2891 contingat
491 2817 602 2890 autem
627 2805 763 2892 liguram
790 2811 824 2875 in
853 2811 888 2890 F,
920 2812 1174 2877 circumferentia
1202 2809 1297 2890 basis,
1325 2815 1415 2875 recte
1436 2809 1499 2889 FY,
1526 2829 1609 2891 quae

293 2917 366 2962 cum
397 2918 456 2962 exe
484 2903 649 2962 concurret
678 2900 763 2962 iuter
791 2898 819 2963 V
849 2901 996 2964 centrum
1024 2907 1056 2965 et
1088 2901 1113 2966 O
1139 2900 1297 2978 verticem,
1323 2903 1493 2963 concrurat
1517 2898 1552 2961 in
1574 2897 1608 2960 Y.

291 2984 491 3050 Inscribatur
524 2991 634 3050 autem
666 2985 788 3069 figurae
825 3009 923 3072 super
953 2989 1064 3053 eadem
1090 2988 1159 3053 basi
1193 2989 1249 3052 FG
1281 2987 1481 3070 triangulum
1517 2984 1608 3050 Fue.

291 3073 404 3156 Itaque
434 3095 505 3138 cum
536 3081 633 3138 antee
662 3075 782 3144 dimidii
810 3077 894 3141 citrii
921 3097 1049 3162 corpus,
1079 3077 1272 3160 descriptum
1299 3095 1377 3139 arcu
1400 3075 1514 3140 circuli
1537 3071 1608 3139 FSC

293 3163 378 3226 circa
407 3160 461 3232 FO
492 3160 693 3242 immobilem,
719 3165 761 3228 ad
790 3167 941 3247 segmenti
969 3166 1125 3249 sphaerici
1154 3163 1247 3230 FOG'
1260 3183 1383 3247 corpus,
1413 3163 1608 3249 descriptum

293 3249 403 3315 eodem
425 3271 503 3314 arcu
527 3251 610 3328 FSC,
635 3252 690 3316 sed
720 3254 803 3318 circe
828 3251 880 3319 CO
903 3254 1096 3320 immobilem
1127 3255 1332 3332 circumacto,
1368 3254 1609 3336 proportionem

293 3359 363 3403 eam
384 3337 539 3419 habuerit,
565 3360 649 3424 quae
672 3345 719 3405 est
740 3343 839 3426 ipsius
868 3341 921 3408 OO
949 3344 991 3408 ad
1015 3341 1082 3409 OF:
1109 3347 1175 3428 jam
1202 3343 1262 3408 hoc
1289 3339 1453 3406 theorema
1476 3341 1516 3406 de
1540 3343 1609 3406 suso

294 3427 438 3508 dimidio,
469 3428 556 3512 quod
584 3429 770 3494 describitur
797 3429 983 3514 hyperbolae
1011 3433 1138 3498 dimidio
1164 3429 1246 3497 FRO
1270 3430 1353 3496 circa
1387 3429 1441 3494 FO
1466 3429 1609 3496 immobi-

295 3515 366 3594 lem,
392 3515 496 3600 deque
519 3517 657 3598 oonoide,
682 3519 767 3600 quod
792 3520 902 3585 eedem
917 3519 1009 3600 FRO,
1033 3521 1089 3586 sed
1111 3523 1197 3587 circa
1213 3519 1264 3586 CO
1286 3519 1480 3585 immobilem
1495 3519 1611 3584 deseri

294 3601 391 3684 bitur,
415 3605 556 3670 affirmat
578 3609 815 3690 proportionem
838 3609 943 3690 eliam,
969 3611 1087 3676 scilicet
1110 3630 1195 3688 eam,
1219 3629 1303 3691 quae
1327 3615 1376 3674 est
1397 3606 1452 3672 ΥΟ
1478 3607 1521 3672 ad
1545 3607 1610 3686 OF;

293 3691 372 3757 haec
402 3694 484 3758 enim
514 3701 562 3758 est
591 3697 754 3778 proportio
784 3695 863 3776 coni,
894 3697 935 3762 ab
958 3697 1012 3764 FY
1042 3701 1246 3782 contingente
1268 3699 1351 3763 circa
1372 3697 1428 3763 FO
1451 3697 1612 3780 descripti,

295 3781 338 3844 ed
360 3802 475 3862 conum
497 3780 539 3845 ab
563 3783 670 3847 eadem
693 3782 746 3849 FY
769 3785 826 3850 sed
849 3786 934 3850 circa
953 3787 1008 3852 ΥΟ
1032 3789 1234 3873 descriptum.
1280 3786 1485 3872 Manifestum
1507 3795 1613 3850 autem

294 3876 351 3948 est,
376 3868 431 3934 ΥΟ
454 3873 688 3954 proportionem
708 3873 864 3938 minorem
888 3895 957 3940 essa
985 3875 1027 3940 ad
1050 3875 1113 3956 OF,
1136 3876 1198 3940 hoc
1220 3881 1269 3940 est
1292 3875 1483 3960 aequalitati
1507 3875 1611 3938 vicini-

295 3979 395 4038 orem,
428 3981 524 4042 quarn
548 3959 600 4024 OO
624 3960 666 4026 ad
689 3961 758 4043 OF;
787 3983 923 4046 cumque
951 3971 1143 4029 concurrant
1163 3963 1220 4027 VX
1243 3971 1275 4030 et
1296 3965 1350 4030 ΥΥ
1372 3983 1484 4028 versus
1508 3971 1613 4048 partes

293 4047 348 4198 lYlb
356 4067 489 4200 τιιὲειίιῖῐὶιἸ
506 4048 603 4131 igitur
626 4056 658 4114 et
678 4051 778 4136 ipsius
802 4051 858 4118 VO
874 4053 916 4116 ed
938 4051 995 4118 ΟΧ
1016 4056 1118 4118 minor
1133 4057 1181 4118 est
1204 4053 1379 4138 proportio,
1399 4073 1498 4136 quem
1514 4052 1613 4137 ipsius

371 4157 391 4200 a
492 4187 499 4200 .

382 4223 657 4300 Quemadmodum
678 4229 775 4310 igitur
796 4228 852 4293 ΥΟ
874 4229 917 4294 ed
933 4227 986 4293 OF
1009 4235 1058 4294 est
1081 4231 1261 4314 quantitate
1276 4229 1379 4295 media
1400 4229 1487 4294 inter
1501 4229 1556 4294 CO
1573 4227 1612 4292 ed

295 4309 348 4376 OF
372 4319 405 4376 et
426 4314 510 4379 inter
532 4315 587 4399 VO
610 4316 652 4381 ad
676 4317 741 4396 ΟΧ,
766 4317 813 4382 ita
836 4319 1047 4382 demonstrari
1069 4324 1185 4402 potest,
1209 4327 1242 4384 et
1263 4319 1326 4384 fusi
1348 4317 1470 4382 dimidii
1498 4337 1611 4400 corpus

294 4401 336 4465 ad
358 4403 499 4467 concidis
521 4425 634 4489 corpus
665 4425 733 4470 esse
763 4408 943 4488 quantitate
965 4407 1103 4472 mediam
1125 4408 1362 4492 proportionem
1384 4407 1470 4471 inter
1493 4406 1548 4472 CO
1572 4405 1611 4469 ed

241 4557 247 4572 ,
295 4487 348 4553 OF
371 4498 403 4554 et
424 4492 508 4555 inter
530 4493 583 4557 VO
607 4494 649 4560 ad
671 4491 736 4558 OX.

382 4577 542 4644 Probetur
564 4583 700 4666 primum
723 4583 761 4647 de
784 4583 836 4646 CO
853 4583 895 4648 ad
919 4581 971 4648 OF
982 4607 989 4663 3
1012 4583 1133 4649 valebit
1148 4589 1253 4649 autem
1269 4583 1498 4649 demonstratio
1514 4583 1610 4648 etiam

294 4665 335 4731 de
356 4665 542 4750 parabolice
565 4672 706 4735 conoide.
744 4672 844 4754 Igitur
866 4673 1066 4738 manifestum
1090 4680 1147 4752 est,
1171 4673 1276 4738 susum
1291 4673 1392 4738 lineae
1406 4671 1490 4738 FRO
1505 4673 1607 4736 minus

294 4775 361 4820 esse
385 4756 475 4822 citrio
498 4777 592 4823 arcus
614 4758 705 4825 Fac:
737 4761 781 4826 sio
810 4761 906 4826 etiem
929 4762 1074 4828 conoides
1096 4761 1208 4829 FRCG
1229 4763 1334 4827 minus
1356 4783 1425 4826 esse
1448 4767 1606 4845 segmento
