3406 5542
643 381 803 448 capusxrv.
830 381 928 432 5555.
1388 361 1453 428 353

188 517 327 582 Primum
350 519 443 602 igitur
465 519 515 584 hic
540 525 664 606 expedit
687 531 812 601 notare,
834 524 1009 600 ecclesiam,
1032 523 1058 585 si
1080 542 1152 585 usus
1173 522 1268 586 ferret
1282 523 1454 586 meminisse

103 605 284 670 biblicarum
299 608 494 674 historiarum
510 613 580 676 novi
592 615 791 689 Testamenti,
806 633 866 676 non
883 613 1010 694 amplius
1027 613 1207 675 observasse
1224 633 1320 675 annos
1336 611 1454 693 imperii
1555 639 1558 646 ·

103 687 244 772 Herodis,
261 699 369 780 quibus
386 699 472 762 annis
489 709 576 764 erant
591 701 662 765 illae
679 703 887 784 consignatae,
901 703 990 784 idque
999 701 1256 782 nonnegligentia
1266 701 1320 763 sed
1329 709 1454 782 propter

103 785 304 850 mutationem
330 794 506 870 temporum.
558 791 643 853 'lunc
669 792 747 855 enim
777 811 902 872 regnum
926 791 1109 853 Judaeomm
1135 790 1267 852 deletum
1291 799 1358 852 erat
1365 810 1374 864 ;
1398 809 1453 854 neo

104 881 192 936 erant
207 875 266 956 ipsi
284 877 448 958 scriptores
465 897 605 942 eommve
622 881 921 945 ecclesiae'Judaeae
938 879 1128 944 contributae
1137 898 1146 953 ;
1170 897 1274 941 omnes
1294 899 1365 942 vero
1381 889 1453 942 tuno

103 963 217 1042 subditi
234 973 325 1027 erant
338 965 456 1047 imperii
470 965 616 1044 Romani,
639 970 723 1052 quus
745 967 901 1052 provincia
919 970 984 1050 jam
1006 968 1117 1031 dudum
1138 968 1206 1049 ipsa
1228 967 1321 1030 etiam
1334 968 1455 1031 Judaea

103 1060 172 1114 erat
186 1053 282 1116 iacta.
320 1052 424 1125 Quare
440 1062 504 1118 turn
520 1058 638 1121 demum
654 1060 691 1121 de
707 1067 843 1141 tempore
860 1057 1002 1140 cujusque
1018 1056 1062 1119 rei
1078 1057 1184 1138 gestae
1201 1057 1258 1119 sibi
1273 1056 1455 1120 videbantur

103 1159 171 1203 esse
188 1142 282 1218 certi,
305 1163 372 1206 cnm
394 1163 462 1207 eam
482 1146 521 1208 ad
544 1167 639 1212 annos
658 1149 749 1230 impp.
764 1148 969 1211 Romanorum
985 1155 1086 1210 certos
1101 1145 1295 1220 retulissent,
1317 1147 1453 1228 quamvis

102 1230 173 1292 illae
190 1231 246 1294 sub
263 1233 384 1296 Herode
399 1235 447 1296 vel
462 1236 617 1300 Archelao
634 1246 738 1300 essent
754 1238 871 1312 iactae,
895 1237 1014 1318 quando
1038 1254 1110 1297 aera
1125 1234 1259 1314 Augusti
1281 1235 1313 1297 in
1333 1234 1454 1297 Iudaea

102 1319 220 1382 usitata
234 1322 366 1384 nondum
383 1329 458 1385 erat.
503 1326 574 1388 Non
589 1327 694 1390 mimm
709 1327 818 1408 igitur,
834 1326 860 1389 si
875 1325 1005 1390 historia
1019 1323 1149 1388 Iudaica
1165 1343 1204 1385 ex
1219 1324 1306 1386 annis
1323 1323 1453 1385 Herodis

102 1407 132 1469 in
149 1427 247 1471 annos
262 1411 413 1492 Augusti,
434 1412 529 1476 veluti
549 1415 658 1497 planta
672 1417 702 1480 in
717 1424 832 1478 terram
848 1415 941 1478 aliam
956 1412 1125 1487 translata,
1147 1430 1207 1475 non
1223 1432 1312 1475 unam
1329 1419 1361 1474 et
1377 1431 1452 1474 ean-

102 1497 172 1559 dem
188 1498 292 1561 sedem
308 1501 388 1581 apud
404 1519 508 1566 omnes
525 1511 574 1566 est
588 1513 697 1580 nacta,
720 1513 752 1567 et
775 1504 800 1568 si
822 1504 970 1586 perhanc
987 1502 1178 1566 occasionem
1192 1503 1286 1564 multo
1303 1501 1454 1564 difficilius

102 1595 152 1692 555
167 1587 283 1706 55555555
298 1588 486 1669 discemus,
509 1601 622 1674 quanta
644 1601 729 1680 esset
748 1595 898 1676 praecisio
914 1591 1029 1656 numeri
1051 1591 1082 1654 in
1100 1591 1318 1672 Evangelista,
1342 1591 1455 1673 „quasi

190 1765 325 1829 Veteres
346 1767 449 1850 itaque
471 1777 544 1832 ante
560 1769 723 1836 Eusebium
739 1779 771 1834 et
785 1772 1005 1854 Hieronymum
1018 1787 1084 1834 oum
1104 1768 1265 1850 legissent,
1287 1767 1452 1840 Christum,

103 1873 171 1917 cum
187 1853 337 1935 inciperet
351 1857 545 1938 praedicare,
560 1860 703 1924 babuisse
720 1861 841 1924 circiter
856 1859 984 1940 triginta
998 1877 1110 1933 annos,
1129 1856 1219 1939 idque
1236 1877 1315 1919 anno
1334 1857 1383 1920 15.
1398 1857 1453 1919 'Ii-

101 1943 193 2019 berii,
214 1942 298 2007 nulla
314 1946 549 2027 scrupulositate
565 1949 611 2012 usi
627 1949 838 2032 impendemnt
854 1949 952 2012 aetati
969 1947 1084 2013 Christi
1099 1947 1212 2028 primos
1230 1947 1270 2009 15
1287 1947 1453 2009 555555511-

100 2033 177 2095 berii
193 2040 228 2094 et
241 2033 365 2096 ultimos
384 2035 423 2098 15
440 2056 537 2099 annos
552 2038 702 2119 Augusti:
727 2039 776 2122 qui
799 2057 866 2102 cnm
887 2036 1039 2101 tenuisset
1053 2036 1260 2098 monarchiam
1282 2055 1337 2116 per
1357 2055 1453 2098 annos

101 2117 160 2196 57,
184 2120 357 2187 551551515
377 2123 491 2188 ultimis
514 2126 695 2191 invenemnt
709 2126 751 2191 42
778 2147 874 2191 annos
896 2127 1013 2209 imperii
1029 2125 1179 2207 Augusti,
1205 2124 1311 2208 quibus
1335 2124 1453 2186 exactis

101 2209 258 2275 Christum
273 2221 379 2276 natum
394 2233 463 2276 esse
479 2213 679 2280 tradiderunt.
724 2216 777 2280 Sic
793 2223 900 2279 tenent
914 2215 1078 2289 Eusebius,
1095 2213 1348 2295 chrysostomus,
1369 2211 1452 2288 Oro-

100 2301 172 2374 sius,
186 2299 209 2363 J
210 2302 371 2376 ornandas,
385 2301 480 2378 Beda,
495 2304 748 2388 Martyrologium
762 2306 946 2380 Romanum,
961 2305 1057 2367 secuti
1074 2303 1263 2367 Clementem
1279 2307 1312 2364 et
1327 2302 1451 2364 Tertul-

100 2389 224 2465 lianum,
240 2391 411 2471 partientes
428 2411 572 2473 expresse
588 2394 657 2457 illos
672 2395 715 2459 30
731 2414 826 2458 annos
842 2395 874 2456 in
893 2392 931 2456 l5
947 2393 1071 2455 ultimos
1081 2391 1215 2471 Augusti
1232 2398 1265 2452 rt
1284 2391 1322 2453 15
1339 2391 1453 2472 primos

100 2478 225 2541 Tiberii.
269 2479 337 2542 Hoc
358 2497 512 2544 commune
535 2483 671 2546 omnibus
693 2484 921 2547 lbndamentum
944 2502 1004 2545 non
1025 2480 1182 2562 aequalem
1197 2487 1299 2541 tamen
1315 2479 1452 2542 omnibus

101 2566 312 2650 suppeditavit
327 2569 481 2632 calculum.
526 2571 659 2634 Primum
685 2573 763 2636 enim
777 2571 912 2652 Augusti
931 2570 1019 2633 initia
1041 2569 1152 2633 diversi
1169 2568 1289 2631 diversa
1304 2586 1451 2648 respexe-

100 2665 179 2718 runt.
212 2654 381 2739 Confossus
397 2667 445 2721 est
461 2657 578 2723 Caesar
593 2661 668 2726 Idib.
683 2661 819 2736 Martiis,
834 2660 922 2722 annis
937 2666 1067 2741 quatuor
1080 2658 1170 2738 paulo
1189 2657 1287 2719 minus
1304 2665 1375 2719 ante
1391 2656 1450 2719 ini-

100 2745 176 2808 tium
199 2764 291 2808 55555
312 2754 437 2810 nostrae
458 2747 589 2825 usualis,
613 2753 654 2812 ut'
670 2753 699 2812 2.
720 2747 859 2814 Ianuarii
882 2747 1036 2813 Calendis.
1080 2746 1155 2826 Ejus
1176 2741 1401 2809 haereditatem
1417 2744 1451 2810 C.

102 2833 252 2898 Octavius
278 2835 355 2898 adiit
386 2837 492 2900 eodem
516 2858 604 2902 anno.
657 2837 717 2910 Qui
742 2857 815 2921 ergo
841 2857 878 2900 ex
909 2837 1092 2921 posteritate
1123 2834 1257 2916 rempub.
1281 2835 1452 2898 Romanam

101 2923 237 3005 adeoque
254 2925 350 2988 totius
367 2925 447 2990 orbis
463 2927 619 3008 imperium
635 2935 849 3011 computatunt
869 2927 900 2990 in
922 2933 1010 3009 parte
1031 2923 1231 2988 haereditatis
1246 2923 1350 3003 hujus,
1373 2922 1452 3005 quod

100 3013 237 3094 plerique
258 3013 396 3076 fecerunt
409 3023 482 3096 post
497 3016 562 3080 400
578 3025 610 3080 55
626 3017 691 3081 500
706 3034 803 3080 annos
820 3015 936 3081 Christi
952 3015 991 3078 ad
1006 3033 1062 3077 nos
1077 3032 1188 3094 nsque,
1210 3011 1253 3075 illi
1270 3031 1366 3075 annos
1382 3013 1451 3075 An-

100 3102 183 3184 gusti
204 3101 360 3165 deducunt
381 3103 420 3166 55
442 3103 510 3187 ipsa
532 3107 639 3170 statim
661 3107 754 3170 caede
778 3104 937 3170 Caesaris..
974 3104 1083 3185 Itaque
1097 3100 1369 3183 Iosephusannos
1386 3101 1451 3181 ejus
1549 3151 1552 3158 .

100 3191 225 3272 imperio
242 3190 350 3254 tribuit
364 3187 407 3256 57
422 3210 543 3258 menses
558 3197 578 3258 5
592 3196 660 3260 dies
676 3199 712 3259 2:
735 3203 856 3260 tantum
876 3195 956 3258 enirn
973 3193 1112 3255 interfuit
1133 3191 1213 3253 inter
1233 3190 1307 3252 Julii
1327 3197 1360 3252 et
1380 3191 1450 3252 Au-

100 3279 182 3362 gusti
198 3280 309 3344 exitus.
356 3279 415 3352 Qui
430 3301 503 3346 vero
518 3275 653 3348 veterem
668 3285 742 3368 reip.
757 3284 915 3348 Romanum
931 3283 1058 3345 formam
1079 3288 1151 3343 tunc
1174 3280 1293 3360 quidem
1309 3281 1451 3342 affectam

100 3369 233 3431 nondum
248 3387 322 3432 vero
338 3371 521 3452 collapsam,
543 3375 679 3437 luctante
695 3373 793 3438 adbuc
807 3373 969 3447 libertate,
990 3375 1205 3452 respexerunt,
1222 3368 1302 3430 alind
1318 3367 1451 3433 Octavio

101 3455 233 3522 Caesari
244 3457 423 3540 principium
438 3462 575 3526 fecerunt
589 3463 722 3545 imperii:
746 3463 865 3544 quando
886 3457 982 3523 annos
1002 3465 1094 3522 natus
1109 3456 1450 3520 novemdecim'exeroi-

99 3553 162 3610 tum
176 3565 235 3629 pro
250 3565 313 3630 rep.
329 3549 450 3629 privato
465 3550 617 3633 impendio
634 3551 839 3633 comparavit;
862 3557 1046 3630 ornatusque
1067 3568 1087 3609 a
1108 3554 1216 3608 senatu
1233 3547 1365 3626 equestri
1382 3551 1449 3608 sta-

100 3643 152 3700 tua
168 3644 203 3699 et
225 3645 406 3718 propraetor
427 3659 488 3702 una
509 3659 576 3703 oum
592 3639 679 3705 Coss.
693 3641 795 3703 Hirtio
811 3647 844 3702 et
862 3639 966 3702 Pansa
985 3637 1096 3700 bellum
1113 3653 1179 3697 cum
1193 3635 1327 3697 Antonio
1344 3653 1450 3716 gerere

96 3725 214 3806 jussus,
236 3725 311 3788 vicit
332 3727 372 3789 ad
387 3727 537 3791 Mutinam
559 3729 782 3812 imperatorque
804 3728 843 3791 55
859 3727 995 3790 exercitu
1016 3732 1049 3788 55
1063 3745 1082 3787 5
1098 3731 1207 3787 senatu
1224 3725 1376 3787 salutatus
1393 3731 1449 3786 est.

37 3851 41 3863 ι
99 3815 148 3878 Ab
163 3813 224 3876 hoo
241 3815 321 3878 enim
335 3823 472 3897 tempora
488 3817 638 3881 Eusebius
654 3823 794 3881 numerat
809 3835 904 3880 annos
921 3817 986 3898 ejus
1002 3809 1054 3889 56,
1069 3831 1189 3875 mensos
1205 3811 1234 3876 6.
1273 3810 1353 3876 Nam
1369 3831 1448 3894 pug-

99 3910 206 3966 natum
218 3903 267 3966 14.
277 3904 403 3986 Aprilis,
419 3905 573 3987 expeditio
588 3905 682 3989 igitur
696 3907 786 3990 paulo
803 3913 896 3969 antea
906 3910 1050 3986 suscepta
1058 3920 1162 3965 mense
1170 3901 1353 3964 Februario:
1369 3901 1449 3962 unde

99 3993 136 4055 sd
157 4011 320 4056 excessum
334 3993 467 4075 Augusti
481 3995 561 4076 lapsi
577 4003 648 4058 sunt
664 3997 734 4059 anni
756 3995 813 4071 56,
834 4011 955 4056 menses
971 3991 1001 4056 6.
1045 3990 1094 4053 Ex
1107 3991 1156 4054 his
1173 3990 1301 4053 diversis
1315 3989 1449 4070 Augusti

98 4082 194 4144 initiis
215 4083 303 4145 unius
329 4084 400 4146 anni
422 4085 558 4148 nascitur
573 4083 757 4166 ambiguitas
772 4085 852 4166 apud
868 4088 1008 4146 vetustos
1024 4079 1250 4144 ecclesiasticos
1274 4079 1448 4159 scriptores.

99 4171 208 4234 Annus
232 4173 312 4234 enim
334 4173 392 4248 42,
413 4192 501 4254 quem
524 4173 601 4236 alius
624 4175 662 4236 ab
686 4173 745 4237 alio
768 4173 864 4235 veluti
884 4191 941 4253 per
954 4189 1094 4232 manuum
1110 4169 1304 4232 traditionem
1321 4165 1448 4247 accepit,

98 4277 158 4322 non
174 4267 315 4337 attento,
336 4281 397 4344 qua
418 4261 446 4335 is,
467 4263 701 4326 ratiocinatione
722 4271 807 4325 esset
821 4261 1041 4341 investigatus,
1062 4260 1090 4323 is
1105 4257 1199 4340 igitur
1214 4281 1233 4321 5
1247 4257 1346 4338 551555
1362 4254 1448 4316 initio

100 4349 241 4412 consules
259 4351 384 4414 exhibet
397 4351 560 4414 Lentulum
576 4359 608 4414 et
622 4352 805 4427 Messalam,
828 4348 909 4413 idem
931 4369 1028 4412 annus
1048 4349 1106 4423 42,
1129 4367 1148 4410 a
1169 4345 1331 4430 posteriori
1353 4343 1447 4416 initio,

100 4435 186 4502 Coss.
203 4439 300 4502 habet
314 4441 488 4520 Augustum
502 4439 589 4504 XIII.
606 4448 638 4503 55
652 4440 805 4503 Plautium
821 4438 1004 4522 Sylvanum,
1026 4455 1130 4499 mense
1153 4435 1271 4518 quidem
1286 4430 1447 4494 Decembri

99 4533 152 4590 aut
166 4525 235 4592 Cal.
250 4527 320 4591 Jan.
337 4530 531 4610 sequentibus
546 4527 708 4592 Lentulum
723 4537 756 4592 et
769 4529 921 4592 Pisonem.
965 4529 1051 4590 Haec
1066 4525 1161 4608 igitur
1177 4525 1242 4586 sola
1265 4522 1327 4583 lere
1344 4519 1446 4581 diver-

98 4613 174 4681 sitas
189 4624 241 4680 555
256 4617 336 4700 apud
351 4625 472 4681 veteres
487 4619 519 4681 io
534 4618 701 4682 deliniendo
717 4637 796 4682 anno
812 4617 953 4680 natalitio
970 4615 1086 4680 Christi
1102 4623 1135 4677 55
1150 4620 1216 4677 stat
1229 4617 1358 4690 utraque
1374 4627 1446 4670 sen-

100 4707 197 4769 tentia
228 4708 451 4788 quadamtenus
480 4725 535 4789 per
565 4707 660 4772 verba
687 4707 723 4770 B.
748 4707 850 4770 Lucae
874 4723 1093 4788 numerumque
1113 4699 1307 4764 tricenarium
1332 4697 1447 4760 aetatis

101 4791 232 4874 Christi,
255 4815 335 4860 anno
359 4796 409 4859 15.
425 4795 536 4860 'liberii
557 4797 707 4860 delinitae.
753 4797 833 4860 Nam
856 4797 905 4879 qui
924 4795 1008 4877 prius
1023 4793 1142 4856 initium
1157 4787 1363 4853 observabant
1377 4787 1446 4849 An-

100 4885 198 5043 811⁸&
197 4883 440 5040 ι51515155551555551
456 4903 552 4950 annos
566 4885 785 4968 Evangelistae
801 4902 856 4967 pro
871 4883 1000 4948 totidem
1016 4879 1173 4962 completis
1190 4883 1382 5034 appeperunt,
1398 4873 1447 4956 qni
