3400 5538
1220 6 1225 8 .
1245 4 1369 9 —v—--
1441 7 1536 14 -—·---

599 233 628 284 ln
644 189 849 286 hmreomomim
867 234 1004 286 Doliornm.
1394 239 1457 302 549

132 408 314 494 ω’ςιιῑιθιιίῑὶ
335 428 408 474 curn
430 408 552 487 Latino,
584 408 617 474 in
651 407 976 473 demonstrationibus
1005 429 1078 473 vero
1102 409 1334 476 mathematicis
1357 411 1458 496 magis

131 521 167 564 se
189 497 433 568 accommodans
454 497 625 564 lectoribus
649 497 847 563 Germanicis
869 517 1045 579 eorumque
1067 497 1186 582 captui.

219 589 384 672 Superest,
396 593 433 652 ut
445 593 649 669 conspectum
656 585 861 650 exhibeamus
870 605 991 665 eorum,
1004 605 1089 669 quac
1099 587 1357 670 insuntsaquenti
1365 588 1456 654 libro.

219 673 260 740 In
286 673 527 759 rpraeambulor
553 676 695 740 rationes
714 674 897 739 'afferuntur
918 673 1042 757 figurae
1065 675 1142 740 dolii
1164 675 1287 756 vinarii,
1320 678 1458 760 aliisque

131 763 244 830 formis
265 763 397 848 abjectis
419 763 583 840 retinenda
606 783 674 828 esse
698 783 737 828 ea
759 769 913 842 censetur,
938 784 1028 846 quae,
1054 769 1092 828 ut
1106 766 1226 829 ualtata
1241 765 1337 845 dolia,
1365 787 1455 849 ›rpor-

130 853 263 936 ticipetu
292 852 420 932 circulo,
444 873 522 918 cono
546 857 579 918 et
601 851 755 935 cylindro.

220 941 342 1012 Deinde
371 941 589 1006 Archimedem
618 947 747 1005 secutus
778 939 874 1005 docet
904 937 1061 1023 Kaplerus
1094 941 1271 1006 inveniendi
1302 943 1458 1006 rationem

131 1029 284 1094 diametri
304 1029 346 1094 ad
361 1021 649 1100 circmnlereutiam
664 1037 696 1094 et
710 1049 819 1093 aream
836 1028 957 1106 circuli,
975 1049 1202 1113 numerumque
1217 1029 1311 1094 affert
1325 1029 1458 1095 Adriani

129 1119 284 1199 Romaui3
307 1119 384 1183 item
405 1119 638 1200 quadraturam
661 1118 836 1202 parabolae
860 1123 892 1180 et
915 1117 1034 1200 ellipsis
1054 1137 1093 1182 ex
1108 1117 1295 1183 Archimede
1309 1119 1455 1196 desumit,

130 1226 193 1271 nec
227 1228 293 1272 non
328 1205 462 1290 cylindri
492 1208 762 1291 comparationem
792 1225 866 1270 cum
895 1206 1171 1290 parallelepipedo
1202 1205 1456 1290 circumscripto3

128 1296 177 1358 sic
206 1295 380 1378 pyramidis
403 1301 435 1360 et
458 1296 529 1362 coni
550 1297 709 1361 rationem
732 1295 936 1360 demonstrat
956 1296 999 1360 ad
1024 1296 1203 1361 columnam
1226 1300 1259 1359 et
1280 1296 1458 1380 cylindrum

130 1383 273 1467 ejusdam
309 1383 422 1449 baseos
457 1390 490 1449 et
517 1379 708 1450 altitudinis.
754 1384 839 1450 Hinc
870 1383 986 1450 transit
1016 1384 1059 1449 ad
1089 1385 1266 1468 sphaerica,
1285 1390 1320 1449 et
1349 1405 1455 1463 conos,

129 1491 308 1555 eorumque
336 1470 519 1556 superficies
550 1479 583 1538 et
612 1493 748 1557 corpora
780 1477 948 1556 comparat
977 1473 1178 1557 geometrice,
1208 1491 1269 1538 nec
1298 1495 1363 1538 non
1385 1473 1457 1538 coni

129 1561 291 1626 secfiones
330 1561 489 1646 explicat,
529 1562 647 1644 partim
688 1560 851 1644 Apollonii
892 1559 1012 1626 (ionica
1054 1569 1205 1642 secutus,
1246 1562 1367 1646 partlm
1407 1563 1458 1626 sui

127 1649 230 1732 ipsius
252 1649 413 1732 principiis
427 1649 587 1728 insistens,
611 1649 694 1716 hanc
707 1648 783 1714 libri
798 1655 925 1735 partem
947 1649 1153 1715 denominans
1172 1650 1456 1736 uSupplementum

128 1736 173 1802 ad
196 1737 447 1802 Archimedem«
496 1739 639 1804 Primum
661 1739 799 1804 occurrit
821 1741 854 1803 in
875 1739 1058 1820 praemissis
1079 1738 1256 1818 methodus,
1282 1758 1366 1821 quae
1389 1739 1454 1803 cal·

128 1825 225 1890 culus
259 1825 377 1891 dicitur
407 1825 615 1906 infinitorum,
655 1848 722 1911 qua
754 1827 857 1892 utitur
887 1823 1048 1912 Kaplerus
1078 1825 1121 1892 ad
1151 1826 1457 1892 demonstrationem

128 1914 341 1980 theorematis
362 1914 407 1982 ss:
431 1916 544 1980 circuli
565 1937 674 1982 aream
698 1915 869 2000 aequalem
892 1937 962 1981 esse
984 1916 1147 1998 triangulo
1170 1916 1343 1994 rectilinea,
1368 1920 1457 2002 cnjus

127 2001 216 2068 basis
238 2004 281 2068 sit
293 2010 435 2070 ,extensa
457 2007 491 2070 in
514 2010 636 2074 rectam
658 2005 776 2070 lineam
793 2003 978 2090 peripheria
993 2012 1025 2069 et
1040 2004 1178 2069 altitudo
1194 2003 1339 2087 aequalis
1353 2005 1455 2086 radio,

118 2111 192 2158 ‚nec
228 2112 293 2156 non
326 2093 369 2158 ad
401 2095 570 2159 theorema
602 2092 716 2158 XVIII.
752 2094 792 2158 de
828 2093 1023 2176 aequalitate
1060 2093 1208 2158 »annuli«
1247 2098 1280 2158 et
1311 2093 1455 2176 cylindri.

133 2179 336 2246 rAnnulumr
363 2187 473 2247 autem
494 2183 679 2248 denominat
701 2203 828 2266 corpus,
854 2182 942 2264 quod
964 2181 1152 2265 producitur
1167 2181 1329 2248 volutione
1345 2183 1457 2248 circuli

129 2266 184 2342 yel
206 2268 328 2352 ellipsis
347 2271 433 2336 circa
451 2271 575 2350 lineam,
600 2293 697 2356 quarn
717 2271 779 2356 hae
799 2270 922 2354 figurae
940 2275 1092 2354 tangunt,
1116 2291 1214 2354 super
1234 2269 1368 2355 planum
1383 2293 1455 2354 per·

129 2357 383 2440 pandiculeriter
406 2365 554 2440 erectam,
579 2359 667 2441 quod
690 2360 829 2424 circulus
847 2359 898 2424 rel
915 2359 1037 2442 ellipsis
1056 2359 1138 2424 dum
1152 2359 1326 2424 volvuntur
1347 2359 1456 2424 itidem

128 2451 280 2527 tangunt.
325 2447 409 2512 Huic
430 2449 620 2513 theoremati
642 2447 821 2532 praemissa
844 2453 894 2512 est
920 2448 1099 2531 disquisitio
1122 2447 1162 2514 de
1184 2453 1258 2512 ortu
1277 2440 1467 2530 figurarum

129 2533 309 2598 solidarum
319 2555 377 2618 per
389 2536 580 2602 volutionem
592 2537 711 2615 circuli,
727 2535 856 2620 ellipsis,
869 2535 1046 2619 parabolae
1059 2541 1091 2600 et
1098 2534 1302 2620 hyperbolae,
1316 2557 1465 2618 quarum¹

128 2641 286 2687 numerus
310 2626 462 2690 excrescit
484 2625 527 2690 ad
550 2630 601 2705 92,
625 2645 761 2706 eamque
784 2631 965 2707 sequuntur
986 2625 1187 2690 theoremata
1208 2624 1248 2688 de
1272 2625 1455 2708 quantitate

128 2731 302 2794 corporum
320 2733 359 2776 ex
380 2713 430 2778 his
453 2714 652 2792 selectorum,
677 2720 712 2779 ut
735 2713 848 2790 mitrii,
870 2708 980 2794 olivae,
1005 2715 1117 2796 pruni«
1137 2712 1345 2794 aliorumque,
1370 2733 1455 2796 quae

128 2807 364 2882 comparantur
393 2823 465 2867 cum
495 2803 654 2888 cylindris.
700 2802 864 2885 Denique,
896 2808 935 2866 ut
965 2802 1073 2866 aditus
1104 2806 1215 2885 pateat
1245 2802 1286 2866 ad
1317 2823 1455 2886 corpora

128 2888 302 2952 volutione·
331 2889 577 2973 hyperbolarum
611 2881 651 2956 et*
676 2889 906 2975 parabolarum
939 2895 1030 2972 orta,
1076 2891 1188 2956 »susis«
1223 2891 1452 2974 comparanda,

127 2977 350 3060 praemittitur
383 2979 551 3044 theorema
581 2979 621 3046 de
642 2981 767 3045 ratione
795 2999 958 3060 concrum,
982 2999 1121 3062 quorum
1145 2979 1228 3042 alter
1251 2979 1454 3044 altitudinem

128 3063 253 3129 habeat
282 3067 456 3149 aequalem
480 3069 571 3135 radio
599 3067 710 3134 baseos
734 3068 867 3134 alterius
891 3073 924 3132 et
947 3065 1014 3132 vice
1036 3087 1144 3148 versa3
1176 3068 1227 3132 cui
1249 3065 1455 3150 subjunctum

128 3161 182 3218 cst
203 3153 292 3220 alirrd
315 3155 355 3220 de
377 3157 501 3222 ratione
523 3157 721 3242 sphaeroidis
744 3157 840 3222 alteri
862 3157 1034 3240 inscriptae
1058 3155 1100 3222 ad
1115 3157 1207 3234 hanc,
1230 3156 1275 3220 sic
1298 3157 1455 3238 segmenti

127 3240 220 3325 globi
242 3243 286 3308 ad
309 3239 434 3310 citrium
457 3247 568 3310 eodem
591 3252 756 3329 segmento
777 3246 887 3310 circuli
904 3245 1107 3330 descriptum,
1133 3245 1307 3328 additaque
1321 3246 1453 3329 insuper

128 3332 333 3397 theoremata
355 3333 395 3398 de
416 3334 609 3399 sectionibus
625 3335 740 3399 conicis
756 3333 938 3400 seinvicem
954 3333 1168 3416 tangentibus.
1200 3334 1256 3398 His
1272 3334 1454 3416 praemissis

127 3419 279 3485 innititur
301 3421 480 3487 theorema:
505 3424 538 3489 Si
550 3424 685 3504 citrium,
710 3445 856 3506 prunum,
880 3422 989 3487 lusum
1000 3415 1226 3504 parabolicum,
1249 3421 1323 3485 fusa
1334 3422 1452 3506 hyper·

128 3509 247 3588 bohen,
271 3516 304 3573 et
325 3531 424 3576 conus
447 3511 638 3596 duplicatus,
662 3511 769 3576 omnia
792 3517 953 3587 truncata,
977 3509 1149 3575 habuerint
1164 3509 1292 3574 eosdem
1307 3511 1451 3590 circulos,

125 3605 198 3663 tarn
213 3603 409 3678 truncantes,
427 3621 524 3684 quam
539 3594 680 3664 medium
696 3621 878 3683 corporum:
904 3599 1029 3663 citrium
1046 3599 1107 3662 erit
1120 3599 1303 3671 marimum,
1327 3598 1454 3682 reliqua

126 3687 240 3752 eodem
262 3689 374 3753 ordina
395 3688 622 3772 magnitudinis
646 3709 823 3771 conponun,
849 3708 912 3770 qno
936 3687 987 3750 hic
1002 3693 1075 3751 sunt
1090 3687 1258 3751 recensita.
1283 3686 1454 3754 Concludit

110 3767 289 3858 'Kaplerus
317 3777 526 3862 proponendo
549 3775 750 3862 problemate
772 3777 952 3860 geometris,
984 3797 1120 3858 quorum
1150 3775 1250 3841 seculi
1277 3778 1328 3842 sui
1354 3778 1453 3842 decus

126 3866 273 3930 nominat
297 3866 498 3931 Snellium:
526 3865 767 3950 proportionem
790 3865 943 3946 indagare
966 3870 1201 3946 segmentorum
1226 3864 1358 3930 illorum
1381 3886 1449 3930 cur·

127 3974 254 4036 porum,
278 3975 361 4038 quae
384 3955 516 4038 planum
538 3955 592 4020 axi
615 3952 808 4037 parallelum
829 3953 989 4018 rescindit.

218 4041 293 4106 Jarn
325 4043 393 4108 adit
425 4041 582 4128 Kaplerus
625 4043 901 4109 »stereometriam
940 4040 1016 4108 dolii
1048 4040 1208 4108 Austriaci
1246 4043 1279 4107 in
1313 4042 1446 4124 speciem

127 4129 282 4213 FIgnram
304 4131 381 4197 dicit
403 4133 481 4198 dolii
502 4131 641 4198 medium
663 4137 815 4197 truncum
837 4131 885 4196 rel
908 4131 990 4196 citrii
1013 4151 1052 4195 ex
1074 4131 1185 4195 circuli
1206 4137 1377 4214 segmento,
1402 4129 1451 4194 rel

127 4222 225 4304 pruni
244 4242 287 4306 ‚ex
309 4221 453 4287 verticali
483 4229 577 4307 parte
608 4219 745 4304 ellipsis,
776 4220 826 4286 vel
853 4219 918 4285 fusi
946 4219 1137 4306 parabolici,
1166 4214 1450 4303 plerumque'rero

127 4307 343 4392 hyperbolici,
383 4312 556 4394 praesectis
594 4309 745 4392 utrinque
778 4308 948 4374 verticibus
978 4307 1177 4391 aequalibus.
1230 4305 1404 4378 Exorditur
1430 4328 1451 4372 a

127 4398 279 4482 cylindris
301 4400 411 4480 rectis,
440 4417 629 4483 comparans
652 4418 746 4462 areas
774 4399 951 4463 sectionum
973 4418 1029 4480 per
1052 4417 1157 4477 axem,
1186 4395 1299 4460 deiude
1320 4393 1447 4459 demon·

126 4495 225 4567 strat,
254 4487 373 4554 cubum
395 4509 463 4554 essa
480 4487 627 4554 'omnium
657 4486 878 4552 columnarum
908 4485 1064 4569 sphaerae
1095 4486 1196 4550 eidem
1223 4483 1450 4566 inscriptorum

126 4578 268 4643 maximo
288 4598 433 4660 corpore,
455 4578 501 4643 sic
516 4576 727 4661 cylindrorum
743 4577 891 4654 omnium,
909 4575 1090 4659 diagoniam
1106 4573 1239 4640 eandem
1254 4570 1448 4650 habentium,

125 4665 374 4750 capacissimum
409 4687 479 4732 esse
512 4687 598 4742 eum,
634 4668 724 4752 cujus
753 4665 909 4730 hamster
941 4664 1027 4730 basis
1056 4664 1099 4728 sit
1123 4662 1167 4728 ad
1195 4660 1395 4727 altitudinem
1417 4661 1450 4726 in

124 4758 252 4824 ratione
269 4753 460 4840 semidupla.
495 4755 575 4821 Hinc
590 4754 676 4822 dolia
688 4753 865 4836 austriaca,
882 4773 967 4838 quae
983 4751 1025 4820 ad
1036 4751 1120 4818 hanc
1134 4769 1277 4818 normam
1291 4747 1450 4816 fabricata
