3406 5542
119 335 121 346 ,
185 371 188 398 Ι
223 263 288 332 ³28
726 265 1073 346 caesenatenses,

223 427 373 496 tacuisset
388 425 467 494 enim
481 427 540 492 boc
556 423 699 503 Ovidius,
727 447 788 492 non
802 447 927 510 puerum
950 419 1144 512 appellasset
1192 425 1270 496 coa
1288 429 1348 494 ddi
1365 421 1572 513 strumas

222 519 307 583 canit
322 517 458 594 Ovidius,
466 519 591 600 fratrea
604 515 754 581 ιιῑιιισιιι
775 515 891 593 laesos,
913 519 1088 601 inteligens
1109 520 1188 584 sorte
1202 517 1354 583 'liberium
1375 528 1409 582 et
1426 519 1571 594 Drusum,

221 609 355 692 Augusti
376 607 546 690 privignos,
575 625 699 688 quorum
719 607 858 670 'liberius
881 613 914 670 et
934 608 1060 672 vitricus
1082 616 1151 672 erat
1172 606 1249 689 GaJ'i.
1278 607 1427 672 Armenia
1441 607 1529 670 onim
1546 608 1572 670 'a

222 697 342 762 ’liborio
358 697 480 772 domita,
496 715 554 778 qno
570 703 705 777 tempore
729 694 767 759 ad
782 695 917 761 Parthos
934 697 1054 772 defecit,
1076 697 1188 761 'liberii
1202 695 1358 780 provincia
1373 703 1451 760 erat
1485 697 1570 760 Her·
1591 741 1594 746 -

220 785 339 850 nardus
360 784 506 866 intelligit
521 785 657 848 uterium
674 783 758 866 caji,
779 783 905 850 Lucium
921 793 952 848 et
967 788 1137 869 Agrippam
1152 805 1271 868 pueros.
1311 787 1358 850 At
1373 805 1426 850 eur
1441 805 1496 848 eos
1510 803 1570 866 po-

220 876 368 940 tissimum
383 875 588 950 ulcisceretur,
605 892 698 938 cause
713 875 797 938 nulla
813 883 950 956 apparet

311 964 387 1028 Cum
398 964 495 1045 'igitur
508 962 594 1026 'exitu
610 963 681 1026 anni
696 964 747 1027 44.
757 963 896 1028 'liberius
911 971 1099 1046 potestatem
1114 963 1301 1031 tribunitiam
1317 963 1572 1046 quinquennalem

221 1053 422 1136 deposuisset,
439 1051 534 1133 Cujus
548 1053 682 1115 vicissim
698 1061 730 1115 et
744 1053 857 1117 Lucius
874 1054 1061 1118 corroborati
1078 1053 1241 1117 secundum
1256 1053 1355 1116 locum
1371 1053 1410 1116 ab
1424 1054 1570 1134 Augusto

219 1143 308 1208 facile
325 1149 514 1205 tutarentur:
538 1141 677 1206 'liberius
693 1143 904 1205 aemulationis
919 1143 1079 1206 nrateriam
1095 1161 1127 1205 se
1143 1143 1224 1206 inter
1243 1148 1276 1205 et
1291 1141 1400 1224 GaJnm
1415 1142 1572 1205 sublatam

220 1231 381 1306 simulans,
403 1238 591 1313 potestatem
612 1231 756 1294 redeundi
778 1231 908 1296 Romam
931 1233 970 1302 ab
990 1229 1138 1338 Augusto·
1156 1232 1281 1312 petivit3
1313 1229 1391 1313 quod
1418 1249 1486 1294 cum
1508 1249 1571 1294 non

218 1319 425 1402 impetrasset,
441 1319 491 1382 diu
507 1319 714 1383 sollicitamur
721 1320 831 1383 Rhodo
846 1321 942 1383 vitam
958 1322 1035 1403 egit:
1058 1321 1188 1386 marium
1204 1321 1369 1384 accedente
1385 1319 1454 1401 cati
1469 1321 1570 1384 olien-

220 1409 312 1484 sione‚
329 1411 367 1472 dc
383 1430 442 1493 qua
452 1407 518 1490 jam
532 1409 638 1472 statim
654 1391 767 1490 aliquid
782 1420 972 1494 sequetur.

305 1500 353 1563 De
369 1497 566 1582 profectionis
576 1497 644 1579 Caji
660 1506 796 1581 tempore
812 1519 861 1562 res
873 1506 921 1561 est
935 1485 1193 1579 clarissimaapud
1203 1497 1406 1574 Paterculum‚
1420 1463 1569 1561 incidisse

218 1609 285 1652 earn
307 1587 338 1651 iu
359 1587 559 1670 posteriorem
579 1595 698 1668 partem
721 1607 791 1650 anm
782 1588 866 1652 ’.ιιι
876 1588 928 1651 44.
967 1586 1061 1668 OaJ‘us
1083 1587 1163 1650 enim
1184 1587 1283 1652 Roma
1305 1589 1476 1669 proiectus,
1500 1607 1570 1650 cum

149 1733 153 1742 .
184 1739 187 1748 ,
217 1675 373 1762 indcium
394 1677 545 1752 venisset,
567 1677 705 1740 liberius
720 1675 829 1740 Rhodo
848 1677 1024 1740 transivit
1015 1699 1047 1740 ιιι
1068 1676 1178 1742 Chium
1201 1671 1252 1757 (ut
1273 1673 1370 1758 Dion)
1394 1684 1427 1740 et
1442 1675 1571 1740 Samum

219 1763 270 1847 (ιιι
286 1763 466 1849 Suetonius)
485 1765 549 1847 ejus
565 1765 720 1829 salutandi
736 1765 845 1830 causa:
863 1775 954 1848 atque
971 1767 999 1829 ei
1010 1764 1104 1846 Gajus
1119 1773 1154 1828 ut
1170 1766 1325 1847 superiori,
1340 1765 1439 1846 inquit
1452 1767 1568 1828 Pater-

221 1855 314 1932 oulus,
330 1875 446 1919 ornnem
461 1855 606 1920 bonorem
623 1855 767 1920 exhibuit
810 1856 857 1918 At
872 1855 954 1920 nulla
969 1874 1003 1918 re
1019 1855 1157 1918 ‘liberius
1174 1853 1250 1935 Oajo
1267 1855 1404 1936 superior
1418 1855 1486 1930 tuit,
1510 1853 1570 1918 nisi

217 1944 392 2009 tribunitiae
415 1943 582 2034 potestatis
605 1944 757 2008 consortio
781 1963 848 2008 cum
869 1946 1033 2026 Augusto:
1058 1944 1117 2008 hac
1141 1943 1277 2026 seposita
1298 1944 1449 2048 dignitate
1472 1943 1570 2024 Gm'us

220 2042 253 2098 et
268 2041 370 2097 rector
385 2034 510 2097 orientis
526 2041 560 2096 et
575 2033 652 2099 dux
644 2053 675 2096 ιιι
682 2033 816 2096 Parthos
832 2041 864 2096 et
875 2033 945 2098 Cos.
962 2033 1140 2114 designatus
1156 2042 1238 2108 ιιιι;
1254 2040 1290 2097 ut
1305 2033 1458 2114 privatam
1472 2051 1568 2114 pree·

217 2124 391 2206 rogativam
404 2131 540 2198 taceam,
560 2123 639 2205 quod
655 2123 749 2204 Cajus
763 2122 897 2203 Augusti
918 2141 957 2185 ex
972 2130 1083 2204 nepote
1103 2122 1182 2184 filius
1201 2124 1316 2186 ascitus
1337 2127 1413 2197 erat,
1428 2121 1570 2186 liberius

217 2213 381 2295 privignus.
421 2207 506 2274 Post
529 2169 619 2276 iinem
642 2230 713 2274 vero
739 2211 809 2274 anni
833 2211 884 2274 44.
906 2210 1027 2275 Tiberio
1057 2211 1196 2276 exiverat
1225 2218 1367 2294 potestas
1399 2211 1569 2274 tribunitia

216 2301 298 2383 Ergo
315 2307 390 2364 ants
403 2302 492 2364 linem
508 2301 579 2363 anui
594 2300 646 2364 44.
663 2300 757 2381 Cujus
772 2301 802 2366 in
816 2300 894 2365 Asia
910 2301 975 2363 fuit.

306 2389 457 2455 Calvisius
473 2389 523 2454 iol.
541 2389 592 2452 28.
613 2388 789 2471 Epistulae,
818 2397 853 2452 ut
875 2389 983 2471 Cajum
1007 2407 1086 2452 anno
1108 2389 1300 2454 sesamae
1322 2389 1436 2452 habere
1457 2389 1569 2470 pessit,

217 2479 385 2546 discessum
408 2479 472 2560 ejus
495 2478 533 2541 ab
549 2479 622 2542 urbe
646 2479 855 2543 accommodat
869 2479 919 2542 fini
936 2479 1006 2541 anni
1022 2477 1087 2554 45,
1109 2477 1168 2541 hoc
1182 2499 1256 2542 usus
1272 2485 1465 2559 argumento,
1487 2478 1569 2561 qnod

91 2630 94 2644 ,
216 2569 380 2634 Suetonius
395 2568 491 2632 vitam
500 2567 638 2632 Tiberii
624 2587 691 2650 Jam
704 2567 825 2649 privati,
841 2587 931 2672 quarn
947 2567 1011 2649 egit
1020 2567 1123 2630 Rhodi
1137 2588 1194 2649 per
1202 2566 1363 2642 biennium
1379 2567 1568 2646 describens,

216 2661 313 2725 utitur
334 2657 435 2721 verbis
456 2657 556 2721 hisce·
580 2665 609 2722 et
630 2665 826 2722 caecassent
845 2657 978 2742 majoris
998 2655 1226 2722 sollicitudinis
1248 2677 1370 2720 musae.
1421 2655 1569 2738 Notaque

212 2749 392 2832 priusquam
409 2745 521 2830 cajum
537 2741 650 2811 arisati
660 2745 884 2829 praepositum,
901 2767 971 2810 oum
984 2747 1107 2811 mesca·
1123 2767 1221 2810 causo
1236 2745 1410 2830 sujectum
1424 2745 1569 2823 Sarnaca,

216 2835 400 2904 αιίειιιοιιιιι
413 2837 475 2900 eibi
488 2836 591 2910 ιιιιιιι,
609 2843 642 2899 ιι
656 2835 780 2917 reliqna.

303 2927 382 2991 Hinc
398 2945 470 2988 vero
487 2924 639 2990 Calvisius
654 2945 715 2988 non
729 2924 841 3006 probat
855 2924 1038 3000 necessario,
1054 2921 1163 3006 cajum
1183 2905 1352 3006 proiectum
1367 2923 1515 2987 Tiberio‘
1500 2943 1568 3006 Jam
1611 2939 1614 2946 ·

216 3016 369 3099 privatam
381 3015 480 3076 vitam
496 3021 621 3096 agente:
653 3021 760 3078 contra
782 3013 975 3077 manifestam
996 3013 1117 3076 literam
1138 3014 1309 3090 Paterculi,
1330 3015 1381 3095 qni
1403 3014 1496 3077 rebus
1518 3013 1568 3078 bis

215 3103 362 3168 interfuit
408 3103 471 3167 Sed
485 3103 543 3166 lroc
559 3103 656 3166 solnm
671 3102 817 3166 habemus
833 3121 872 3166 ex
886 3102 987 3166 verbis
1003 3102 1174 3178 Suetonii,
1165 3111 1246 3166 tuter
1262 3121 1381 3177 causas,
1403 3121 1457 3166 cur
1471 3103 1567 3166 'libe-

216 3193 279 3257 rius
296 3192 435 3274 deposita
445 3191 511 3273 jam
525 3191 683 3256 tribunitia
697 3197 854 3274 potestate
871 3198 1032 3273 tantopere
1050 3190 1108 3255 sibi
1122 3198 1290 3268 metueret,
1313 3209 1404 3274 seque
1420 3193 1522 3274 ipsum
1535 3191 1569 3256 in

216 3289 337 3346 tantum
353 3281 546 3346 solitudinem
554 3281 716 3364 redigeret
732 3280 824 3345 etiam
838 3281 897 3343 hoc
913 3281 1014 3356 fuisse,
1030 3282 1155 3363 quodeo
1166 3289 1311 3363 tempore,
1325 3301 1383 3363 quo
1400 3281 1441 3343 ad
1457 3281 1569 3362 Cajum

215 3371 360 3446 venisset,
377 3371 551 3434 alieniorem
566 3369 650 3434 illum
666 3370 797 3434 senserit
820 3389 859 3434 ex
874 3370 1131 3434 criminationibus
1146 3371 1188 3434 Μ.
1204 3368 1295 3434 Lollii
1317 3371 1447 3434 rectoris
1464 3377 1497 3432 et
1512 3389 1568 3434 ce-

215 3461 298 3556 rpitis
314 3460 359 3522 sni
375 3462 497 3524 factum.
524 3457 652 3531 Quando
663 3458 801 3523 Tiberius
816 3457 874 3522 hoc
890 3459 1030 3536 senserit,
1046 3459 1184 3542 privatus
1201 3479 1240 3523 an
1256 3459 1445 3524 tribunitiam
1457 3479 1568 3540 gorens

214 3527 411 3656 potestatem,
426 3549 500 3612 nihil
516 3549 556 3612 ad
571 3555 691 3612 textum
706 3545 845 3612 Suetonii
869 3549 1016 3629 pertinet.
1041 3549 1163 3624 sufficit,
1176 3557 1213 3613 ut
1227 3551 1304 3612 haec
1325 3567 1398 3612 cura
1412 3549 1568 3614 'liberium

209 3639 274 3722 jam
296 3637 449 3720 privatum
472 3639 600 3701 auxerit.
644 3639 711 3702 Nec
725 3639 914 3719 negaverim,
935 3637 983 3701 bis
999 3637 1187 3702 Tiberium
1168 3657 1235 3701 cum
1251 3637 1328 3720 cajo
1343 3639 1447 3713 fuisse,
1472 3639 1568 3702 semel

154 3787 157 3797 ,
214 3727 390 3792 tribunitiae
405 3728 571 3808 potestatis
587 3734 772 3803 consortem,
801 3746 867 3790 cum
895 3727 1015 3808 obviam
1037 3725 1081 3790 illi
1101 3728 1281 3792 adventanti
1309 3727 1544 3809 processisset
1535 3749 1568 3792 ιιι

215 3816 323 3886 Chium
337 3835 440 3898 usque,
460 3816 511 3880 nbi
533 3822 565 3879 et
581 3815 674 3879 coluit
689 3815 772 3878 illum
787 3815 910 3898 ejusque
927 3816 1061 3893 comites,
1076 3824 1112 3880 nt
1126 3817 1208 3881 Dion
1223 3819 1326 3892 refert,
1346 3824 1381 3879 et
1392 3816 1532 3882 vicissim
1548 3840 1567 3881 a

215 3905 290 3986 cajo
308 3906 406 3968 cultus
423 3912 472 3968 est
488 3904 525 3968 ob
542 3905 723 3987 dignitatem
733 3923 821 3987 qnam
831 3905 959 3987 gerebat
974 3904 1200 3988 amplissimam,
1214 3907 1439 3970 ntPatercnlns
1455 3927 1567 3970 moen·

215 4003 278 4070 set;
301 3995 410 4058 iterum
431 4013 503 4058 vero
520 4013 587 4058 cum
602 3995 696 4077 Cujus
719 4014 735 4056 e
752 3992 829 4058 chio
852 3994 1019 4058 transisset
1032 3994 1064 4059 in
1079 3993 1218 4070 Samum,
1238 4003 1374 4078 pergent
1384 3995 1417 4058 in
1432 3995 1567 4078 Syriam,

150 4140 152 4150 .
213 4085 312 4166 ibique
328 4101 429 4146 moras
445 4083 562 4167 aliquas
579 4077 630 4163 (ut
644 4083 727 4166 prius
743 4082 836 4146 etiam
849 4077 1024 4167 Augustus)
1041 4091 1188 4161 rederet,
1203 4085 1324 4149 interim
1339 4085 1409 4147 dum
1424 4086 1568 4150 'liberius

209 4173 275 4256 J’am
290 4173 429 4255 privatus
445 4180 529 4236 esset
543 4174 652 4237 iactus.
688 4174 768 4237 Nam
784 4172 874 4236 aliter
889 4173 1006 4237 salutat
1019 4173 1235 4256 magistratum
1249 4193 1369 4254 gerens,
1391 4173 1485 4238 aliter
1498 4175 1566 4259 pri-

213 4269 314 4334 vatus.
343 4261 387 4324 Et
402 4261 543 4326 credibile
560 4270 624 4338 est,
645 4262 796 4325 Tiberium
819 4260 982 4331 sollicitum
1002 4263 1127 4328 fortuna
1143 4263 1213 4345 Oaji
1232 4262 1364 4347 privigni
1382 4264 1485 4344 prima
1499 4265 1567 4328 viee

212 4372 273 4418 non
293 4352 402 4432 longas
424 4369 525 4415 moras
538 4353 682 4414 nexuisse
698 4351 778 4432 apud
795 4349 917 4434 (iejum,
927 4371 929 4376 ’
940 4372 978 4415 ne
995 4351 1203 4418 ostentatione
1225 4351 1402 4417 tribunitiae
1417 4361 1565 4436 potesta·

213 4442 254 4506 tis
270 4442 354 4504 illum
370 4441 550 4517 offenderet,
573 4461 667 4524 eoque
684 4439 789 4524 statim
810 4448 846 4503 nt
862 4459 928 4504 eam
947 4448 1138 4522 potestatem
1160 4443 1302 4524 deposuit
1323 4443 1364 4506 ad
1379 4441 1492 4526 Gajnm
1512 4461 1564 4506 re·

211 4549 340 4605 versum,
356 4535 391 4591 ut
406 4537 548 4611 quantum
565 4531 648 4611 prius
663 4537 822 4610 respectus
838 4530 998 4612 dignitatis
1015 4533 1122 4596 officiis
1139 4532 1310 4607 demsiaset,
1331 4531 1441 4612 idjam
1457 4533 1562 4614 priva-

213 4625 262 4682 tus
278 4619 343 4701 ipse
359 4617 517 4698 diligentia
539 4623 572 4680 et
586 4618 729 4702 obsequio
751 4625 905 4700 pensaret.
950 4621 1034 4684 Tunc
1056 4621 1149 4704 igitur
1163 4621 1345 4685 luculentior
1368 4622 1490 4686 occasio
1506 4621 1564 4684 fuit

137 4701 140 4717 '
213 4705 298 4787 (iujo,
312 4707 458 4787 prodendi
475 4707 669 4770 offensionem
693 4709 724 4770 in
746 4706 913 4788 privatum,
934 4728 1024 4791 qnam
1039 4709 1122 4792 prius
1137 4712 1167 4774 in
1189 4709 1383 4792 superiorem.
1429 4713 1514 4774 ‘l'unc
1529 4717 1562 4774 et

212 4813 315 4860 verum
336 4795 435 4876 magis
455 4803 599 4877 apparet,
622 4798 701 4879 quod
723 4795 829 4860 scribit
844 4797 1024 4862 Suetonius:
1049 4800 1202 4864 Tiberium
1216 4800 1247 4862 iu
1269 4800 1322 4863 illo
1339 4801 1463 4882 abjecto
1478 4801 1560 4864 aicae
