3310 5538
253 329 296 398 34
827 419 829 423 ι
860 353 982 419 Dialogus

251 509 340 546 uorum
357 495 473 560 imperio,
492 506 571 558 unque
590 493 624 544 ad
641 499 727 544 norm
746 499 860 558 tempora
876 493 1004 549 lulianum
1017 493 1194 546 Calendarium
1212 495 1374 548 retinuerunt
1412 497 1443 548 In
1461 497 1595 548 Germanh

251 572 345 624 autem,
358 567 423 618 siout
439 573 465 617 et
475 567 501 614 in
513 564 621 622 Polonia,
639 561 779 632 Hungaria,
793 566 892 626 Suecia,
905 567 996 625 Dania,
1011 565 1104 624 Scotia,
1117 567 1218 632 Augila,
1237 568 1299 618 item
1311 569 1336 617 iu
1348 567 1484 628 Rutbenia,
1499 569 1595 628 Gothia,

251 643 299 687 eto.
312 651 363 687 uua
376 651 433 686 curn
443 637 584 686 Christiana
595 635 643 686 lide
654 635 830 686 Calendarium
842 637 903 688 illud
914 645 1043 703 receptum
1055 643 1102 688 ert
1127 637 1159 688 Et
1170 644 1273 688 utuntur
1284 641 1425 703 quantitate
1437 639 1595 690 anniJuliani

250 707 415 760 Patriarchae
424 707 615 766 Alexandrinus,
628 707 806 768 Antiocheuue,
820 708 1112 774 constantinopolitanus,
1126 709 1259 760 Christiani
1271 711 1374 769 inhria,
1387 711 1502 771 Graecia,
1516 711 1595 775 Syria,

249 780 375 846 Aegypto,
393 779 525 838 Moeooric,
536 778 677 838 Rutheuia,
698 779 793 844 Regnie
806 781 1052 844 septentrionalibus,
1068 781 1165 846 Magna
1178 780 1320 840 Germania,
1339 783 1484 847 Aethiopia,
1500 783 1597 849 Hagno
1652 815 1653 826 ,

142 899 145 905 ,
249 852 378 911 Armenia,
392 847 526 915 Georgiani
539 856 565 899 et
576 852 603 900 in
620 865 716 900 summa
733 867 831 912 omues,
851 854 936 917 quiin
955 853 1014 902 orbe
1026 853 1159 904 Terrarum
1176 851 1274 906 cbnrto
1293 867 1382 903 nomen
1398 855 1530 912 dederunt
1568 855 1596 904 Et

250 923 362 988 quamvis
375 937 391 972 a
402 923 516 973 Romano
527 920 648 974 Pontifice
661 925 708 986 ipsi
722 923 754 972 ad
767 923 937 988 accipiendam
950 925 1009 974 anni
1020 923 1167 989 Gregoriani
1178 924 1282 974 formam
1294 923 1386 974 iuer-int
1397 926 1504 984 inritati.
1518 925 1595 979 Julia-

249 1007 308 1043 num
320 1001 405 1044 tamen
417 1007 509 1043 aunum
521 993 638 1044 retinent.
673 992 788 1044 Occurrit
804 1001 889 1046 tamen
901 1011 985 1044 rursus
997 995 1061 1044 haec
1074 995 1222 1054 differentia,
1234 996 1299 1060 quod
1311 996 1412 1046 Anneni
1423 1012 1526 1046 meuses
1539 995 1595 1048 Per·

209 1119 211 1125 ⁴
250 1079 333 1114 rarum
352 1079 420 1116 more
439 1064 567 1123 ordinent,
589 1071 614 1114 et
633 1065 737 1130 cingulis
755 1065 871 1124 30diee,
891 1066 978 1120 ultimo
998 1073 1083 1116 autem
1102 1064 1136 1116 35
1156 1069 1298 1132 artigueute
1326 1067 1486 1118 exordiantur
1503 1081 1596 1118 aunum

250 1136 273 1186 d.
289 1137 329 1186 11.
342 1137 457 1201 Augusti,
471 1135 530 1198 ttyli
542 1134 652 1194 Juliuni,
672 1138 736 1186 siout
748 1143 835 1186 contra
847 1137 982 1188 cmnuani
993 1139 1018 1186 in
1031 1139 1148 1202 Aegypto
1167 1144 1194 1189 et
1204 1141 1230 1188 in
1242 1139 1377 1204 Aethiopia
1388 1139 1412 1188 d.
1425 1138 1469 1189 29.
1479 1140 1594 1205 Augure·

243 1257 245 1264 ,
317 1205 347 1256 ln
366 1219 465 1257 summa
483 1207 611 1270 quaelibet
629 1208 737 1258 ecclesia
755 1209 860 1258 formam
878 1209 947 1258 illam
967 1207 1109 1259 calendarii
1120 1208 1215 1261 Juliaui
1233 1211 1348 1270 retinuit,
1368 1217 1436 1274 quae
1451 1209 1497 1269 rub
1516 1217 1596 1262 ortum

247 1279 313 1330 illiue
326 1281 351 1328 in
363 1279 463 1343 regione
476 1278 563 1342 viguit.
585 1277 700 1329 Patescit
711 1281 787 1344 igitur
804 1294 835 1329 ex
850 1281 973 1334 haetenus
987 1281 1068 1339 dictia
1082 1283 1249 1346 quantitatem
1264 1284 1323 1332 anui
1335 1281 1429 1332 Juliaui
1441 1277 1533 1346 365¹i,
1548 1282 1596 1332 die-

248 1364 303 1400 rum
315 1351 426 1400 omuibus
443 1349 594 1412 temporibus
612 1364 657 1413 per
674 1356 755 1400 totum
766 1351 819 1402 iere
839 1352 922 1401 orbem
941 1352 1084 1402 obtinuisse.
1121 1351 1173 1402 Sed
1184 1353 1244 1404 illae
1259 1354 1388 1411 nationes,
1408 1366 1474 1418 quae
1493 1361 1597 1403 utrmtnr

246 1435 310 1470 anno
321 1421 429 1479 Lunari,
448 1422 542 1485 partim
561 1422 740 1486 longitudinem
760 1425 818 1472 anni
836 1421 934 1472 Juliaui
952 1423 1134 1481 diminuerunt,
1154 1424 1218 1489 quod
1234 1425 1282 1474 hac
1301 1426 1327 1474 in
1345 1425 1515 1488 computando
1535 1437 1597 1474 auno

245 1508 289 1543 auo
306 1492 400 1542 Lunari
419 1505 505 1542 carere
523 1507 572 1542 non
588 1501 698 1558 possunt.
736 1493 788 1543 Hoc
806 1496 872 1544 inter
888 1496 982 1558 primur
1001 1495 1048 1544 luit
1064 1493 1237 1559 Hipparchus,
1258 1495 1369 1546 Graecae
1389 1496 1475 1554 homo,
1496 1497 1542 1560 qui
1564 1499 1597 1546 ita

244 1565 367 1615 ordinarit
386 1564 563 1614 Calendarium
582 1580 668 1624 suum,
687 1572 716 1615 ut
734 1565 804 1616 anuis
820 1565 874 1616 304
892 1565 999 1616 Juliauir
1018 1568 1128 1626 exactis,
1147 1568 1190 1631 qui
1208 1565 1342 1616 conficiunt
1357 1573 1464 1631 quatuor
1482 1567 1597 1632 periodon

246 1635 404 1701 Galippioas,
424 1634 561 1700 quamlibet
578 1630 614 1686 76
627 1650 760 1696 annorum,
780 1637 833 1687 dieo
852 1651 915 1687 unua
932 1638 1008 1688 luerit
1026 1643 1147 1688 exemtua
1179 1637 1230 1688 Sed
1248 1638 1312 1688 haec
1333 1639 1455 1689 ordinatio
1477 1638 1595 1690 effectum

247 1721 319 1757 suum
340 1712 447 1756 nonest
468 1708 568 1766 sortita,
598 1710 714 1771 quoniam
732 1707 839 1758 Romani
858 1714 912 1758 tum
928 1710 1047 1772 temporis
1063 1710 1193 1774 imperinm
1213 1707 1379 1760 Macedonum
1399 1716 1425 1760 et
1443 1707 1595 1760 &raucorum

245 1779 291 1828 rub
312 1783 463 1842 potestatem
488 1791 559 1828 uuam
584 1779 735 1843 redegerunt
766 1783 792 1829 et
821 1779 886 1829 hunc
911 1779 1042 1830 innovandi
1072 1781 1194 1844 pruritum
1217 1783 1243 1830 iu
1265 1782 1326 1844 ipsiu
1351 1783 1542 1840 exstinxerunt,
1571 1789 1597 1830 nt

246 1847 344 1913 Calippi
363 1849 488 1899 calculum
505 1850 611 1902 libenter
629 1852 787 1909 retinuerint,
807 1853 849 1915 qui
867 1853 893 1901 in
904 1853 1045 1915 quantitate
1065 1853 1124 1902 anni
1135 1851 1228 1902 Jnliaui
1246 1851 1376 1910 fundatur,
1395 1853 1474 1902 donec
1494 1853 1596 1904 medem

245 1935 304 1971 mox
321 1920 402 1970 Julius
420 1919 515 1970 caesar
531 1917 567 1980 (in
585 1923 670 1986 primia
681 1918 859 1986 Antiochenoe)
873 1922 953 1974 Solari
966 1922 1114 1974 Celenderio
1134 1935 1279 1975 umescere
1298 1924 1389 1974 docuit.
1421 1923 1595 1988 Hipparchum

244 1999 332 2041 tamen
343 1992 436 2042 ludaei
447 1991 501 2046 300
513 1995 584 2044 annio
596 1999 653 2058 post
666 1993 722 2044 Chr.
736 2010 759 2044 u.
774 1995 853 2043 secuti
865 2000 934 2051 runt,
955 1996 997 2058 qui
1008 1994 1141 2045 hodienum
1158 1995 1184 2044 in
1196 2000 1310 2058 computo
1323 1995 1442 2044 sertorum
1455 2011 1560 2046 suorum
1572 2002 1596 2044 et
1652 2019 1653 2022 ¹

245 2075 365 2113 annorum
378 2077 478 2112 tuorum
490 2062 626 2114 Lunarium
636 2063 773 2130 Hipparchi
785 2066 953 2129 quantitatem
966 2067 1024 2114 cuni
1035 2068 1116 2115 minue
1131 2072 1276 2116 accuratam
1289 2073 1424 2124 sectantur.
1448 2064 1503 2116 Hoe
1517 2070 1595 2117 secuti

221 2165 224 2174 ·
244 2141 303 2184 sunt
318 2134 412 2184 Pareae
429 2129 488 2195 (non
506 2141 593 2184 tamen
611 2141 670 2186 ante
687 2149 763 2201 qnam
780 2150 872 2186 annum
890 2136 1016 2186 Lunarem
1033 2135 1223 2188 Sarraceuicum
1240 2134 1400 2201 adoptarunt)
1419 2150 1485 2188 anuo
1504 2138 1594 2189 Christi

190 2213 195 2234 ¹
245 2203 322 2264 1079,
335 2212 363 2255 at
375 2207 544 2270 quantitatem
557 2208 617 2256 anui
628 2223 677 2258 non
694 2223 750 2258 cum
761 2207 866 2258 «ludaeis
884 2223 915 2258 ex
925 2209 1081 2272 Hipparcho,
1101 2209 1147 2258 red
1163 2209 1299 2260 secuudum
1315 2210 1390 2260 horae
1408 2215 1436 2258 et
1452 2212 1556 2260 minuta
1568 2224 1594 2259 cx

243 2277 350 2328 motibus
363 2276 425 2326 coeii
437 2277 599 2328 deduxerunt.
621 2277 732 2339 Interim,
744 2286 816 2342 prout
828 2279 978 2338 dictumest,
990 2294 1071 2346 neque
1079 2279 1174 2330 Pareae
1182 2294 1264 2344 neque
1274 2279 1366 2330 Judaei
1377 2293 1470 2330 aunum
1481 2280 1595 2332 Solarem

244 2355 381 2399 correctum
398 2348 518 2399 adhibent
536 2349 562 2399 in
581 2351 721 2402 ordinandis
741 2352 791 2402 suis
808 2351 880 2400 iestis
897 2357 924 2401 et
939 2353 1046 2416 negotiis
1059 2353 1092 2402 ad
1113 2350 1166 2424 dies
1189 2357 1269 2401 certor
1288 2351 1490 2416 adstringendis,
1510 2368 1595 2404 rerum

241 2419 391 2471 colummodc
404 2419 436 2470 ad
449 2422 642 2485 computandum
660 2436 752 2473 annum
763 2422 892 2486 politicum
903 2421 1037 2480 Lunarem,
1049 2421 1115 2486 qnod
1127 2423 1179 2471 eine
1198 2435 1262 2472 anuo
1276 2421 1356 2472 Solari
1373 2423 1428 2472 lieri
1440 2439 1491 2473 non
1503 2431 1593 2488 potest

241 2489 376 2541 Christiani
387 2497 473 2541 autem
485 2493 511 2541 in
523 2493 650 2543 occidente
662 2494 735 2558 primi
747 2494 862 2552 fuerunt,
881 2495 923 2558 qui
941 2507 1004 2543 anno
1020 2491 1100 2551 1582,
1122 2495 1277 2558 exemptione
1293 2497 1370 2544 trium
1387 2495 1485 2544 dierum
1505 2499 1533 2545 in
1543 2495 1595 2546 4OE

239 2563 313 2614 amir
326 2577 357 2613 ex
369 2561 469 2613 iuliano
482 2577 547 2614 anuo
559 2564 701 2623 univerrali,
713 2565 867 2629 peculiarem
879 2577 971 2614 annum
983 2563 1095 2616 Solarem
1107 2565 1234 2629 politicum
1245 2567 1443 2618 introduxerunt.

333 2635 607 2699 cancellarius:
631 2638 717 2700 Aber
735 2637 828 2700 khein
847 2637 907 2698 iein
924 2637 1007 2716 Ding
1026 2642 1089 2716 ulir
1110 2655 1142 2700 ee
1162 2644 1291 2718 gereret,
1313 2657 1380 2700 wan
1398 2639 1447 2700 die
1466 2638 1593 2702 Anord-

242 2743 324 2805 uung
339 2725 405 2788 alec
427 2725 601 2788 bescheheu
622 2733 723 2802 were,
741 2726 813 2788 dass
829 2726 1074 2789 Weihennaohte
1096 2726 1158 2787 vnd
1174 2725 1288 2830 erern
1311 2727 1457 2790 einander
1482 2728 1596 2791 entiich

241 2815 603 2965 begeghtllgirileegtiznetee:
632 2902 691 2964 Die
722 2849 966 2966 Weihenndchte
988 2866 1143 2966 reinduit
1167 2861 1276 2966 talzeitt¹
1296 2905 1447 2987 geordnet
1471 2900 1600 2986 geuest,

241 2991 372 3054 eundern
388 2991 520 3053 einmahi
542 2992 690 3070 geordnet
711 2993 847 3078 condem
871 2993 978 3056 hetten
993 2993 1071 3057 auch
1091 2991 1233 3064 khiinden
1249 2995 1380 3057 einmahl
1400 3014 1462 3057 von
1483 3014 1596 3058 unsren

239 3080 491 3144 Nachkhommen
511 3081 588 3142 liber
609 3081 709 3150 cubili
727 3083 857 3143 teusend
871 3081 963 3155 Jahr,
983 3100 1043 3143 wer
1064 3101 1098 3144 ao
1121 3081 1207 3143 weitt
1228 3083 1353 3146 hiname
1375 3084 1512 3163 glauben
1527 3085 1597 3156 will,
1650 3095 1653 3178 ss

239 3187 309 3231 vom
326 3169 376 3232 25.
386 3169 529 3232 Decemb.
544 3169 663 3232 hinnuli
675 3171 841 3250 geruekhet
856 3171 984 3244 werden,
999 3173 1037 3240 <eo
1053 3179 1111 3244 quil
1129 3179 1186 3229 bile
1197 3181 1358 3232 menendum
1371 3187 1449 3238 osset,
1468 3181 1597 3234 nimum

239 3259 286 3321 hoo
306 3265 363 3324 port
379 3265 479 3311 tantum
496 3259 615 3323 temporie
633 3258 791 3308 intervallum
808 3259 910 3310 tandem
927 3272 983 3308 cum
1004 3259 1068 3308 leuto
1085 3259 1224 3310 Paschatco
1244 3259 1395 3310 coincideret
1414 3261 1456 3311 rel
1481 3267 1596 3327 tempore

239 3332 335 3380 aestivo
357 3329 542 3382 celebraretur?
573 3327 672 3380 Dantur
693 3330 825 3380 hodienum
847 3333 872 3380 in
893 3330 950 3380 orbe
971 3329 1097 3388 homines,
1126 3332 1168 3396 qni
1187 3331 1280 3380 loetum
1300 3332 1442 3382 nativitatis
1463 3333 1596 3384 uobiscum
1645 3341 1649 3348 '

240 3403 340 3467 quidem
358 3402 498 3461 celebrant,
526 3402 571 3453 sed
594 3401 662 3466 apud
684 3415 745 3466 quoa
768 3416 817 3452 non
835 3401 929 3458 Heme,
953 3401 998 3451 sed
1023 3407 1109 3451 aeetae
1128 3408 1181 3460 eat,
1207 3408 1237 3452 nt
1257 3401 1387 3454 cbilenser
1408 3403 1435 3452 iu
1456 3403 1597 3466 America)

237 3474 300 3535 vnd
314 3479 394 3536 wire
409 3475 510 3554 Bapst
525 3471 674 3553 Gregorio
697 3474 740 3535 vil
761 3473 866 3536 besser
888 3473 1112 3552 angeetanden,
1136 3492 1168 3535 er
1191 3473 1277 3536 hette
1300 3474 1358 3536 den
1380 3474 1593 3539 Julicnisohen

239 3561 390 3626 Calender
405 3563 589 3626 vnverruckt
600 3563 746 3644 gelassen
762 3563 823 3625 und
839 3563 887 3626 die
902 3561 1146 3626 Weihenuiichte
1168 3581 1238 3625 vom
1253 3562 1303 3625 25.
1326 3563 1358 3626 in
1381 3563 1442 3627 den
1460 3565 1512 3630 15.
1525 3565 1595 3630 De-

133 3702 137 3710 .
230 3653 359 3734 ⁸cember
374 3653 650 3733 heraniigeruckht.
724 3661 726 3668 '

329 3740 604 3805 cancellarius:
635 3741 749 3804 Besser
770 3739 843 3804 Julii
866 3737 1008 3804 Caesaris
1027 3737 1260 3820 Jahrrechnung
1281 3741 1448 3821 gedudert,
1471 3741 1520 3805 als
1544 3743 1596 3806 die

211 3827 427 3912 ‘Eineatzung
459 3831 512 3894 der
533 3829 669 3894 Kirchen
699 3829 756 3892 mit
784 3829 993 3909 Abthuehung
1023 3829 1085 3890 vnd
1102 3829 1295 3910 Versetzung
1324 3830 1407 3895 eines
1433 3850 1470 3892 ee
1492 3832 1594 3896 hoch-

240 3919 371 4000 heiligen
386 3921 487 3983 Festa.
512 3919 582 3982 Den
598 3939 632 3981 so
649 3919 712 3982 diss
728 3938 784 3982 nur
799 3917 855 3979 mit
863 3917 1128 3981 Weihenniichten
1143 3918 1315 3982 bescheheu
1330 3925 1420 3994 wilre,
1437 3939 1472 3982 sc
1489 3927 1596 3985 waren

238 4009 285 4070 die
301 4007 545 4073 Weihenniichte
562 4010 630 4071 dem
647 4007 679 4071 S.
694 4007 867 4087 Johanstag
888 4007 928 4069 im
943 4006 1095 4082 Summer,
1114 4007 1175 4070 vnd
1196 4009 1261 4070 also
1278 4008 1358 4072 allen
1373 4011 1595 4090 vorgehenden

237 4098 482 4179 vnbewegliohen
492 4101 607 4162 Festen
622 4097 783 4178 begegnet,
797 4097 860 4158 vnd
869 4097 902 4176 je
919 4097 1023 4176 longer
1032 4097 1065 4178 je
1081 4095 1174 4158 neher
1189 4115 1225 4158 zu
1240 4099 1314 4159 Inen
1331 4099 1511 4179 geruohhet,
1527 4102 1596 4163 hias

236 4187 280 4250 eie
307 4188 420 4250 entiich
446 4187 524 4250 auch
549 4205 693 4248 cunamen
716 4192 817 4249 wiron
842 4186 1011 4249 khommen.
1054 4187 1120 4248 Des
1139 4190 1203 4249 wiir
1219 4185 1378 4249 ebermahl
1397 4191 1595 4270 vngereimet

234 4277 318 4358 Ding
334 4284 457 4362 gewest
497 4277 593 4339 Hette
608 4294 679 4338 man
696 4275 753 4344 den
769 4273 801 4338 S.
817 4274 991 4356 Johanstcg
1009 4276 1071 4336 vnd
1085 4275 1202 4339 Mariae
1217 4274 1461 4360 Verhiindigung
1478 4281 1594 4353 (quaein

235 4377 314 4424 oacrio
326 4375 406 4424 literia
423 4389 480 4424 cum
494 4372 587 4423 Christi
599 4370 738 4423 Senatorio
756 4379 812 4423 ortu
826 4367 974 4438 junguntur)
990 4364 1130 4426 samtlich
1145 4365 1318 4440 verrucllhi,
1333 4386 1368 4429 80
1384 4368 1455 4430 heti
1468 4387 1504 4431 es
1520 4369 1592 4432 eine

234 4453 415 4517 merckliche
437 4455 600 4533 'lhennung
624 4453 761 4534 gegeben
786 4453 840 4514 der
862 4451 1010 4534 Ordnung
1032 4453 1086 4515 der
1105 4454 1199 4515 Ferte
1220 4453 1261 4515 im
1281 4453 1374 4532 Jahr,
1398 4455 1493 4519 deren
1516 4477 1591 4522 man

234 4551 327 4622 ganta
349 4543 410 4604 vnd
432 4559 490 4622 gar
512 4543 653 4622 gewohnt
675 4543 717 4605 ist
739 4545 878 4612 (etsensim
889 4549 994 4600 historia
1005 4551 1196 4615 praeteritorum
1212 4555 1365 4613 temporum,
1385 4565 1452 4616 quae
1470 4557 1593 4606 intimam

234 4645 291 4682 cum
303 4631 453 4682 Sanctorum
466 4630 553 4681 diebua
564 4631 742 4682 connexionem
751 4637 898 4696 agnoscunt,
911 4643 958 4680 neo
971 4630 1079 4682 alioiere
1090 4630 1237 4680 charactere
1246 4631 1367 4696 indigent,
1380 4633 1592 4695 obscurarentur,

232 4701 403 4768 plurimaeque
417 4703 571 4752 etiamnunc
584 4701 738 4754 confusiones
755 4703 888 4760 orirentur,
909 4715 966 4752 cum
981 4701 1061 4752 ordini
1078 4701 1197 4752 festorum
1213 4701 1353 4752 introducto
1373 4707 1470 4756 assueti
1488 4705 1593 4771 aimus).

234 4771 373 4849 Entlich,
396 4795 430 4837 eo
445 4793 516 4836 man
537 4774 594 4836 mit
615 4774 696 4838 allen
718 4773 780 4836 vnd
797 4773 889 4853 jeden
912 4772 1156 4854 vnbewegliohen
1170 4773 1286 4836 Festen
1309 4773 1350 4836 im
1371 4775 1592 4843 Julianisohen

235 4857 386 4926 Galender
408 4863 479 4926 emb
503 4863 599 4928 athen
619 4865 686 4944 Tag
699 4863 772 4926 'und
799 4863 930 4944 kunfftig
954 4861 1014 4926 alle
1038 4861 1104 4926 400
1118 4859 1196 4938 Jahn
1223 4863 1293 4924 vmb
1322 4863 1343 4928 3
1364 4863 1431 4946 Tag
1458 4867 1591 4932 hincui-
