3390 5542
269 211 333 274 646
841 210 928 261 Tertia
945 211 1015 262 nm.

268 391 467 446 exhaustarum
487 405 683 444 mensuratum.
723 387 753 444 Si
772 405 823 460 per
842 391 991 462 simplicem
1017 391 1189 446 altitudinem
1209 392 1344 462 segmenti
1365 389 1529 460 macris.
1549 409 1582 446 ca

267 471 365 525 luisset
389 489 443 525 non
470 471 517 533 74,
542 472 590 522 sed
616 471 669 533 66,
698 469 833 540 segmenti
856 472 980 525 soliditas
1005 471 1112 535 76312,
1137 472 1288 526 defidentia
1307 489 1371 526 mo
1390 472 1479 541 apicis
1498 473 1583 532 364⁰,

268 551 391 606 soliditas
415 565 484 620 ergo
510 549 647 619 segmenti
675 551 711 604 de
738 557 835 604 mco
865 551 972 612 71672,
998 559 1076 604 certo
1095 552 1285 621 minorjusto.
1322 553 1379 606 lios
1398 551 1497 622 igitur,
1516 553 1583 622 quod

267 631 313 685 liic
331 631 419 700 mqjua
439 629 598 692 invenimus,
618 645 668 699 pro
688 645 754 684 vero
774 624 1007 700 amplectimur.⁴¹)

356 722 399 787 At
420 723 502 786 euim
523 722 683 806 excipient
697 723 865 806 Apollonii,
889 743 930 786 ne
951 723 997 787 sio
1018 721 1155 806 quidem
1178 722 1240 787 bac
1260 722 1425 788 soliditate
1446 743 1583 806 segmen·

268 821 373 876 torum
403 811 586 876 conicornm
616 826 782 888 concessa,
822 812 1023 876 satisfactum
1053 811 1230 876 diversitati
1260 813 1293 876 in
1322 811 1434 892 doliis3
1473 813 1586 894 qnippe

266 901 345 965 haec
367 898 530 979 soliditas,
562 919 634 964 curn
658 921 697 964 ex
720 901 816 965 unius
838 899 961 966 lormae
991 909 1148 966 metatore
1176 907 1396 986 computetur,
1429 923 1497 966 non
1519 901 1587 983 plus

267 1010 366 1072 quarn
387 989 444 1053 uni
461 988 584 1070 figurae
605 988 763 1054 doliorum
786 988 983 1074 quadrabit?
1006 987 1077 1054 Scio
1100 989 1265 1072 equidem:
1288 1009 1390 1074 quare
1412 997 1453 1054 ut
1476 997 1509 1052 et
1528 987 1587 1052 illis

267 1075 478 1158 satnsuiam,
511 1077 553 1141 ad
583 1076 629 1142 lb.
657 1078 757 1144 XXX.
787 1079 892 1164 partis
920 1080 1044 1161 primae
1072 1077 1145 1143 illos
1177 1077 1307 1161 ablego,
1338 1078 1404 1143 illic
1435 1078 1588 1141 invenient

266 1165 449 1251 (Apollonii,
473 1167 615 1250 inquam,
638 1173 827 1250 quaerentes
842 1167 1030 1249 invenient),
1053 1167 1139 1232 unde
1156 1166 1336 1252 suppleant,
1359 1166 1451 1252 quod
1469 1168 1587 1232 suenti-

266 1255 346 1322 ficae
367 1253 636 1322 demonstrationi
656 1255 752 1342 nujus
773 1255 903 1322 artificii
923 1255 1030 1322 adbuc
1051 1256 1152 1323 deoet.

789 1395 957 1466 Conclusio
979 1398 1066 1465 libri.

356 1520 597 1588 Constitueram
634 1543 761 1590 errores
791 1521 930 1590 aliorum
974 1543 1049 1590 cum
1084 1525 1170 1592 circa
1199 1523 1359 1592 doliorum
1396 1523 1588 1606 integrorum

267 1619 338 1677 tum
364 1611 462 1678 etium
490 1612 577 1678 circa
606 1613 710 1698 partis
743 1633 863 1678 vacuae
891 1612 1103 1700 dimensiones
1136 1614 1283 1697 detegere
1316 1613 1587 1694 fundamentoque

267 1699 473 1766 elenchorum
494 1709 676 1767 monstrare
691 1700 724 1768 in
735 1700 988 1768 theorematibus
1007 1701 1103 1790 hujus
1120 1700 1204 1767 libri.
1238 1706 1283 1768 At
1296 1724 1375 1768 cum
1391 1723 1460 1766 una
1481 1701 1588 1766 veritus

266 1787 405 1856 sufficiat
426 1789 477 1856 tel
500 1797 611 1856 tacens
633 1797 747 1856 contra
769 1811 878 1856 omnes
900 1810 1048 1857 errorum
1067 1792 1231 1875 strepitus,
1255 1795 1368 1876 etjam
1385 1799 1486 1856 antea
1506 1790 1587 1866 liber,

266 1877 320 1944 vix
342 1877 453 1944 decem
474 1879 563 1944 initio
585 1879 841 1960 theorematum,
864 1887 995 1964 praeter
1016 1881 1197 1964 opinionem
1228 1882 1428 1946 excreverit:
1459 1879 1590 1943 habeant

267 1965 366 2050 igitur
388 1966 449 2033 sibi
470 1989 544 2034 suos
567 1987 702 2048 errores,
725 1969 904 2054 quicumque
925 1969 965 2033 iis
981 1967 1199 2050 delectantur3
1222 1967 1376 2034 fruamur
1399 1989 1461 2034 nos
1483 1967 1589 2032 nostris

267 2055 449 2136 commodis,
474 2063 508 2122 et
522 2063 559 2121 ut
573 2055 702 2122 fruendi
724 2059 869 2139 materia,
893 2057 990 2122 salvis
1007 2057 1150 2142 corporis
1165 2058 1329 2142 animique
1343 2057 1454 2139 bonis,
1478 2057 1590 2122 allatu

268 2151 430 2230 suppetet,
452 2143 664 2232 precabimur.

585 2267 632 2335 Et
653 2289 723 2334 eum
741 2269 858 2351 pocula
879 2269 968 2335 mille
989 2270 1089 2336 menei
1110 2271 1239 2352 mimos,

587 2357 851 2427 Conturbabimus
871 2359 942 2440 illo,
968 2381 1007 2425 ue
1029 2363 1176 2427 ademto.

859 2483 1000 2550 Finis.
