3390 5542
828 237 943 291 &mna
960 238 1030 288 Pars.

811 518 986 584 Thecrema
1008 518 1046 583 V.

280 647 426 714 Omnium
447 645 674 729 opliiulroium,
701 642 883 726 diaconium
904 643 1032 708 socrdem
1054 640 1241 718 habentium,
1264 641 1421 705 temnimus
1443 645 1474 704 et
1497 660 1592 720 copo·

276 741 422 803 cissiraos
443 741 489 800 est
510 737 549 814 ia,
573 735 665 816 cujas
687 733 840 798 diameter
869 731 954 796 hosis
980 737 1026 796 est
1048 730 1091 795 od
1112 729 1313 794 altitudinem
1334 731 1368 794 iu
1384 731 1593 810 proportione

177 825 182 840 ”
274 825 461 907 sarridoplo,
484 843 540 888 sco
557 823 699 888 otiatus
722 821 874 886 tetraidri
888 825 946 884 orit
961 819 1127 902 dioporiios
1149 818 1300 902 quadrati
1318 819 1418 884 adici
1440 819 1484 882 od
1507 819 1593 882 torm

553 931 556 936 ·
719 910 789 974 cohi
812 910 847 974 io
869 909 976 974 eodan
997 909 1142 990 sphoera.

115 1047 121 1056 “
215 1055 226 1080 ‘
363 1036 539 1121 Repetatur
569 1035 698 1100 schema
729 1033 936 1100 theorematis
965 1033 1078 1118 primi,
1109 1037 1141 1098 et
1167 1031 1211 1096 sit
1231 1031 1286 1098 AG
1312 1031 1394 1096 linea
1424 1031 1594 1114 diagonios

1036 1118 1224 1204 rectanguli,
1247 1141 1312 1204 quc
1338 1141 1435 1187 conus
1463 1125 1594 1184 secatur

1036 1230 1094 1292 per
1104 1227 1204 1287 axam,
1218 1215 1460 1293 repraesentans
1469 1209 1593 1291 virgam

1036 1299 1234 1376 manscriam,
1260 1302 1293 1362 et
1319 1317 1415 1380 super
1437 1297 1492 1362 AC
1517 1319 1592 1362 con·

1035 1389 1188 1452 stituatur
1238 1385 1450 1451 semicirculus
1496 1385 1591 1458 Aac,

1037 1475 1197 1540 dividatur
1229 1495 1304 1540 vero
1330 1474 1387 1540 AG
1416 1475 1451 1538 in
1480 1481 1593 1558 partes

1035 1569 1103 1629 tras
1125 1564 1287 1646 aequales,
1317 1567 1350 1627 et
1372 1563 1414 1628 sit
1435 1561 1493 1628 Ah
1516 1585 1593 1647 pars

986 1721 990 1732 ,
1035 1673 1109 1732 una,
1131 1653 1183 1718 LG
1198 1653 1290 1728 duae,
1307 1657 1339 1717 et
1354 1673 1392 1716 ex
1407 1651 1433 1716 L
1449 1654 1592 1734 erigatur

1036 1741 1308 1825 perpendicularis
1357 1739 1432 1820 LG,
1478 1761 1592 1806 secans

1037 1831 1191 1895 circulum
1216 1829 1249 1894 in
1266 1828 1302 1910 G,
1327 1834 1359 1894 et
1381 1835 1594 1894 connectatur

1038 1919 1160 1984 chm
1189 1923 1217 1984 A
1248 1919 1339 1984 etc,
1383 1917 1463 1994 Quia
1492 1919 1595 2001 igitur

1037 2007 1089 2072 GL
1109 2008 1210 2090 ipsius
1234 2007 1289 2072 LA
1311 2012 1371 2090 est¹
1387 2007 1501 2091 dupla,
1534 2008 1595 2072 erit

1038 2095 1090 2160 CA
1111 2096 1213 2179 ipsius
1232 2096 1288 2161 LA
1309 2096 1416 2180 tripla.
1450 2093 1495 2159 Ut
1518 2115 1595 2160 vero

1039 2183 1092 2248 ΟΛ
1120 2184 1162 2250 ad
1191 2184 1265 2264 AG,
1297 2185 1342 2249 sic
1371 2185 1429 2250 AG
1458 2183 1501 2248 ad
1530 2185 1595 2248 LA.

1038 2272 1153 2338 'lhibus
1168 2279 1272 2337 autem
1288 2272 1496 2338 existentibus
1516 2293 1594 2357 prc-

1037 2361 1597 2445 portionalibuscontinue,utprima

1038 2455 1088 2514 est
1110 2450 1152 2516 ad
1174 2452 1310 2530 tertiam,
1335 2452 1379 2516 sic
1395 2451 1597 2533 quadratum

1037 2539 1159 2621 primae
1186 2540 1299 2604 estad
1326 2539 1486 2606 secundae
1515 2561 1596 2623 qua-

1037 2627 1182 2708 dratum3
1210 2628 1287 2712 quia
1313 2649 1388 2711 crgo
1412 2628 1465 2694 ΟΔ
1488 2631 1597 2712 prima

1036 2722 1084 2781 est
1114 2715 1246 2802 triplum
1276 2719 1390 2783 tertiae
1412 2717 1484 2796 uA,
1516 2738 1594 2800 qua·

1042 2803 1171 2870 Aratum
1197 2805 1293 2870 etiam
1319 2807 1416 2889 ipsius
1444 2806 1500 2871 GA
1528 2806 1596 2870 dia·

280 2897 374 2963 metri
402 2898 462 2961 erit
492 2897 624 2980 triplum
654 2895 806 2980 quadrati
835 2893 894 2960 AG
924 2891 1090 2958 secundae.
1142 2894 1184 2958 Εῖ
1214 2895 1289 2977 quia
1319 2894 1514 2978 quadratum
1545 2893 1598 2958 AG

282 2991 402 3069 aequat
424 2985 584 3068 quadrata
605 2984 671 3064 AG,
699 2985 754 3052 GO
772 2988 890 3070 juncta,
915 3002 1053 3065 quornm
1075 2981 1132 3048 AG
1156 2987 1204 3048 ast
1226 2984 1322 3048 tertia
1342 3002 1433 3065 pars,
1458 2983 1522 3047 erit
1542 2981 1598 3047 GG

286 3076 368 3140 duae
389 3074 504 3139 tertiae
526 3074 624 3157 ipsius
641 3073 703 3153 AG,
728 3080 759 3139 et
774 3073 819 3138 sic
841 3071 1035 3154 quadratum
1051 3071 1106 3136 GO
1125 3071 1259 3156 duplum
1281 3073 1341 3136 erit
1363 3071 1517 3154 quadrati
1531 3069 1598 3136 AG.

283 3161 464 3248 Igitur-AG
486 3161 643 3228 satiatus
665 3161 737 3228 cubi
762 3159 907 3243 inscripti
932 3159 1087 3243 sphaerae
1107 3161 1206 3240 AGC,
1230 3165 1263 3225 et
1285 3159 1339 3226 GC
1362 3165 1411 3224 est
1432 3159 1599 3241 diagonios

285 3251 437 3336 quadrati
467 3250 587 3331 cubici,
616 3252 667 3316 rol
697 3251 783 3316 latus
812 3247 964 3314 tetraidri
994 3249 1137 3333 inscripti
1167 3249 1268 3313 eidem
1298 3248 1463 3332 sphaerae.
1521 3248 1600 3312 Dico

285 3339 478 3424 cylindrum,
508 3343 598 3423 cujus
621 3339 776 3406 diameter
804 3337 917 3402 baseos
941 3341 990 3401 est
1011 3335 1081 3414 GC,
1105 3337 1243 3404 altitudo
1265 3337 1337 3416 GA,
1364 3355 1432 3400 asse
1460 3337 1602 3401 omnium

287 3428 511 3512 cylindrorum,
537 3427 657 3512 quibus
674 3434 724 3494 est
743 3429 822 3494 haec
845 3426 1008 3509 diagonios
1029 3426 1094 3506 AG,
1118 3427 1361 3510 capacissimum
1382 3445 1439 3488 seu
1461 3426 1602 3490 maximo

288 3537 428 3599 corpore.
473 3518 556 3582 Nam
578 3518 654 3600 quia
676 3519 715 3598 G,
739 3517 763 3582 C
785 3520 907 3600 puncta
934 3515 1065 3579 suntin
1086 3513 1252 3597 superficie
1274 3513 1438 3597 sphaeras,
1463 3520 1496 3579 et
1520 3514 1602 3578 linea

288 3605 344 3672 GC
367 3611 415 3670 est
444 3605 600 3671 diameter
629 3605 716 3671 basis
746 3605 855 3669 unios:
886 3610 957 3668 tcta
982 3603 1080 3684 igitur
1110 3603 1367 3670 circumferentia
1395 3602 1484 3668 illius
1516 3603 1603 3668 basis

285 3692 385 3758 stabit
415 3693 722 3760 in·circumierentia
750 3693 921 3777 sphaerae,
952 3693 997 3756 sic
1020 3699 1053 3756 et
1075 3689 1161 3756 basis
1191 3694 1354 3776 opposita,
1385 3697 1475 3778 cujus
1507 3713 1603 3757 unum

284 3785 437 3866 punctum
460 3785 499 3847 A.
543 3786 587 3849 At
609 3785 636 3848 si
657 3785 716 3849 AG
743 3782 829 3847 latus
856 3788 907 3846 est
932 3780 1002 3845 cubi
1029 3789 1062 3846 et
1084 3779 1138 3847 GC
1162 3781 1325 3864 diagonios
1351 3781 1462 3846 lateris
1489 3781 1602 3856 cubici,

286 3871 462 3934 necessario
484 3871 517 3934 in
540 3871 660 3938 circulo
683 3870 738 3938 GC
760 3877 793 3936 et
814 3870 860 3936 sic
881 3871 915 3934 in
937 3867 1076 3952 sphaera
1102 3871 1290 3954 inscriptum
1318 3871 1379 3934 erit
1408 3871 1604 3952 quadratum

287 3956 444 4038 cubicum,
468 3963 559 4044 cujus
581 3961 718 4045 oppositi
740 3959 805 4025 duc
828 3958 937 4041 anguli
960 3959 997 4036 G,
1020 3958 1054 4036 G,
1079 3960 1124 4022 sie
1146 3965 1179 4024 et
1200 3961 1233 4023 in
1256 3958 1373 4023 circulo
1395 3957 1483 4023 basis
1507 3981 1603 4041 oppa

287 4045 369 4111 sitne
386 4066 444 4129 per
460 4051 488 4112 A
504 4047 681 4115 traductae.
716 4047 830 4131 ltaque
853 4047 1014 4131 cylindrus
1026 4051 1093 4131 jam
1108 4046 1256 4112 delinitus
1271 4046 1402 4113 habebit
1416 4049 1605 4131 inscriptum

287 4134 405 4199 cubum
429 4135 570 4220 ejusdem
593 4157 700 4203 secum
726 4135 919 4217 altitudinis,
948 4138 1036 4219 cujus
1059 4157 1166 4202 omnes
1196 4137 1303 4219 anguli
1326 4141 1413 4201 stant
1435 4137 1470 4200 iu
1491 4157 1602 4220 super·
1679 4115 1680 4167 l

288 4221 358 4287 ficia
380 4223 547 4307 sphaerae.

373 4312 494 4376 Eodem
523 4313 618 4379 modo
648 4313 744 4378 etiam
773 4313 808 4377 in
843 4313 905 4377 alic
935 4333 1128 4395 quocunque
1158 4313 1313 4397 sphaerae
1342 4312 1478 4389 circulo,
1516 4317 1606 4399 cnjus

287 4397 373 4464 verbi
395 4401 500 4482 gratia
521 4401 563 4467 10
591 4401 754 4482 diameter,
786 4401 972 4484 intelligitur
998 4402 1189 4486 inscriptum
1212 4403 1405 4487 quadratum
1428 4402 1603 4477 columnae,

288 4489 377 4572 cujus
399 4487 535 4555 altitudo
557 4491 600 4556 lA
624 4495 656 4554 ct
678 4491 829 4572 quadrati
851 4491 944 4554 unius
967 4491 1075 4573 anguli
1096 4491 1157 4556 dun
1179 4490 1205 4571 1,
1233 4491 1257 4556 G
1281 4492 1426 4575 oppositi,
1452 4492 1605 4575 quadrati

289 4574 419 4640 alterius
441 4579 549 4678 anguli
571 4580 608 4660 A,
632 4577 677 4642 X:
701 4579 812 4661 itaque
834 4579 974 4661 cylindro
996 4577 1066 4644 AIC
1090 4579 1237 4645 columna
1260 4579 1431 4662 aequealta
1453 4581 1605 4664 inscripta
1678 4585 1679 4678 y

289 4669 347 4727 est.
392 4662 489 4746 Atqu1
516 4669 656 4732 omnium
686 4667 905 4731 columnarum
934 4669 976 4733 ad
1007 4668 1163 4751 cylindros
1193 4669 1389 4752 aequenltos,
1420 4667 1536 4752 quibus
1557 4669 1602 4731 in·
1678 4679 1679 4684 ’

289 4749 481 4833 scribuntur,
506 4755 618 4820 eadem
633 4760 681 4821 ast
695 4756 876 4840 proportic;
900 4755 1000 4823 cubus
1022 4777 1097 4824 vero
1119 4759 1259 4823 omnium
1282 4758 1314 4822 in
1329 4757 1470 4842 sphaera
1486 4757 1601 4825 colum·
