3406 5542
534 311 658 380 omnam
684 311 1060 378 Galurflerodladumarblter.
1403 293 1472 364 329

127 467 231 540 genere
253 457 464 522 biennio'iere
485 455 700 540 permansisse.
737 455 802 522 Sed
818 457 904 548 ‚quaec
917 460 988 522 ntnt
1001 457 1249 534 habeant,·⁷lllud
1269 473 1361 524 nuum
1383 458 1472 528 nobis

127 547 259 623 sufficiat,
276 548 358 630 quod
372 547 446 610 nihil
462 563 500 610 ex
516 546 665 612 Suetonio
680 547 854 610 necessario
869 548 1021 629 sequitur,
1043 567 1103 630 quo
1117 549 1273 612 Paterculi
1288 551 1472 612 allii-rnatum

126 643 284 700 evertatur.
314 638 383 700 Nec
397 655 472 718 opus
488 643 546 711 est,
560 644 595 698 ut
605 635 730 717 Lipsius
744 636 874 713 Dionem
891 645 924 700 et
937 638 1131 701 Paterculum
1146 635 1228 702 inter
1242 657 1275 702 se
1291 637 1472 714 committat,

125 745 189 790 uam
203 734 239 788 ut
254 725 351 800 vides,
366 724 494 788 faciliori
509 727 561 788 via
576 725 766 807 transigitur.

205 815 317 878 Adhuc
338 815 432 895 igitur
445 814 591 879 uincimus
611 814 796 878 testimoniis
817 814 1024 878 Romanorum
1039 815 1237 899 scriptorum,
1261 815 1369 898 Oajum
1392 835 1471 882 anno

124 904 172 967 44.
186 903 280 966 inisse
303 903 336 966 in
354 903 461 966 insulis
483 903 576 968 maris
596 904 687 990 Jonii.
732 904 849 968 Videat
862 904 957 985 igitur
973 903 1134 982 Calvisius,
1157 907 1305 988 quomodo
1320 907 1404 969 ilium
1418 925 1471 968 re-

123 995 211 1057 ducat
233 993 467 1074 sequentianno
489 993 635 1068 Romam,
663 1001 700 1055 ut
719 987 897 1079 praesideat
912 996 1077 1075 cognitioni
1092 995 1302 1060 Herodianus:
1332 1015 1403 1060 nam
1415 1015 1472 1077 per

122 1081 589 1146 historiamhocillinonlicebit.
610 1083 1311 1164 NosinterimpergemusinhiatoriaRomaua.
1333 1085 1472 1148 liberius

121 1172 216 1253 igitur,
232 1178 269 1235 nt
284 1193 304 1233 a
319 1189 352 1234 se
368 1171 625 1234 criminationibus
640 1171 731 1235 Lollii
748 1172 846 1234 sensit
862 1172 1026 1236 alienatum
1037 1172 1153 1254 Cujum,
1169 1181 1294 1256 questus
1309 1174 1367 1238 init
1382 1193 1472 1255 super

121 1281 156 1323 ea
171 1277 203 1323 re
218 1261 302 1323 inter
318 1267 436 1322 ceteros
453 1262 546 1323 etiam
562 1261 642 1342 apud
659 1259 822 1342 Sulpitiun
838 1260 1007 1332 Quirinium
1022 1263 1151 1326 amicum
1167 1282 1267 1338 suum,
1289 1264 1340 1345 qui
1353 1281 1417 1326 rem
1432 1263 1472 1326 ad

121 1357 257 1413 senatum
265 1348 377 1412 detulit
386 1345 602 1426 (Romeeenim
610 1343 1148 1434 luit),culpamM.Lollioimputevit.
1157 1353 1257 1416 Taciti
1265 1352 1472 1418 histor.lib.lI.

182 1509 186 1520 .
204 1438 303 1520 Cujus
318 1447 480 1520 postquam
495 1439 625 1502 venitin
639 1439 750 1504 Asiam
766 1432 857 1520 (puta
870 1440 902 1502 in
918 1440 1026 1504 Chium
1044 1451 1076 1504 et
1086 1436 1238 1525 Samum),
1253 1443 1375 1522 legatos
1390 1441 1474 1504 misit

121 1528 157 1591 ad
178 1547 285 1608 regem
306 1529 501 1602 Parthorum,
519 1528 631 1609 jubens
656 1547 724 1590 eum
737 1529 893 1592 ‘Armenia
916 1530 1080 1607 desistere;
1112 1533 1159 1594 cui
1180 1531 1315 1594 Parthus
1343 1530 1472 1612 superbe
1596 1587 1598 1592 .

120 1617 285 1698 respondit
337 1616 431 1697 Cujus
459 1617 553 1698 igitur
585 1635 623 1679 ex
648 1616 742 1681 Jonia
772 1619 918 1682 transivit
948 1619 979 1682 iu
1011 1619 1148 1702 Syriam,
1187 1619 1257 1683 inde
1289 1628 1376 1684 trans
1406 1620 1472 1682 Eu-

119 1707 257 1790 phratem
272 1707 465 1788 proiecturus
490 1707 530 1768 ad
544 1705 732 1770 inferendum
752 1701 871 1770 Partho
893 1708 1013 1772 bellum.
1058 1711 1142 1774 Tunc
1163 1711 1314 1774 iudaeam
1330 1712 1471 1790 praeter·
1582 1701 1584 1708 ’

119 1805 221 1859 rectus
238 1795 323 1877 apud
331 1795 524 1877 Jerosolyma
538 1815 599 1858 non
616 1795 814 1877 supplicavit;
830 1798 910 1878 quod
927 1817 993 1862 cum
1009 1807 1094 1862 esset
1102 1799 1311 1864 renunciatum
1321 1801 1472 1880 Augusto,

120 1885 277 1948 laudatum
298 1885 330 1952 in
346 1904 382 1947 ιο
398 1886 470 1959 iuit,
492 1885 571 1965 quod
586 1886 747 1966 Augustus
762 1892 886 1948 exteras
903 1889 1107 1960 ceremonias,
1129 1896 1165 1954 ut
1179 1885 1301 1952 suerum
1314 1888 1472 1961 Judaicae,

119 1981 336 2037 contemneret.
372 1974 459 2037 Haec
481 1972 655 2038 Suetonius.
699 1971 744 2036 Ut
763 1975 1038 2041 ‘vero‘Parthornm
1055 1995 1114 2042 ,rex
1137 1979 1174 2040 de
1199 1977 1333 2041 adventu
1351 1976 1419 2056 Caji
1441 1976 1472 2038 in

119 2063 237 2144 Syriam
252 2063 396 2137 rescivit,
418 2063 521 2126 mitior
542 2064 643 2126 iactus
666 2081 780 2144 aequas
802 2063 992 2128 conditiones
1009 2067 1147 2143 admisit,
1168 2085 1220 2130 res
1236 2067 1275 2128 ad
1291 2065 1472 2148 colloquium

118 2153 240 2215 redacta
256 2151 341 2214 inter
357 2150 464 2232 Cajum
480 2161 512 2214 et
526 2153 711 2216 Parthorum
726 2171 838 2232 regem,
852 2154 884 2218 in
900 2155 1032 2236 quadam
1045 2156 1213 2238 Euphratis
1227 2157 1341 2231 insula3
1366 2175 1425 2237 quo
1440 2155 1472 2217 in
1599 2219 1601 2232 .

118 2241 264 2322 colloquio
282 2241 418 2303 Parthus
432 2242 580 2305 Ameria
602 2242 698 2304 cessit
713 2242 863 2324 Juxtaque
885 2245 927 2306 Μ.
943 2243 1034 2307 Lollii
1055 2247 1173 2326 perlida
1195 2245 1323 2308 consilia
1338 2246 1471 2307 detecta.

117 2331 270 2394 Parthicis
294 2331 384 2394 rebus
409 2331 586 2412 compositis
602 2339 634 2393 et
654 2331 713 2392 hoc
725 2331 869 2394 Armenia
885 2333 1007 2396 ademto
1022 2335 1189 2415 praesidio,
1212 2333 1307 2415 cajus
1323 2353 1403 2398 auno
1418 2353 1470 2418 se·

117 2420 216 2504 qnenti
224 2417 282 2495 46,
296 2419 329 2482 in
338 2437 427 2501 quem
442 2418 512 2483 Coa.
523 2426 592 2482 erat
601 2419 779 2501 designatus
791 2422 1114 2504 autequinquenniuru,
1128 2423 1305 2488 Armeniam
1313 2423 1471 2503 ingressus

117 2529 174 2571 rem
190 2517 319 2572 strenue
336 2507 441 2589 gessit.
477 2509 601 2572 Interea
616 2509 763 2590 temporis
777 2511 937 2590 Augustus
958 2512 995 2574 de
1010 2513 1053 2575 M.
1068 2512 1162 2576 Lollii
1174 2513 1319 2576 versutiis
1333 2513 1471 2585 edoctus,
1498 2569 1501 2578 ,
1629 2509 1632 2518 ’

117 2599 176 2678 ejus
191 2599 262 2661 loco
276 2597 354 2678 Gajo
371 2605 520 2662 rectorem
532 2593 793 2678 misit'Sulpitium
809 2596 977 2670 Quiriniuru
992 2601 1170 2666 Armeniam
1185 2602 1313 2676 tenenti,
1328 2607 1363 2663 ut
1377 2600 1471 2663 Taci-

115 2695 161 2750 tus
176 2689 292 2762 refert,
313 2686 398 2750 nnlla
413 2684 522 2768 Syriae
546 2687 697 2750 mentione
719 2687 813 2750 iacta.
858 2689 966 2770 Itaque
990 2689 1085 2771 Oajus
1109 2686 1202 2754 etiam
1226 2690 1296 2755 Cos.
1319 2697 1471 2752 rectorem

110 2776 284 2857 juventutis
307 2775 429 2851 habuit3
462 2777 542 2857 quod
567 2784 640 2839 ante
666 2792 762 2839 annos
784 2777 805 2840 8
827 2795 889 2842 non
910 2787 995 2843 recte
1016 2779 1075 2843 init
1096 2801 1116 2843 a
1136 2797 1185 2842 me
1207 2787 1359 2861 negatum.
1404 2779 1471 2841 Nec

113 2867 206 2948 magis
220 2866 350 2939 mirum,
373 2865 488 2928 consuli
503 2873 655 2930 rectorem
671 2864 754 2941 addi,
776 2884 866 2948 qnam
882 2867 950 2930 duci
966 2876 1074 2932 contra
1088 2869 1222 2933 Parthos
1239 2877 1271 2931 et
1286 2866 1471 2931 moderatori

114 2955 252 3032 orientis,
280 2954 390 3036 qnippe
411 2953 470 3017 has
486 2955 654 3037 dignitates
677 2971 787 3034 gerens
808 2975 884 3039 puer
905 2957 1069 3023 etiamnum
1092 2959 1265 3041 appellatur
1287 2958 1327 3021 ab
1349 2956 1470 3031 Ouidio,

114 3045 228 3109 virilem
244 3051 354 3108 tamen
370 3051 473 3125 togam
484 3043 550 3124 jam
564 3044 691 3107 habens
879 3096 882 3105 .
955 3047 956 3050 ’

194 3135 239 3198 Et
255 3134 332 3215 quia
348 3138 427 3208 sunt,
443 3134 492 3214 qui
502 3133 611 3215 cajum
627 3151 706 3196 auno
716 3133 769 3210 46,
784 3153 821 3198 ιο
836 3135 917 3216 quod
932 3137 1036 3200 consul
1054 3129 1146 3212 esset,
1160 3135 1278 3200 Romae
1294 3133 1469 3199 necessario

113 3223 203 3287 inisse
226 3232 261 3286 ιι
286 3223 332 3285 sic
346 3223 539 3303 praesedisse
561 3223 667 3286 dicant
689 3225 855 3306 cognitioni
869 3225 1079 3300 Herodianus,
1102 3225 1273 3290 addendum
1296 3231 1329 3287 ιι
1347 3225 1405 3286 hoe
1421 3231 1471 3286 est

115 3313 150 3377 ad
164 3313 236 3376 illos
253 3311 495 3388 convincendos,
521 3309 629 3393 Cajum
648 3311 707 3374 hoc
729 3315 889 3376 consulatu
905 3315 1041 3379 functum
1055 3313 1215 3378 absentem
1231 3312 1416 3386 certissime;
1437 3312 1470 3374 id

114 3409 144 3464 et
158 3401 296 3484 antiquis
314 3401 501 3482 temporibus
515 3399 632 3464 Romae
647 3400 765 3464 licitum
777 3403 1010 3486 lectitatumque
1024 3403 1192 3468 identidem
1213 3404 1322 3484 etjam
1335 3401 1470 3483 Augusti

113 3497 248 3573 tempore
270 3489 517 3571 uulgatissimum
540 3497 623 3553 erat:
648 3509 715 3552 cunr
736 3511 797 3553 uon
807 3491 873 3571 jam
896 3492 1025 3575 amplius
1047 3511 1085 3555 ea
1098 3493 1145 3556 vis
1162 3500 1246 3556 esset
1264 3491 1354 3573 hujus
1368 3491 1469 3572 uragi-

114 3587 247 3656 stratus,
272 3598 351 3662 quae
377 3579 462 3654 olim3
480 3588 525 3642 'et
546 3577 733 3661 principibus
755 3579 856 3642 omnia
878 3581 917 3644 ad
942 3600 975 3644 se
999 3583 1193 3646 trahentibus
1216 3581 1341 3644 honoris
1365 3580 1470 3662 potius

112 3669 294 3734 vocabulum
311 3675 388 3744 erat,
410 3687 500 3751 quanr
513 3667 689 3750 potestatis,
710 3667 742 3730 id
756 3669 891 3750 largiens
907 3671 1036 3746 consuli,
1057 3677 1093 3734 nt
1108 3688 1206 3734 annus
1222 3670 1261 3734 ab
1277 3689 1314 3732 eo
1330 3669 1468 3734 denomi-

111 3767 206 3835 netur,
223 3777 296 3822 cum
311 3757 432 3820 interim
446 3763 588 3839 potestas
604 3756 762 3820 tribunitia
778 3777 882 3822 omnes
891 3759 1074 3840 reipublicae
1084 3759 1468 3841 partescompreersrscar.

112 3849 285 3911 Absentem
307 3865 381 3909 vero
403 3848 503 3911 Rome
526 3845 634 3928 Oajum
655 3865 736 3909 anno
758 3845 817 3923 46,
840 3847 976 3930 quainvis
999 3845 1070 3912 Cos
1093 3857 1191 3924 esset,
1214 3855 1339 3931 praeter
1363 3855 1469 3912 cetera

111 3937 221 4020 probat
244 3945 280 4000 ιι
304 3937 435 4018 epistola
449 3937 583 4018 Augusti
605 3937 794 4016 sexagesimo
818 3946 927 4019 quarto
947 3938 1043 4002 natali
1065 3938 1181 4018 scripta
1204 3939 1243 4002 ad
1266 3937 1388 4016 (lsjnm,
1410 3937 1468 3999 hoc

110 4025 209 4090 initio:
234 4026 306 4089 Ave
319 4025 366 4088 mi
383 4024 452 4101 css,
467 4025 641 4106 utrmque
654 4025 748 4087 hodie
755 4027 873 4108 ficaria.
904 4027 951 4090 At
965 4025 1079 4090 natalis
1094 4026 1146 4090 64.
1159 4027 1294 4108 Augusti
1310 4028 1340 4090 iu
1358 4043 1467 4088 annum

112 4115 161 4180 46.
175 4117 240 4180 lul.
254 4115 376 4178 incinit.
405 4116 486 4179 Nam
501 4122 537 4177 ιιι
552 4132 644 4196 supra
659 4113 780 4193 dictum,
796 4131 831 4177 eo
849 4123 930 4178 anno
944 4133 1001 4196 quo
1018 4115 1092 4180 Cos·
1104 4117 1204 4181 iaotus
1220 4125 1280 4191 est,
1301 4135 1379 4178 anno
1394 4121 1467 4196 post

112 4207 237 4269 caedem
254 4203 404 4269 Caesaris
424 4207 524 4287 patris
539 4203 662 4267 Juliano
677 4203 707 4266 3.
724 4211 880 4280 currente,
900 4205 1039 4286 implevit
1055 4206 1097 4269 20
1113 4225 1218 4282 annos,
1234 4205 1313 4269 adde
1326 4204 1466 4284 utrinque

111 4293 151 4359 43
168 4295 300 4370 solidos,
317 4312 389 4374 ergo
406 4300 545 4358 currente
561 4292 613 4356 46.
622 4293 745 4356 Juliano
760 4293 920 4375 Angustus
941 4293 1079 4377 implevit
1099 4294 1143 4361 63
1159 4315 1255 4360 annos
1272 4295 1393 4375 egitque
1407 4311 1465 4354 na-

111 4385 202 4447 talem
219 4383 277 4459 64,
295 4383 423 4446 absente
439 4383 516 4463 (tajo
532 4401 586 4446 suo
602 4383 633 4444 in
648 4383 859 4464 Armeniayel
873 4383 961 4448 Asia.

197 4473 281 4540 Cum
296 4471 391 4553 igitur
412 4480 586 4536 crescerent
600 4471 721 4536 Tiberio
743 4472 879 4553 pericula
899 4488 942 4536 ex·
959 4473 1126 4536 offensione
1143 4471 1211 4553 Oaji
1232 4473 1262 4534 iu
1277 4469 1358 4535 Asia
1372 4487 1465 4550 prae-

111 4565 205 4628 sentis
222 4563 264 4626 ob
282 4579 395 4625 causas
410 4581 501 4642 supra
517 4562 701 4644 explicatas:
724 4561 862 4643 perstitit
881 4561 933 4626 ille
955 4564 987 4627 in
1001 4562 1135 4644 petendo
1150 4562 1258 4625 reditu.
1279 4635 1284 4642 ¹
1302 4560 1465 4640 Augustus

111 4671 180 4716 rero
195 4671 265 4718 rem
282 4669 400 4713 omnem
417 4649 493 4730 Gajo
508 4651 654 4732 permisit
684 4649 807 4714 Accidit
823 4657 938 4726 eutem,
960 4659 995 4714 ut
1011 4671 1046 4713 eo
1063 4658 1199 4732 tempore
1214 4649 1306 4729 Oajus
1323 4648 1466 4712 offensior

111 4750 193 4806 esset
207 4743 253 4805 Μ
270 4739 388 4815 Lollio,
410 4739 494 4820 cujus
517 4741 762 4823 suggestionibus
783 4741 867 4821 prius
882 4741 1036 4804 Tiberium
1060 4741 1161 4804 odisse
1177 4745 1338 4818 coeperat;
1362 4743 1396 4800 et
1408 4755 1464 4819 pro

111 4831 151 4893 tl.
164 4831 271 4896 Lollio
292 4828 378 4909 Sulp.
394 4827 561 4902 Quirininm
575 4836 725 4894 rectorem
739 4830 884 4894 haberet:
908 4848 1000 4912 quare
1016 4829 1130 4894 iactum
1152 4827 1291 4902 taudem,
1312 4833 1348 4891 ιιι
1370 4825 1464 4908 caus
