3396 5540
235 179 297 238 440
752 178 860 240 Eclogae
887 179 1032 228 Chronicse.

235 351 376 432 (quatuor
399 350 596 414 harmoniam
620 349 753 430 tribuas,
779 353 835 417 sed
855 353 989 420 eatrdem
1010 353 1202 418 cantilenam
1222 353 1366 436 singulos
1386 373 1424 416 ex
1444 351 1553 416 ordine

234 461 350 502 cauere
373 439 482 516 faciae,
507 447 544 503 ut
567 446 694 521 tempus
717 447 901 524 occupetur.
1295 479 1300 494 .

326 527 498 614 Ostensum
519 528 615 610 igitur
639 533 696 606 est,
720 537 873 610 quartum
895 531 965 610 hoc,
989 529 1075 612 quod
1096 527 1307 615 oinciebstur
1328 551 1415 596 anno
1428 527 1556 592 Juliano

237 619 289 695 76,
320 636 383 681 non
411 620 538 680 tantum
565 616 643 680 nihil
672 615 800 684 ct'ticcic
827 614 913 700 mihi,
943 617 999 684 sed
1026 619 1124 683 etiam
1146 640 1205 701 per
1228 641 1262 682 se
1285 641 1355 682 esse
1379 640 1400 683 a
1421 615 1556 680 veritate

234 705 471 782 alienissimum,
494 725 554 768 nec
576 712 726 787 quatuor,
759 705 815 770 sed
839 708 902 770 tria
924 708 1038 772 saltem
1062 707 1217 789 paschata
1237 706 1389 772 incidisse
1408 706 1443 770 in
1465 704 1555 769 mini·

234 795 368 858 sterium
391 793 518 858 Christi.
565 793 719 858 Themate
748 795 844 877 igitur
874 796 976 877 (qnod
997 796 1125 861 biennio
1148 781 1446 878 passionem⁰hodie
1468 799 1555 876 post·

235 880 405 966 ponamus)
438 885 476 946 12
508 882 705 964 argumentis
736 883 924 950 confirmato
954 891 987 948 et
1016 884 1180 949 dissolutis
1203 889 1344 966 quatuor
1366 881 1558 958 rationibus,

236 991 320 1052 quae
350 970 426 1034 mihi
455 957 550 1054 objici
579 977 743 1054 poterant.
776 972 856 1036 nihil
886 995 983 1056 porro
1014 980 1128 1052 restat,
1160 995 1258 1056 quam
1287 981 1325 1038 ut
1348 971 1503 1036 Calvisius
1526 970 1558 1033 iu

236 1079 324 1124 tricas
350 1065 460 1143 partes
483 1065 628 1124 transeat
651 1067 778 1125 etcum
801 1082 839 1125 eo
861 1083 983 1142 onmes,
1016 1063 1071 1143 qui
1092 1061 1157 1127 ista
1179 1063 1301 1143 legent;
1334 1067 1394 1124 aut
1415 1059 1559 1137 rationes

236 1149 317 1212 alias
347 1148 540 1231 producant,
576 1148 694 1230 quibus
725 1171 760 1214 se
790 1157 907 1233 putent
935 1150 1097 1234 impediri,
1130 1151 1192 1214 nisi
1206 1149 1417 1232 'pertinaciae
1449 1155 1560 1212 notam

235 1238 401 1302 incarrere
418 1237 524 1315 velint,
542 1237 691 1320 aquibus
704 1239 787 1302 vitiis
799 1237 947 1304 literatos
959 1261 1065 1314 omncs
1079 1239 1171 1304 (lecet
1184 1261 1253 1303 esse
1264 1238 1484 1312 alienissimos,
1498 1243 1559 1300 etc.

325 1329 569 1424 amst'xvn.
592 1344 623 1409 s.
647 1344 686 1409 o.
706 1352 781 1416 aa
801 1323 995 1419 nitimur
1020 1346 1054 1410 J.
1073 1343 1215 1429 nepita
1238 1349 1269 1410 s.
1295 1351 1341 1426 (r.
1364 1341 1561 1426 septembris

148 1429 151 1452 “
239 1431 428 1510 incinit.
1247 1484 1251 1492 .

307 1524 361 1573 Pax
380 1521 481 1574 Christi.
517 1523 661 1573 Clarissima
681 1530 707 1573 st
725 1516 892 1577 eruditissime
910 1525 1047 1574 Domina·

277 1599 354 1672 Quod
376 1597 505 1650 Octavius
525 1604 668 1667 Augustus
689 1601 723 1650 de
744 1592 867 1668 eleganti
890 1599 953 1652 oiim
973 1598 1075 1652 dixisse
1096 1597 1184 1652 fertur
1204 1597 1325 1652 Maronis
1346 1596 1483 1656 carmine,
1511 1594 1560 1646 hcc

219 1679 331 1732 -itidem
351 1691 420 1730 nnnc
442 1694 495 1746 ego
516 1679 550 1729 de
570 1679 727 1745 pererudito
748 1686 795 1733 tuo
818 1695 917 1746 usurpo
939 1695 1030 1748 opere,
1052 1679 1122 1748 quod
1145 1680 1179 1732 ud
1201 1695 1243 1732 me
1260 1665 1373 1732 misistis
1406 1676 1560 1736 haurietur,

238 1758 343 1827 rigeat,
369 1759 488 1824 placeat,
513 1759 665 1827 relegatur.
692 1765 807 1818 amet-cr.
848 1759 886 1812 Et
906 1775 1061 1828 quanquam
1088 1759 1230 1811 variante
1257 1765 1286 1810 et
1307 1755 1454 1823 multiplex
1480 1751 1561 1806 oflicii

238 1836 394 1906 procuratio
416 1835 506 1888 multis
528 1836 683 1904 implicitum
703 1839 819 1890 tenebat
838 1837 910 1890 curis
932 1845 1015 1908 atque
1036 1837 1218 1899 const-rictum,
1245 1837 1352 1906 qnando
1373 1833 1560 1906 gratissimum

237 1917 289 1969 hcc
309 1932 405 1968 munus
426 1915 527 1988 accepi,
553 1915 636 1968 nihilo
657 1917 744 1972 nrbrus
764 1923 857 1972 tamen
879 1934 896 1970 a
915 1933 958 1970 me
980 1918 1126 1986 impetrare
1147 1934 1200 1970 non
1221 1916 1305 1986 potui,
1334 1915 1397 1986 quin
1419 1915 1439 1968 S
1444 1916 1560 1983 ylram

238 1995 524 2074 chronologicam
553 1997 636 2050 semel
664 1997 815 2068 iterumque
842 2014 859 2050 a
885 1997 976 2066 capite
997 1999 1031 2050 cd
1053 1999 1156 2050 calcem
1177 2013 1262 2067 usqne
1282 2011 1483 2064 percurrerem.
1524 1994 1560 2045 Et

238 2073 1560 2148 mmmmmmmffifflwfflmmmffiwmmwmm

239 2163 268 2208 et
294 2154 409 2222 suspicio
435 2155 560 2223 plurima,
587 2173 647 2210 auro
674 2157 765 2210 omnia
790 2163 819 2210 et
844 2173 935 2225 pauca
959 2156 1098 2211 desidero:
1120 2173 1217 2225 nempe
1238 2161 1270 2208 ut
1290 2153 1468 2224 pulcherrimi
1486 2153 1560 2208 horti

239 2234 423 2290 ornatissimos
448 2235 528 2287 flores
555 2235 650 2304 majori
676 2239 756 2308 eopia
781 2236 958 2306 multiplices,
985 2235 1084 2290 deinde
1109 2244 1143 2289 nt
1168 2231 1238 2290 idcrit
1263 2251 1314 2304 per
1334 2235 1426 2288 omnia
1446 2235 1493 2286 vei
1513 2248 1562 2302 per

238 2314 388 2386 praecipua
408 2317 505 2368 saltem
525 2315 720 2385 chronologiae
741 2317 834 2385 capita
855 2317 888 2382 (si
908 2317 967 2373 iicrl
987 2313 1088 2385 potest)
1109 2317 1183 2370 iilum
1196 2322 1313 2385 uterque
1329 2317 1468 2369 domnus.
1491 2314 1560 2367 Nam

240 2395 291 2448 etsi
317 2395 344 2448 in
372 2394 413 2448 his
439 2411 533 2448 scissus
558 2393 651 2448 sarius
672 2405 755 2467 atquc
776 2398 912 2470 dissensus
933 2396 1059 2452 incolumi
1080 2395 1157 2450 licuit¹
1177 2411 1284 2462 semper
1305 2393 1437 2454 amicitia,
1468 2399 1560 2446 tamen

239 2472 287 2530 vix
312 2473 453 2528 ferendum
479 2481 559 2541 puto,
586 2481 617 2528 nt
643 2493 704 2529 curu
729 2476 755 2529 in
783 2493 853 2530 arum
874 2477 1033 2530 Dominicae
1054 2476 1147 2528 mortis
1168 2484 1198 2528 et
1217 2474 1344 2544 baptismi
1365 2474 1478 2526 mirifice
1500 2490 1561 2524 ccu-

239 2554 396 2614 sentiamus.
417 2554 554 2624 (Keplerus
569 2561 595 2610 in
614 2563 742 2626 margine:
763 2555 848 2626 Atqui
868 2557 901 2608 dc
923 2573 994 2620 anxio
1014 2553 1147 2624 passionis
1167 2556 1285 2608 nondum
1305 2554 1343 2607 illi
1359 2551 1562 2610 consenseram)

240 2635 267 2688 in
288 2651 358 2688 arrnc
381 2633 488 2686 Christi·
502 2634 588 2687 natali
609 2633 752 2701 divortium
773 2633 912 2688 iaciamus.
953 2637 1065 2705 Hocque
1085 2627 1182 2705 magis,
1208 2635 1280 2704 quod
1301 2633 1328 2685 in
1349 2649 1479 2684 coricessc
1502 2649 1562 2684 con·

240 2713 367 2784 fessoque
393 2707 502 2784 utrique'
527 2719 569 2766 est
594 2715 886 2788 nostrcmeercdem
908 2715 1097 2768 infanticidam
1123 2731 1176 2778 non
1203 2716 1278 2768 ultra
1304 2713 1409 2782 pascha
1431 2712 1496 2764 areni
1518 2711 1562 2763 43.

241 2794 344 2847 Juliani
370 2792 454 2846 rit-am
475 2793 645 2862 protraxisse
666 2793 950 2864 ipsumquepauxilio
973 2792 1087 2864 amplius
1109 2810 1190 2864 quam
1212 2793 1296 2848 sclidc
1318 2809 1389 2844 antro
1410 2789 1563 2844 Sciratcris

240 2873 328 2928 natali
352 2873 450 2925 fuisse<
466 2873 646 2942 superstitem.
692 2874 822 2928 Nimirum
849 2891 881 2927 ec
908 2891 979 2928 nunc
1005 2890 1110 2927 summa
1134 2872 1337 2926 controversiae
1362 2878 1392 2924 et
1417 2871 1564 2924 difficultas

242 2952 1563 3030 mmmmmmmmmhmmfflmmmmmmwmmm&p

242 3033 341 3086 tembri
361 3033 425 3085 antri
446 3035 493 3091 40.
514 3030 619 3086 Jniiani
639 3041 675 3087 et*
688 3033 825 3106 Christum
844 3041 939 3090 natum
961 3035 1005 3088 25.
1023 3033 1182 3088 Decembris
1203 3032 1267 3086 anni
1291 3033 1339 3094 41,
1361 3030 1441 3085 sitnisi
1461 3030 1565 3100 pariter

242 3113 276 3166 sit
308 3115 533 3174 demonstratum,
565 3129 618 3166 non
644 3115 794 3166 excessisse
821 3113 931 3168 sciris
956 3115 1094 3168 Herodem
1119 3129 1189 3166 anno
1215 3113 1262 3177 42.
1288 3112 1413 3172 suriano,
1439 3113 1491 3164 ,sed
1518 3110 1564 3162 4³.

241 3191 309 3260 quus
336 3209 401 3254 vero
427 3192 476 3266 rei
494 3209 555 3246 cnm
575 3201 741 3262 argumenta
755 3194 879 3251 'habeam
900 3199 930 3246 et
950 3195 1036 3247 inuita
1057 3201 1086 3269 ct
1104 3209 1216 3262 stagna,
1238 3200 1294 3246 tum
1313 3191 1481 3260 praesertim
1502 3190 1564 3242 iilud

242 3282 272 3326 et
292 3290 333 3326 me
355 3272 498 3326 violentius
516 3273 617 3340 premit
637 3279 666 3326 et
686 3273 761 3343 cogit
781 3260 917 3335 assentiri,
938 3274 1009 3344 quod
1031 3291 1068 3326 ex
1088 3271 1315 3342 Epherueriarcm
1337 3270 1408 3324 serie
1427 3269 1566 3324 ordinibus

242 3349 1565 3422 hfflmwfflmmmmMQmmwqufflmmfflmmm

237 3433 341 3502 judicic
363 3440 410 3485 tuo
432 3431 641 3486 examinandam
663 3433 826 3487 transmitto.
870 3431 971 3494 Quodsi
992 3449 1064 3504 quoe
1084 3433 1155 3485 forte
1170 3431 1197 3484 in
1212 3431 1263 3484 hoc
1279 3429 1404 3500 quicquid
1422 3437 1464 3482 est
1484 3442 1565 3499 argn-

242 3512 326 3591 menti
352 3511 439 3565 inesse
463 3512 609 3580 repereris,
645 3529 716 3583 quac
742 3512 814 3565 seris
839 3511 975 3582 firmisque
1000 3507 1297 3566 rationibns'conreili
1318 3527 1400 3578 posse
1422 3509 1566 3567 arbitrere.

242 3609 298 3646 rem
320 3591 414 3662 utique
435 3591 500 3644 mihi
520 3591 707 3661 gratissimam
733 3593 845 3655 feceris,
872 3592 895 3645 si
915 3591 1045 3647 familiari
1067 3591 1184 3660 epistola
1204 3591 1273 3643 haec
1289 3590 1349 3658 ipsa
1364 3589 1429 3642 mihi
1446 3587 1566 3659 digneris

242 3669 1565 3742 MwaMmmmfflwffimmmmmmmwmmmme

242 3753 376 3804 secundas
401 3759 466 3820 opto
491 3751 595 3804 habere
621 3760 724 3826 partes·
740 3752 898 3813 modestiae,
926 3752 949 3805 si
975 3751 1077 3819 primas
1103 3768 1157 3804 non
1178 3750 1257 3818 potui
1277 3751 1381 3802 habere
1402 3748 1566 3817 sapientiae.

224 3833 417 3900 ‘tlustpropter
450 3830 549 3882 auditis
583 3837 612 3884 et
642 3833 718 3884 velut
752 3833 782 3888 in
805 3831 918 3886 Critolai
946 3833 1024 3884 lance
1052 3831 1114 3884 hinc
1141 3837 1171 3882 et
1197 3829 1262 3883 inde
1289 3828 1419 3897 expensis
1448 3829 1567 3901 partium

243 3899 402 3972 rationibus,
425 3909 535 3966 inillam
550 3912 740 3981 tramgredier
761 3912 832 3966 illico
853 3911 1026 3973 sententiam.
1049 3927 1121 3980 qnae
1138 3909 1251 3962 seriora
1264 3912 1309 3963 rai
1323 3908 1455 3962 sinriiiora
1471 3911 1567 3962 saitem

242 3991 301 4044 seri
327 3991 465 4059 potnierit.
508 3991 610 4052 Quodsi
634 3991 781 4062 Sosigenes
812 3991 883 4060 ipse.
913 4008 966 4061 quo
995 3990 1132 4044 neminem
1157 3989 1256 4042 habuit
1279 3993 1428 4059 Aegyptus
1455 3989 1568 4042 istarum

242 4071 342 4126 artium
357 4070 446 4140 magis
460 4069 617 4140 principem,
638 4066 715 4129 trinis
736 4069 1006 4134 commentationibus
1025 4069 1170 4138 semetipse
1192 4068 1321 4130 correxit,
1342 4068 1568 4122 necncbiseerte

243 4150 350 4222 quidem
377 4149 455 4204 neirts
482 4149 568 4202 videri
596 4147 691 4214 debet,
719 4169 737 4204 a
763 4157 892 4220 suscepta
918 4144 1005 4203 semel
1028 4149 1206 4219 persuasione
1232 4149 1372 4202 discedere
1400 4155 1450 4200 aut
1477 4155 1568 4201 notam

242 4231 332 4285 vereri
353 4229 509 4299 transfugii,
537 4233 644 4300 equando
666 4248 696 4283 re
718 4230 836 4300 penitius
859 4231 1027 4300 introspecta
1048 4231 1082 4282 ad
1104 4235 1198 4282 castra
1217 4225 1265 4282 iios
1286 4227 1479 4285 transferimus
1499 4227 1568 4279 reri-

242 4312 317 4364 tatis.
359 4313 389 4364 In
415 4311 468 4363 hac
489 4327 557 4378 ergo
580 4321 635 4363 tam
657 4310 776 4368 evidenti
796 4328 856 4372 mec
879 4309 987 4380 quidem
1004 4308 1109 4377 judicio
1131 4309 1243 4377 apodixi
1260 4306 1357 4376 judicii
1378 4307 1433 4360 mei
1449 4306 1567 4377 judicem

243 4391 376 4446 constituo
388 4390 521 4444 eruditam
536 4390 708 4458 prudentiam
717 4397 801 4452 tumn,
821 4407 892 4461 quac
906 4393 950 4444 vel
966 4389 1100 4458 approbet
1115 4403 1186 4458 qnae
1196 4389 1358 4456 piacuelint.
1378 4390 1423 4441 vel
1433 4389 1568 4457 improbet

242 4487 314 4541 quae
345 4469 514 4524 offenderint.
557 4469 606 4522 His
636 4472 699 4523 vale
730 4469 756 4522 in
784 4470 891 4522 Christo
925 4469 967 4522 sir
1000 4469 1170 4522 ornatissime
1197 4469 1338 4538 rnnithue
1366 4470 1400 4532 pb
1427 4483 1567 4520 commuue

243 4549 392 4603 studiorum
417 4550 552 4603 vinculum
577 4548 723 4602 carissime.
765 4551 868 4618 Perge
884 4548 952 4602 tiene
980 4551 1013 4602 de
1039 4547 1110 4600 cintii
1139 4547 1256 4601 historia
1276 4548 1436 4618 promereri,
1465 4563 1498 4600 ac
1519 4555 1567 4598 tna

243 4629 368 4683 dilatare.
414 4631 476 4682 :lam
497 4629 566 4682 enim
592 4628 688 4680 ostium
717 4637 839 4697 apertum
862 4638 904 4681 est
925 4645 1052 4698 magnum
1073 4635 1103 4680 ct
1124 4629 1199 4682 cbox
1223 4628 1358 4690 sublatus,
1380 4645 1434 4698 quc
1455 4627 1566 4682 iiberids

242 4710 329 4778 possis
349 4717 376 4763 et
397 4710 550 4778 opprimere
571 4724 641 4778 quae
662 4709 733 4762 salsa
753 4715 815 4762 sunt
837 4715 863 4762 et
886 4725 1046 4778 espromcrq
1068 4724 1139 4778 qtute
1162 4725 1228 4761 sera
1250 4715 1319 4762 sunt.
1364 4717 1465 4764 Gratias
1493 4727 1564 4785 porro
1632 4765 1636 4772 ,
