3406 5542
201 263 267 332 ero
660 227 663 234 ’
705 281 1040 344 annu-murus

200 429 277 511 ipsis
292 427 378 492 locus
394 427 520 492 futurus.
548 425 585 492 Si
599 446 659 491 nou
675 426 784 490 luisset
796 427 936 490 Herodes
949 426 1016 508 ipse
1030 444 1125 508 prope
1138 425 1375 501 Hierichuntem,
1389 424 1549 490 sedJero-

202 517 344 600 solymis,
365 518 440 582 nihil
456 524 524 580 crat
538 516 582 580 illi
598 515 773 597 aegrotanti
787 518 889 598 potius
904 514 1082 590 laciendum,
1099 534 1189 597 quam
1202 523 1238 578 ut
1252 508 1455 595 pre'vinciales
1470 533 1549 578 con-

200 614 327 670 vocaret
346 603 581 688 lerosolymam:
610 605 671 668 imo
699 624 736 668 ne
758 605 918 669 vocatione
948 603 1066 688 quidem
1092 623 1167 686 opus
1194 605 1317 680 inisset,
1345 602 1552 686 ierosolymis

201 695 282 762 enim
303 695 466 778 primorum
489 694 594 776 populi
616 713 689 775 pars
712 709 827 776 magne
847 694 1011 758 habitabat
1034 699 1141 770 autea,
1171 693 1300 759 maxime
1324 694 1463 757 instante
1487 711 1549 775 pa-

201 786 315 850 schate.
638 837 641 850 .

290 872 368 936 &rm
383 872 482 954 ἐρίων
503 868 555 936 itte·
577 872 799 946 convenieeent,
822 869 969 936 andee
989 871 1034 936 cd
1052 872 1194 953 ipeoenrn
1215 872 1392 936 concionem
1413 873 1450 934 e'n
1462 870 1552 932 idem

200 963 354 1028 manum
374 962 457 1024 verrit
478 957 588 1025 lectica
606 968 760 1042 peetctne,
783 962 867 1042 qnod
883 961 1018 1044 pedibue
1038 961 1181 1025 insistere
1205 963 1358 1044 reperiret,
1380 961 1552 1024 ecditioece

187 1051 366 1139 ¹cccceceit,
378 1050 508 1129 socinue
523 1051 629 1114 concie
643 1050 838 1132 improbavit.
869 1049 1016 1117 Herodes
1030 1050 1129 1132 icitur
1142 1049 1300 1115 Matthiae
1320 1051 1445 1114 ademto
1464 1069 1553 1130 pen-

199 1142 320 1224 tiflcutn
340 1159 547 1203 accceeecreen
574 1137 626 1203 itte·
646 1139 736 1202 dedit
756 1139 932 1204 Jouceeeem
958 1141 1071 1204 eccene
1090 1161 1167 1204 enoc
1186 1143 1347 1221 freden:
1380 1139 1551 1202 aediticece

198 1233 282 1294 cicer
297 1231 419 1294 eceneit
432 1228 568 1292 ctLum
583 1229 692 1292 eodem
699 1235 787 1292 necte
802 1229 931 1311 deplecit:
947 1248 1023 1310 quae
1037 1230 1132 1293 verba
1145 1230 1240 1311 probe
1254 1229 1400 1303 notanda,
1416 1227 1549 1292 totidem

201 1319 280 1384 enim
296 1325 368 1382 sunt
389 1317 421 1382 in
437 1323 524 1380 textu
541 1316 671 1382 Graeco.
715 1317 873 1382 Invenitur
885 1325 987 1382 autem
1002 1317 1123 1400 eclipsis
1139 1319 1243 1382 Lunae
1269 1317 1410 1400 partialis
1425 1316 1546 1398 digito-

199 1429 263 1473 rum
286 1425 364 1490 peue
388 1426 443 1470 sex
464 1425 552 1471 mane
575 1406 636 1470 diei
660 1406 926 1470 lamacitanus
948 1409 1000 1472 42.
1023 1409 1120 1472 tribus
1139 1408 1223 1470 horis
1242 1415 1315 1471 aute
1332 1406 1415 1471 Solia
1438 1413 1549 1468 ortum

198 1497 295 1580 Regia
315 1516 388 1562 vero
411 1497 533 1560 morbus
554 1496 586 1561 in
608 1496 743 1560 deterius
764 1495 855 1572 abiit,
878 1497 961 1577 cujus
977 1504 1182 1578 symptomata
1195 1496 1300 1560 multis
1314 1495 1416 1559 verbis
1431 1513 1546 1560 receu-

200 1595 320 1651 sentur:
350 1605 428 1668 quae
450 1593 553 1648 tamen
582 1585 683 1649 omnia
703 1586 785 1648 intra
807 1587 960 1650 octiduum
980 1586 1118 1664 accidere
1146 1593 1312 1667 potuerunt
1336 1585 1461 1649 tertium
1481 1584 1550 1665 jam

199 1695 333 1741 mensem
348 1675 540 1740 decumbenti
561 1682 594 1737 et
610 1674 676 1755 jam
691 1681 784 1738 antea
805 1675 880 1739 mori
901 1675 967 1738 uiso
990 1676 1163 1757 etpedibus
1178 1695 1238 1740 nou
1261 1674 1377 1738 valenti
1391 1673 1550 1748 insistere,

200 1785 268 1830 cnm
282 1765 412 1830 maxime
426 1764 522 1828 vellet
536 1763 632 1826 videri
646 1764 768 1838 valens;
784 1764 877 1828 nihilo
887 1765 1244 1828 tamenminnellerodee
1253 1783 1308 1846 epe
1321 1763 1419 1826 morbi
1436 1780 1549 1844 snper-

199 1855 270 1918 andi
293 1862 325 1919 et
343 1853 477 1916 medicos
496 1853 660 1916 advocavit
681 1848 815 1934 (rursum
838 1851 960 1916 Gnaeos
978 1854 1073 1918 verba
1093 1849 1209 1934 refero)
1230 1861 1263 1916 et
1288 1871 1366 1936 qnae
1388 1852 1433 1915 illi
1448 1870 1546 1932 prae-

199 1943 384 2018 scriberent,
405 1963 466 2006 non
489 1949 538 2006 est
553 1950 722 2017 aversatus,
743 1943 898 2023 proiectus
914 1941 1006 2005 etiam
1021 1950 1108 2006 mans
1122 1942 1288 2006 Jordancm
1303 1942 1343 2004 ad
1359 1940 1549 2016 Callirhoen,

198 2040 234 2096 ut
248 2032 376 2098 thermis
386 2033 588 2114 experiretun
603 2049 722 2095 rursum
736 2031 813 2095 haec
829 2031 1079 2114 eodemtempore
1093 2031 1158 2094 fieri
1171 2037 1345 2113 potueruut
1361 2048 1419 2112 quo
1435 2037 1548 2093 auctus

199 2130 248 2186 eet
262 2121 394 2197 morbus,
409 2125 500 2186 a'ncta
516 2119 605 2184 simul
619 2120 818 2184 remediorum
833 2139 920 2197 cura;
943 2121 985 2185 ibi
1001 2139 1068 2184 cum
1082 2121 1180 2184 visum
1194 2128 1279 2184 esset
1293 2119 1418 2184 medicis
1434 2137 1548 2201 corpus

199 2211 263 2293 ejus
280 2211 506 2275 concalefacere
523 2203 709 2292 (nisilallor,
731 2229 769 2272 ex
783 2209 892 2274 itinere
908 2218 976 2274 erat
991 2211 1133 2276 affectum
1147 2218 1180 2272 et
1194 2210 1294 2274 ventis
1309 2209 1423 2272 Martio
1439 2227 1547 2272 mense

198 2301 403 2383 higelactnm:
428 2307 495 2364 esto
511 2305 614 2363 tamen
635 2307 708 2382 post
721 2315 807 2362 nsum
823 2299 1008 2363 thermarum
1030 2300 1242 2382 duraveritque
1265 2300 1342 2362 haec
1357 2317 1432 2362 cura
1447 2315 1546 2380 nsque

197 2390 237 2452 ad
253 2385 304 2454 2⁷.
312 2385 434 2471 Martii)
457 2395 529 2453 tnnc
542 2389 641 2472 rpite
654 2387 807 2452 derriceus
821 2390 856 2452 in
869 2389 1022 2472 replentem
1035 2387 1100 2452 oleo
1115 2386 1229 2452 aelium
1243 2389 1328 2452 eriere
1342 2395 1388 2450 eet
1402 2389 1548 2452 aeriorem

197 2499 307 2562 apere:
327 2478 577 2543 remacensem
588 2497 658 2542 uero
674 2475 810 2542 clonnre
830 2484 898 2540 ceto
911 2477 1082 2560 respiciens
1102 2479 1186 2542 etde
1199 2479 1266 2543 citu
1280 2478 1464 2559 deenen,
1485 2497 1546 2559 pe-

197 2569 308 2632 moine
329 2569 491 2632 distribuit
511 2575 541 2630 et
559 2587 700 2631 recente
721 2573 766 2630 eet
786 2566 1013 2632 deiciuntur:
1045 2587 1084 2630 ex
1103 2586 1161 2650 quo
1183 2569 1274 2632 datur
1291 2565 1436 2648 intelligi,
1460 2567 1547 2648 prius

196 2658 280 2722 illum
295 2657 471 2721 Jerichunte
493 2656 678 2738 proiectum,
701 2673 767 2718 oum
784 2656 920 2721 thermas
941 2661 1076 2739 peteret,
1098 2655 1189 2720 fuerit
1203 2657 1262 2720 hcc
1277 2655 1328 2721 29.
1340 2655 1458 2730 Martii,
1473 2673 1546 2718 nam

198 2745 352 2811 Callirhoe
363 2747 384 2808 J
385 2747 534 2810 erichunti
548 2745 648 2808 vicina
663 2753 721 2808 est
744 2745 798 2809 Ibi
807 2744 949 2810 watto
963 2744 1278 2829 etioerlcntesueinue
1290 2745 1427 2808 tonnerre
1439 2745 1547 2808 medi-

196 2843 281 2899 tctne
303 2843 355 2899 eet.
403 2834 483 2899 (inm
501 2835 584 2898 enim
598 2836 743 2898 coiieeent
762 2837 798 2898 in
818 2855 915 2898 enum
935 2836 980 2899 ed
1000 2835 1103 2917 ipsine
1121 2835 1307 2899 nrcndctm
1322 2830 1490 2916 (intellige,
1508 2841 1548 2896 ut

198 2943 290 3007 supra
312 2920 441 3007 dictum)
464 2931 612 3006 qrtetqnot
630 2924 758 3006 uepicen
778 2933 878 2988 eeeeed
899 2924 1036 3009 dicerjue
1055 2925 1191 2988 nmniede
1212 2923 1349 2998 Judcei,
1377 2943 1548 3006 eorumque

196 3011 364 3078 multitudo
378 3034 495 3096 maeno
510 3020 597 3087 eeeet,
612 3014 725 3096 qnippe
738 3019 802 3076 roro
816 3012 943 3076 actione
955 3020 1090 3087 evocato,
1104 3013 1287 3095 parentibus
1293 3013 1445 3086 mnnibew,
1461 3013 1565 3094 pared,

192 3123 297 3185 poeno
311 3103 422 3167 morire
434 3110 504 3166 eret
518 3103 604 3166 dicto
618 3102 863 3166 inobedientibus
878 3096 1001 3183 (quihus
1010 3103 1115 3166 eadem
1125 3103 1163 3166 de
1173 3121 1268 3166 cauea
1282 3104 1341 3167 iuit
1355 3110 1547 3186 exspectan·

197 3193 253 3255 dus
268 3193 350 3273 regis
364 3192 496 3268 reditus,
519 3191 701 3254 desederunt
715 3191 807 3272 igitur
821 3190 1011 3256 Hierichunti
1025 3211 1081 3274 per
1101 3192 1159 3256 hos
1181 3187 1266 3256 'luel
1283 3193 1324 3254 14
1340 3187 1422 3272 dies)
1439 3211 1548 3254 cennee

195 3279 270 3344 illae
284 3279 412 3346 inclusit
429 3282 464 3344 in
478 3281 736 3362 Hippcdromum
748 3280 905 3363 jeceritqnc
927 3283 1183 3346 noanneane
1205 3299 1309 3345 eneces
1324 3281 1448 3365 jecelia
1469 3301 1546 3345 con-
1581 3343 1586 3348 .

190 3371 368 3453 fieermber,
382 3377 418 3436 nt
432 3371 532 3434 onnes
546 3368 675 3434 Judcec
689 3367 793 3451 lnpeot
806 3370 908 3451 ipeiue
923 3369 1047 3434 otene.
1093 3370 1266 3452 Diligenter
1280 3379 1364 3446 nota,
1386 3370 1468 3452 quod
1484 3389 1546 3432 nen

196 3459 348 3534 scribitur,
363 3460 480 3523 demum
496 3477 681 3524 convocasse
695 3458 842 3541 primores
858 3459 953 3522 totius
969 3459 1079 3541 gentis,
1094 3467 1256 3542 postquam
1270 3459 1362 3523 rediit
1375 3457 1546 3524 Jerichnn·

196 3555 267 3624 tem,
283 3549 337 3610 sed
354 3556 557 3630 congregatos
568 3549 634 3629 jam
656 3555 705 3611 tot
721 3555 753 3610 et
767 3549 847 3612 tales
864 3549 1047 3612 conclusisse
1071 3550 1111 3613 ad
1125 3567 1239 3612 necem
1282 3551 1370 3612 Haec
1385 3548 1471 3612 lacta
1487 3567 1546 3612 ex-

197 3645 286 3700 eunte
303 3637 355 3700 33.
371 3638 519 3713 Herodis,
539 3637 702 3718 incipiente
717 3637 815 3700 Nisan
830 3637 883 3700 34.
926 3636 1067 3713 Interim,
1089 3638 1160 3701 dnm
1175 3637 1310 3702 crudelia
1328 3639 1392 3703 iata
1405 3638 1547 3712 mandat,

84 3741 88 3750 ‘
196 3725 307 3789 timae
320 3727 385 3808 ipei
399 3725 573 3809 leyotonnn
585 3726 731 3790 redditae
744 3733 827 3798 eunt,
847 3726 957 3807 cecidere
976 3727 1212 3809 nyrnyiecbainr
1231 3725 1283 3790 itte·
1294 3733 1435 3808 pererras
1446 3727 1545 3810 sacta

196 3833 219 3876 c
235 3813 373 3877 Ooeecre
381 3815 538 3896 puniendi
544 3813 625 3897 filii:
649 3815 759 3897 quince
772 3813 916 3878 nonnihil
929 3821 1088 3880 recredere
1106 3823 1211 3880 tomen
1224 3817 1309 3879 bren
1321 3817 1546 3880 mutantibus

196 3903 404 3967 doloribeteee
418 3905 522 3987 ipenm
537 3903 636 3968 cultro
643 3899 749 3987 seiire
763 3903 896 3968 annet.
925 3903 1068 3968 Meum
1081 3906 1181 3988 ipiteee
1198 3913 1265 3969 crte
1277 3903 1417 3988 plerane
1431 3925 1546 3970 recreor

196 3991 310 4056 canter
323 3993 395 4078 jum
420 3993 568 4058 decedere
591 4013 703 4075 recem.
745 3991 793 4057 Et
812 3993 982 4075 Antipater
1002 3997 1187 4059 restinctum
1207 4003 1298 4059 rente
1321 4013 1392 4058 cum
1416 3997 1546 4060 mode

195 4081 305 4165 epitde
314 4079 616 4146 taucadiectnectie:
633 4082 716 4164 qood
731 4089 890 4146 cnmeeeet
901 4085 972 4164 reye'
985 4086 1212 4160 renunciatum,
1227 4086 1281 4150 irc
1292 4085 1435 4167 precidere
1448 4093 1546 4168 capnt

194 4171 366 4235 veluerit
379 4179 556 4254 erecbeeqrn
569 4173 603 4236 in
619 4173 754 4236 cubitem
767 4173 1080 4258 Antipcbwnjneeit
1094 4174 1197 4237 occidi
1211 4182 1239 4237 et
1259 4193 1372 4256 corpere
1392 4175 1490 4238 cendi
1511 4177 1546 4238 in

195 4257 377 4342 Hyrcoene'c,
400 4260 528 4338 castello
547 4261 651 4343 utiqne
672 4261 788 4336 vicino,
811 4261 890 4343 qnod
912 4262 952 4324 ad
973 4263 1123 4342 peculium
1143 4261 1335 4346 pertinuerat
1355 4264 1496 4346 Hyrcani
1513 4271 1546 4327 ct

194 4349 364 4414 Aristobuli
385 4350 527 4425 fratrum,
549 4352 629 4432 quod
649 4351 806 4414 habebant
822 4351 854 4412 in
870 4347 985 4432 Campo
1000 4352 1132 4433 Magno,
1153 4353 1184 4416 in
1200 4371 1259 4436 quo
1275 4361 1308 4415 et
1321 4352 1466 4416 Jerichus
1482 4354 1544 4416 sita

194 4447 276 4502 erat:
309 4438 389 4521 quod
409 4438 558 4520 peculium
580 4441 722 4522 Hyrcano
747 4439 845 4503 literis
868 4438 1012 4504 Caesaris
1037 4443 1245 4506 confirmatum
1277 4441 1442 4524 aliquando
1467 4443 1542 4516 iuit;

193 4533 226 4588 et
240 4525 320 4610 quod
334 4528 494 4590 cutellum
513 4547 600 4592 soror
613 4529 762 4610 Antigoni
777 4529 886 4610 prioris
906 4529 989 4610 regis
1007 4548 1102 4613 usque
1118 4533 1158 4595 ad
1173 4531 1286 4594 bellum
1298 4530 1465 4596 Actiacum
1486 4532 1540 4594 de-

193 4615 337 4680 timeret.

279 4705 330 4768 Ita
344 4704 483 4768 Herodes
497 4705 621 4768 ineunte
636 4725 715 4770 anno
731 4705 812 4769 civili
827 4707 879 4770 34.
895 4707 980 4790 regni
995 4708 1117 4772 maximi
1133 4709 1277 4774 momenti
1296 4727 1362 4773 rem
1376 4719 1540 4792 perpetra-

125 4791 134 4816 ⁸
193 4791 254 4867 vn,
275 4794 376 4857 occiso
399 4793 460 4857 filio
474 4793 657 4875 Antipatro,
680 4813 768 4877 quern
782 4815 989 4862 successorem
1004 4798 1224 4864 declaraverat.
1267 4798 1386 4863 Postea
1401 4800 1540 4864 Herodes
