3400 5538
706 219 787 302 spur
809 217 921 272 scions.
1412 219 1474 278 517

152 397 213 447 licet
232 397 355 460 epistolae
375 411 447 447 meae
466 399 584 454 rariores,
610 400 741 462 quaejam
760 398 936 462 occupationes
955 395 1175 456 commorantem
1194 395 1303 466 afflictae
1322 395 1476 444 valetudinis

152 469 264 518 rationes
293 469 473 532 impedierant,
502 485 550 517 non
569 475 663 524 tantas,
682 476 788 531 quantas
811 468 966 517 immortales
986 479 1084 520 mecum
1103 467 1257 521 circumfero,
1287 466 1476 529 explicuissent.
1549 511 1555 524 ,

152 539 332 588 Meditatioues
351 541 382 589 de
402 540 483 591 Stella
500 539 571 589 Nove
588 547 615 589 et
634 541 664 588 de
683 539 776 589 Natali*
789 539 938 594 servatoris,
955 551 985 587 ex
1004 539 1123 601 promisso
1136 537 1317 586 llominationis
1331 537 1401 585 Tuae
1416 537 1474 586 dum
1554 537 1557 544 “

151 611 313 659 Francoiurto
333 612 488 676 exemplaria
506 611 652 666 afferantur,
671 625 763 676 magno
782 625 838 658 curn
855 609 978 658 desiderio
992 613 1118 671 exspecto,
1138 607 1241 656 interim
1253 605 1298 670 pe'r
1311 615 1473 656 transennam

151 681 224 744 qnasi
244 683 406 745 introspicere
425 683 487 731 mihi
506 682 577 732 licuit
593 684 620 732 in
639 683 750 730 alienum
768 681 905 744 exemplar.
942 680 981 728 lbi
999 684 1055 728 crim
1075 679 1146 728 hians
1165 691 1271 728 venarer
1289 679 1477 728 Dominationis

151 751 224 800 'dnae
249 751 280 800 de
306 753 392 802 Natali
411 753 550 810 servatoris
568 755 729 809 sententiam,
755 765 850 818 nragna
868 767 925 800 cum
940 751 1097 814 iucunditate
1116 750 1280 812 deprehendi,
1298 757 1323 798 te
1342 750 1382 798 rel
1405 753 1476 813 igno·

152 831 252 872 notem
276 825 334 872 c'nm
357 825 465 874 Domino
485 833 651 888 'praeceptore
677 823 812 888 Maecilius
837 823 941 874 mirifice
966 823 1115 878 consentire,
1140 821 1183 886 qui
1204 820 1295 884 ,itidem
1313 821 1331 869 4
1349 835 1427 870 annos
1447 833 1475 870 et

151 894 250 956 aliquot
274 909 372 944 menses
398 895 516 960 vulgatae
535 895 646 958 epochas
666 895 817 958 adjiciendos
836 895 1031 944 demonstrative
1047 894 1146 950 statuit,
1166 893 1236 953 eujus
1255 893 1477 951 suaenententiac
1564 951 1570 964 ἱ

152 967 265 1012 rationes
288 964 350 1014 mihi
375 981 423 1016 non
448 973 546 1028 tantum
572 968 673 1036 prolixis
699 965 780 1016 serbis
805 951 883 1014 semel
909 973 936 1014 ct
961 967 1053 1014 iterum
1078 965 1200 1027 esposuit,
1224 962 1270 1011 sed
1293 963 1399 1012 eandem
1418 971 1477 1010 ante

152 1033 283 1084 biennium
316 1044 342 1084 et
373 1037 481 1100 amplius
509 1037 611 1100 publica
631 1035 669 1100 ,de
697 1052 727 1085 eo
755 1043 903 1102 argumento
932 1035 1044 1083 oratione
1072 1033 1159 1084 habita
1187 1027 1257 1097 (puto
1276 1035 1302 1082 iu
1320 1033 1475 1097 promotione

152 1105 391 1164 Baccalaureornm,
410 1109 430 1156 si
449 1115 517 1157 recte
537 1107 651 1170 memini)
670 1105 814 1158 celebrarit.
851 1107 883 1156 Et
900 1107 974 1170 paulo
994 1113 1052 1154 ante
1072 1117 1149 1169 qnam
1165 1105 1214 1154 hae
1227 1104 1403 1153 meditationes
1417 1109 1476 1152 tuae

151 1175 215 1224 milri
242 1179 311 1225 risse
338 1185 430 1236 essent,
452 1179 632 1241 jocundissimo
651 1181 676 1230 iu
695 1180 817 1244 colloquio
836 1180 862 1228 in
880 1178 927 1226 hcc
945 1179 998 1242 ipso
1017 1189 1119 1226 romaeo
1138 1189 1193 1226 meo
1212 1174 1297 1223 habito
1316 1174 1479 1224 familiariter

153 1248 287 1308 explicuit:
314 1261 378 1313 qnae
397 1265 483 1298 omnes
502 1256 572 1298 tanto
591 1250 652 1299 mihi
667 1247 833 1313 jucundiores
846 1259 913 1306 suut,
932 1248 997 1312 quod
1015 1261 1103 1296 earum
1122 1248 1219 1312 aliquas
1235 1248 1289 1309 jaro
1308 1247 1334 1296 iu
1351 1245 1384 1294 D.
1399 1246 1475 1295 muse

151 1318 268 1367 discum
287 1321 359 1382 quasi
378 1320 411 1368 ad
429 1322 555 1370 calamum
574 1321 682 1370 dictatas
699 1321 836 1384 repetendo
855 1321 967 1385 cognovi.

241 1403 288 1467 26)
306 1422 330 1471 p.
350 1402 411 1458 277.
448 1406 534 1457 Innult
557 1409 620 1459 iorte
646 1410 772 1472 Keplerus
797 1410 879 1458 rarhis
898 1409 937 1458 his
956 1409 1013 1457 lites
1032 1409 1184 1472 ipsummrr
1201 1409 1322 1472 temporis
1340 1409 1478 1470 agitantes,

149 1479 178 1526 in
195 1489 258 1540 quas
276 1478 401 1528 inciderat
417 1493 473 1528 cum
492 1480 662 1530 ecclesiastico
680 1481 800 1530 Linclano
820 1480 943 1539 (Hizlero,
960 1481 1079 1542 primario
1097 1479 1185 1542 templi
1203 1480 1316 1528 ministro
1336 1485 1363 1528 et
1374 1477 1477 1526 scholae

149 1548 314 1610 inspectore),
339 1551 381 1613 qui
408 1549 560 1616 Keplerum,
581 1565 638 1600 cum
656 1552 736 1601 nollet
753 1567 799 1615 per
816 1554 901 1606 omnia
919 1551 1059 1606 ,lormulae
1075 1549 1238 1600 mosomio&
1259 1549 1385 1606 assentiri,
1404 1549 1478 1613 quasi

150 1619 254 1668 Calvisi
272 1620 332 1670 fidei
350 1621 477 1670 addictum
496 1623 624 1672 accusavit
641 1630 668 1672 et
686 1637 702 1672 a
720 1636 794 1673 sacra
811 1637 891 1673 coena
909 1622 1022 1676 exclusit

243 1689 315 1749 Quae
345 1691 383 1740 his
409 1687 540 1755 pradmisit
562 1693 697 1758 Keplerus,
723 1695 786 1744 haec
812 1701 929 1758 spectant
953 1693 1056 1745 Calvisii
1081 1693 1171 1750 rerba,
1199 1691 1289 1755 quitus
1312 1691 1389 1740 linem
1412 1691 1476 1738 iacit

149 1759 275 1826 epistolae
294 1775 367 1810 suae:
386 1763 463 1812 Falsa
481 1766 547 1812 enim
566 1773 606 1814 est
619 1774 676 1823 -tua,
695 1765 815 1829 Keplere,
833 1765 967 1821 sententia,
987 1779 1037 1828 que
1054 1767 1152 1822 amuis,
1172 1763 1298 1812 Christum
1318 1761 1474 1812 salvatorem

149 1839 264 1880 nostrum
283 1833 436 1882 tricesimum
454 1836 556 1883 tertium
575 1836 666 1886 aetatis
685 1850 779 1885 annum
799 1835 969 1899 complevisse,
989 1850 1045 1884 cum
1064 1834 1244 1900 baptizaretur,
1263 1841 1290 1881 et
1307 1839 1395 1882 natum
1409 1846 1475 1880 anuo

150 1901 256 1951 solima
275 1903 475 1970 quadragesimo.
512 1905 541 1955 ld
560 1909 627 1956 euim
644 1914 743 1972 pugnat
760 1923 816 1956 cum
835 1907 998 1971 Evangelista
1016 1905 1094 1962 Luca,
1113 1920 1170 1954 cum
1182 1911 1268 1953 aetate
1281 1903 1398 1962 Herodis,
1418 1918 1474 1952 cum

149 1975 233 2034 spatio
259 1976 378 2037 temporis
394 1976 468 2030 ¹inter
492 1977 598 2041 eclipsin
623 1985 649 2026 et
674 1978 777 2042 pascha,
802 1983 828 2026 et
854 1991 910 2026 cum
934 1991 1057 2026 consensu
1081 1979 1157 2026 totius
1182 1975 1315 2024 ecclesiae.
1353 1975 1380 2024 Si
1408 1976 1475 2024 enim

150 2043 268 2092 Christus
296 2051 368 2092 uatus
396 2054 464 2095 esset
487 2060 552 2096 annc
576 2049 619 2098 40.
646 2049 757 2107 iuliano,
781 2040 864 2097 natus*
881 2053 948 2098 esset
966 2060 1031 2096 anno
1051 2061 1126 2097 aerae
1147 2046 1407 2100 Actiacae-victoriae
1430 2044 1475 2102 25,

150 2121 179 2164 et
201 2129 268 2162 anno
293 2111 390 2180 imperii
409 2117 518 2182 nupsisti
536 2116 579 2176 89,
604 2119 669 2184 quod
687 2135 760 2169 nemo
778 2132 892 2184 unquam
907 2121 933 2168 io
952 2119 1061 2168 ecclesia
1078 2119 1118 2168 rel
1132 2117 1195 2168 dixit
1213 2118 1253 2166 rei
1273 2118 1382 2181 scripsit
1419 2115 1476 2166 Non

150 2192 239 2235 antem
256 2183 346 2236 mirum
365 2195 413 2245 est,
435 2190 469 2238 mi
487 2189 608 2252 Kepiere,
630 2197 701 2240 trram
719 2193 861 2255 opinionem
879 2190 971 2240 lalsam
990 2205 1055 2248 esse,
1074 2203 1131 2238 cnm
1148 2191 1245 2238 nitatem
1262 2188 1339 2251 plane
1358 2188 1430 2236 ialsie
1449 2194 1477 2236 et

150 2269 170 2304 a
191 2263 217 2306 ts
243 2258 354 2312 confictis
379 2257 567 2322 hypothesibus.
603 2261 701 2312 Nullihi
724 2265 792 2312 enim
815 2275 916 2312 mosum
939 2261 978 2310 vel
1002 2257 1180 2326 Evangeiistae
1199 2261 1284 2310 Lucae
1302 2259 1344 2310 rel
1361 2258 1475 2322 Josephi.

150 2342 228 2392 qnam
252 2327 330 2376 rerba
348 2331 495 2392 simpliciter
511 2332 644 2382 intellecta
662 2335 778 2398 gignunt,
796 2334 917 2397 sequeris,
939 2331 983 2382 sed
1002 2331 1093 2396 ubique
1112 2345 1202 2380 novam
1220 2332 1373 2380 sententiam
1391 2329 1474 2394 fingis.

150 2397 193 2450 lta
216 2397 284 2462 apud
308 2400 405 2448 Lucam
428 2399 471 2451 ³0.
496 2416 577 2452 annus
596 2403 688 2454 Christi
713 2412 753 2454 est
777 2404 823 2454 tihi
849 2400 892 2461 33,
916 2399 1230 2466 insanguineum
1250 2395 1418 2450 recutiet:
1439 2403 1477 2452 ita

150 2466 194 2520 67.
222 2472 303 2519 iniens
330 2473 422 2521 astaus
448 2473 556 2522 Herodis
581 2481 622 2524 est
644 2475 691 2525 tibi
717 2469 760 2525 70.
784 2476 837 2524 iere
864 2475 1013 2538 completus:
1039 2475 1077 2523 ita
1098 2487 1163 2537 quae
1182 2473 1302 2522 trimestri
1321 2473 1402 2534 spatio
1420 2479 1477 2534 post

153 2541 262 2604 eclipsin
286 2541 413 2590 Lunarem
436 2545 478 2594 rix
500 2545 556 2608 geri
578 2551 721 2608 potuerunt,
747 2548 772 2595 in
797 2560 875 2594 uuum
898 2558 1011 2593 mensem
1036 2543 1170 2600 contrahis,
1196 2552 1272 2607 atqua
1297 2543 1334 2591 ita
1351 2556 1382 2592 ex
1400 2543 1476 2591 meris

151 2619 180 2660 et
208 2611 274 2660 fictis
309 2615 457 2674 conjecturis
481 2629 568 2664 rernm
593 2629 686 2666 annum
711 2615 850 2666 nativitatis
875 2615 968 2664 Christi
995 2629 1083 2664 eruere
1110 2616 1215 2672 conaris,
1241 2613 1266 2663 id
1289 2611 1354 2677 quod
1377 2627 1476 2665 mecum

151 2683 301 2732 fatebuntur
333 2685 441 2741 omues,
464 2687 506 2749 qui
536 2685 672 2751 Josephum
702 2695 729 2737 et
752 2688 814 2736 alios
839 2688 968 2736 historicos
992 2675 1078 2752 legere
1109 2692 1136 2735 et
1159 2693 1287 2734 momenta
1310 2699 1394 2733 rernm
1417 2697 1475 2748 per-

151 2753 263 2817 pendere
288 2753 418 2804 volucrint.
456 2756 507 2824 Spd
530 2758 607 2807 hoeni
631 2759 696 2808 iasio
722 2759 795 2821 huius
820 2757 1099 2814 commentatiunculae,
1123 2769 1199 2820 qoam
1223 2756 1289 2805 allas
1313 2755 1476 2812 distulissem,

151 2839 231 2888 usqne
257 2823 316 2874 dnm
342 2825 537 2891 Chronolopiam
557 2831 611 2892 jam
634 2829 680 2878 suh
706 2829 824 2878 incudem
848 2835 992 2878 revocatam
1016 2827 1159 2885 edidissem,
1184 2828 1232 2876 nisi
1250 2839 1267 2875 a
1284 2834 1310 2876 te
1328 2831 1476 2890 provocatus

151 2897 268 2946 inhmnr:
303 2895 376 2946 Hanc
400 2905 486 2948 autem
509 2913 593 2948 meam
617 2915 720 2964 operam
743 2915 816 2965 spero
842 2900 976 2958 ecclesiae,
1001 2911 1067 2963 qnae
1093 2899 1142 2948 hae
1166 2904 1212 2948 tua
1235 2911 1300 2946 nora
1322 2903 1350 2946 et
1367 2896 1477 2949 absurda

151 2968 269 3029 opinione
294 2983 343 3016 uon
368 2969 526 3019 mediocriter
550 2972 654 3022 turbate
677 2978 725 3029 est,
750 2972 839 3021 utilem
857 2971 918 3030 iore,
931 2977 970 3020 ’et
987 2971 1093 3020 fortasse
1113 2971 1190 3019 etiam
1208 2970 1255 3018 tibi
1273 2983 1323 3018 ocu
1340 2970 1475 3033 ingratam.

151 3037 229 3094 Vale,
242 3039 343 3102 Lipsiae
357 3037 412 3088 Gal.
427 3039 482 3092 Oct.
496 3055 561 3090 anno
574 3049 649 3092 aerae
663 3041 822 3093 Christianae
838 3040 914 3100 1613,
926 3043 968 3108 qui
981 3047 1021 3092 est
1032 3053 1049 3090 a
1061 3042 1193 3090 nativitate
1206 3040 1300 3090 christi
1312 3053 1393 3091 annus
1406 3039 1475 3088 1615

151 3117 180 3158 et
198 3123 361 3175 nequequam
378 3109 454 3168 1618,
474 3119 502 3161 ut
520 3121 548 3161 tu
566 3115 685 3180 opinaris.

584 3197 586 3204 ·
1018 3181 1110 3233 Sethus
1130 3181 1263 3232 calvisius.
1372 3196 1384 3238 ,ι

241 3279 288 3350 27)
307 3303 332 3356 p.
351 3281 411 3340 297.
448 3289 523 3340 Hanc
547 3291 698 3341 senteutiam
723 3303 815 3354 magno
839 3259 967 3338 doctrinae
992 3295 1118 3354 apparatu
1142 3288 1256 3338 deiendit
1278 3250 1425 3354 Hendrtns
1450 3290 1476 3340 in

150 3359 217 3409 libro
234 3373 290 3417 sno,
308 3374 382 3424 quem
401 3374 478 3432 sppra
496 3361 611 3420 diximm,
630 3361 804 3426 chronologico
824 3355 879 3420 (cir.
898 3360 1028 3410 Maestliui
1047 3361 1134 3410 literas
1152 3361 1194 3410 iol.
1216 3359 1266 3410 tao
1284 3359 1317 3423 ι.)

241 3445 288 3510 28)
307 3465 332 3513 p.
351 3447 412 3498 303.
449 3449 574 3500 Calvisius
593 3451 699 3513 probare
719 3457 831 3506 conatus,
849 3447 987 3512 Josephum
1005 3463 1083 3499 annos
1102 3449 1190 3512 templi
1208 3449 1341 3508 tnsmmsti
1361 3457 1387 3499 et
1405 3450 1475 3500 dedi·

151 3528 227 3569 eatae
247 3519 389 3570 Caesareae
408 3535 525 3570 erroneos
544 3521 659 3584 prodere,
679 3520 760 3570 addit:
781 3519 863 3584 litque
883 3519 929 3568 hoc
948 3526 988 3568 est
1005 3520 1104 3584 insigne
1123 3518 1187 3570 illud
1205 3522 1231 3570 in
1249 3517 1353 3584 Jortpns
1371 3521 1477 3571 historia

150 3590 282 3648 mendum,
307 3591 373 3655 quod
396 3593 479 3656 ipsum
505 3592 558 3641 iere
584 3593 704 3641 infamem
728 3591 789 3640 iecit
813 3597 839 3640 et
863 3604 962 3639 omnem
981 3590 1028 3653 ipsi
1047 3591 1123 3641 iidem
1142 3591 1210 3653 apud
1228 3588 1318 3640 multoe
1337 3591 1474 3658 derogarit.

151 3662 209 3710 Hoc
227 3661 317 3711 mendo
336 3661 412 3712 libros
431 3677 489 3710 suos
508 3663 702 3726 commacularit
721 3668 897 3724 suspectosque
910 3660 1018 3709 reddidit
1031 3669 1057 3710 et
1068 3675 1170 3711 causam
1183 3661 1309 3725 praebuit,
1328 3671 1357 3714 ut
1368 3662 1475 3712 Herodis

152 3734 254 3782 initium
273 3734 349 3781 aliter
367 3739 442 3798 atque
461 3733 538 3782 aliter
555 3748 572 3783 a
591 3733 694 3782 dirersis
713 3733 855 3781 auctoribus
875 3731 1051 3794 absurdissime
1070 3723 1207 3798 figeretur.'
1264 3762 1267 3770 ·

244 3819 290 3883 29)
309 3837 333 3886 p.
353 3815 413 3871 317.
452 3821 577 3871 Calvisius
596 3818 631 3886 (p.
651 3820 710 3884 2911
731 3820 885 3870 Archelaum
905 3827 990 3868 autem
1009 3831 1073 3870 anno
1085 3821 1187 3870 Juliano
1201 3819 1242 3869 52.
1256 3822 1398 3886 relegatum
1411 3837 1476 3879 esse,

152 3901 263 3942 testatur
287 3901 388 3956 praeter
413 3891 559 3956 Jcsephum,
584 3895 626 3960 qui
651 3893 677 3942 id
701 3893 795 3942 lactum
821 3894 912 3940 asserit
936 3904 1001 3940 auno
1026 3885 1068 3940 37.
1092 3899 1148 3955 post
1170 3893 1307 3942 Antonium
1326 3893 1418 3942 rictum
1443 3892 1477 3941 ab

153 3965 270 4028 Angrrsto
289 3965 321 4012 ad
340 3964 450 4020 Aetium,
470 3965 547 4013 etiam
566 3978 645 4014 caum
664 3965 857 4013 mathematicus
875 3963 1024 4020 Ptolemaei,
1041 3963 1118 4028 poem
1135 3977 1216 4027 nuper
1228 3963 1342 4012 benificio
1356 3962 1476 4020 Oneralli,

153 4038 200 4084 riri
218 4035 380 4100 undiquaque
399 4035 536 4084 doctissimi
555 4044 582 4085 et
597 4037 665 4099 apud
677 4035 857 4084 Lcndinienses
870 4036 895 4086 iu
905 4034 1000 4099 Augila
1011 4035 1101 4084 decani
1120 4029 1203 4093 (mort
1217 4048 1240 4083 a.
1256 4034 1331 4084 1619.
1345 4037 1476 4097 episcopus

152 4099 326 4167 Noriicensis)
351 4121 381 4156 en
406 4103 574 4170 manmcripto
599 4109 695 4169 accepi,
721 4120 769 4170 qno
792 4107 892 4154 nomine
917 4104 949 4154 de
967 4105 1048 4154 studio
1068 4105 1240 4171 chronologico
1259 4107 1352 4169 optime
1371 4106 1476 4154 meritos

153 4185 201 4226 est
239 4177 327 4226 Canon
352 4179 428 4234 enim,
452 4179 495 4242 qni
521 4179 547 4228 iu
566 4177 702 4228 canonibus
720 4175 978 4241 Scaligerihahetur,
997 4183 1126 4240 corruptus
1145 4184 1185 4226 est
1203 4185 1230 4226 et
1247 4192 1279 4227 ex
1297 4178 1442 4238 conlectura
1460 4188 1478 4225 a

153 4249 286 4312 Scaligerc
304 4248 462 4308 emendatus,
481 4249 522 4298 hic
542 4263 600 4300 rerc
618 4249 697 4312 plane
713 4250 811 4312 integer
829 4255 875 4296 est
974 4295 979 4306 ,

243 4335 290 4398 30)
308 4352 333 4401 p.
353 4331 413 4384 3⁷3.
451 4337 533 4397 Quam
558 4336 742 4387 dedicationem
767 4344 796 4384 nt
820 4337 910 4386 melius
934 4336 1147 4401 comprehendant
1164 4336 1279 4391 lectores,
1303 4335 1368 4384 haec
1386 4334 1475 4398 adium

153 4411 245 4474 grurus.
283 4408 392 4458 Uxorem
419 4408 491 4458 duxit
517 4409 643 4471 Keplerm
671 4423 736 4458 auno
765 4400 840 4457 1597.
866 4406 1006 4456 Barbarum
1029 4407 1174 4457 Milioniam
1199 4419 1216 4456 a
1239 4406 1351 4463 Millech,
1377 4419 1407 4454 ex
1425 4419 1477 4469 qna

153 4483 265 4545 suscepit
291 4481 307 4527 li
334 4478 435 4528 liberos.
470 4480 546 4538 Pner,
570 4495 645 4544 quem
669 4493 745 4542 supra
768 4480 942 4527 suavissimum
968 4477 1036 4536 dicit,
1061 4479 1209 4534 fridericus,
1232 4484 1306 4525 name
1326 4477 1349 4525 d
1369 4475 1393 4526 3.
1412 4476 1475 4526 Dec.

155 4549 231 4610 1604,
261 4558 375 4600 mortuus
400 4555 440 4599 cst
464 4565 485 4598 c.
511 4565 623 4601 mensem
649 4551 745 4613 Majum
772 4547 848 4598 1611.
885 4547 968 4608 Quam
990 4548 1051 4598 dicit
1068 4557 1197 4599 cruentam
1213 4561 1335 4612 pugnam,
1357 4549 1402 4596 ille
1421 4555 1477 4596 erat

152 4623 278 4673 tumuitus
303 4623 412 4671 rnilitum
439 4621 653 4680 ,Passaviorunr,“
680 4636 697 4670 a
720 4619 851 4684 Rudolpho
877 4621 1062 4678 conductorum,
1085 4623 1136 4685 qni,
1159 4633 1236 4682 onum
1254 4619 1405 4682 stipendium
1427 4633 1476 4667 non

151 4696 295 4745 sols-eretur
324 4692 446 4742 seditione
476 4693 545 4742 lecta
569 4693 669 4758 Pragae
699 4697 796 4755 partem
825 4691 987 4742 devastarunt
1011 4683 1047 4752 (7.
1073 4688 1132 4740 l'eb.
1160 4687 1247 4751 1611).
1285 4688 1357 4749 Quae
1382 4688 1412 4738 de
1436 4689 1476 4738 iris

152 4763 346 4818 calamitatibus
365 4763 490 4828 Krpierus
509 4767 613 4815 nunciat
630 4765 755 4830 linigero,
774 4763 892 4826 leguntur
909 4764 958 4816 rol.
977 4763 1009 4814 11.
1029 4779 1053 4828 p.
1072 4761 1283 4827 mesquinus
1302 4761 1382 4811 literis
1400 4763 1478 4810 reiert
