3406 5542
724 295 1061 359 manna-uanus,

774 617 893 748 (Japnt
914 615 1024 692 XIII.

265 793 1520 880 mammantnsssti‚qnansintasrlnmqemtalaaasadtapatm

407 885 575 982 maedam,
591 905 757 968 conpesce
771 886 1116 992 ocmrcteoimesta'ani
1130 907 1246 950 aaran
1262 883 1383 951 marsa

309 1151 464 1234 Singulari
490 1171 557 1214 curu
579 1151 737 1234 diligentia
761 1151 924 1234 descripsit
944 1151 1147 1234 Evangelista
1167 1153 1269 1216 Lucas
1289 1151 1323 1215 id
1343 1159 1479 1233 tempus,
1506 1169 1560 1232 quo
1641 1171 1643 1176 ’

220 1259 399 1325 praecursor
414 1240 532 1306 Christi
545 1241 682 1305 Joannes
697 1241 897 1308 ministerium
912 1262 998 1305 snum
1013 1261 1140 1306 exorsus
1157 1250 1219 1305 est:
1241 1260 1417 1324 rursumque
1426 1246 1469 1317 ,nt
1482 1239 1559 1320 prius

220 1331 301 1394 circa
316 1331 510 1394 nativitatem
531 1331 608 1393 trita
629 1339 663 1393 et
682 1332 774 1412 vulgo
792 1339 918 1412 recepta
939 1332 1038 1395 forma
1059 1331 1273 1413 descriptionis
1295 1332 1392 1395 utitur
1412 1347 1468 1412 per
1489 1329 1562 1403 illos,

220 1421 269 1504 qni
285 1437 384 1482 rerum
398 1419 602 1502 potiebantur.
642 1418 720 1484 Cum
734 1420 813 1484 euim
829 1439 904 1501 gens
918 1421 1104 1484 Judaeorum
1119 1429 1192 1484 tunc
1207 1421 1353 1503 temporis
1369 1419 1426 1482 snb
1440 1418 1562 1500 plurium

220 1507 406 1573 dominatum
422 1517 508 1571 esset·
521 1509 700 1585 distributa,
715 1521 783 1572 curn
797 1509 936 1573 'liberius
955 1508 1072 1573 Caesar
1086 1519 1301 1592 praeterquam
1316 1509 1396 1594 qnod
1412 1508 1494 1571 orbis
1507 1507 1561 1570 in-

219 1598 335 1681 perium
351 1599 519 1673 obtinebat,
532 1597 683 1662 Judaeum
700 1599 824 1680 insuper
839 1604 871 1660 et
887 1597 1058 1662 Samariam
1073 1601 1142 1662 inde
1159 1600 1198 1663 ab
1213 1599 1364 1681 Augusto,
1380 1596 1431 1680 qui
1446 1596 1562 1660 Arche-
1678 1637 1679 1666 ι

220 1690 302 1752 lanrn
317 1689 465 1769 ejecerat,
478 1688 564 1751 velut
578 1687 785 1752 haereditario
796 1688 865 1768 jure
881 1687 1067 1769 accepisset,
1089 1689 1134 1750 itu
1149 1697 1185 1751 ut
1200 1688 1258 1751 hae
1274 1687 1450 1770 provinciae
1465 1703 1562 1766 regem
1678 1711 1679 1746 ι

219 1795 280 1840 non
295 1777 446 1840 haberent
461 1776 519 1858 nisi
536 1763 718 1841 Caesarem:
743 1775 885 1840 Galilaea
905 1797 977 1840 vero
994 1782 1026 1839 et
1040 1778 1159 1842 Peraea
1175 1777 1303 1852 Herodi,
1325 1773 1520 1840 Trachonitis
1535 1781 1564 1835 et

219 1867 343 1929 Ituraea
357 1865 514 1947 Philippo,
528 1866 658 1930 Abilene
674 1865 842 1947 Lysaniae,
865 1865 1046 1942 tetrarchis,
1071 1866 1233 1942 Caesaris,
1248 1875 1283 1929 ut
1297 1874 1404 1929 nostro
1419 1883 1502 1926 more
1517 1862 1562 1925 lo-

219 1973 303 2038 quar,
318 1953 445 2018 vasallis
459 1963 619 2036 parerent:
644 1954 774 2020 historia
795 1975 883 2030 vero,
907 1975 996 2036 qnam
1009 1954 1112 2018 Lucas
1133 1963 1202 2018 erat
1217 1955 1440 2037 descripturus,
1466 1971 1563 2016 omnes
1678 1961 1679 1968 ’

218 2045 297 2107 istas
312 2043 484 2125 provincias
501 2045 661 2108 attineret:
678 2044 882 2107 necessarium
898 2045 1227 2126 censuitllvangelista
1236 2045 1345 2120 Lucas,
1362 2043 1495 2106 omnium
1508 2042 1562 2104 ho·
1678 2095 1679 2098 ,

219 2153 284 2197 rom
300 2133 519 2197 dominantium
533 2134 712 2197 nominatim
726 2133 927 2220 meminisse,
938 2134 1074 2214 inprimis
1094 2153 1168 2197 vero
1186 2135 1308 2197 notavit
1323 2140 1442 2197 certum
1458 2149 1563 2196 anuum

185 2283 187 2292 ,
218 2222 335 2304 imperii
350 2222 472 2298 Tiberii,
487 2230 523 2285 ut
536 2222 776 2297 monarchae,
792 2223 831 2285 ad
847 2222 931 2303 cujus
947 2222 1094 2286 ditionem
1108 2223 1283 2305 pertinebat
1296 2221 1476 2305 metropolis
1492 2239 1563 2302 gen·
1678 2223 1679 2228 ’

220 2313 270 2386 tis,
284 2312 485 2394 ierosolyma,
501 2331 612 2376 aunum
626 2312 765 2374 nimirum
780 2311 926 2376 decimum
942 2311 1087 2394 quintum
1133 2311 1209 2376 Onm
1231 2331 1304 2375 vero
1320 2311 1463 2375 'liberius
1476 2310 1562 2374 Jeru-

219 2401 336 2483 solyma
351 2401 464 2464 absens
480 2411 564 2464 esset
579 2401 859 2482 provinciarumque
876 2401 941 2481 ejus
955 2420 1084 2483 magnus
1100 2409 1184 2465 esset
1198 2420 1348 2476 numerus,
1363 2399 1455 2463 addit
1468 2399 1564 2462 Lucas
1678 2433 1679 2466 1

218 2497 252 2552 et
266 2491 437 2572 praesidem
451 2490 564 2554 'liberii
579 2491 721 2554 Pontium
736 2490 870 2554 Pilatum
892 2499 925 2553 et
945 2491 1098 2572 principes
1113 2491 1215 2572 gentis
1230 2492 1352 2555 Annam
1368 2497 1402 2552 et
1418 2487 1564 2570 Caiphan

97 2573 102 2585 ’
218 2580 533 2660 summos'pontilioss.
577 2580 650 2643 Jaur
671 2599 763 2661 supra
784 2598 858 2642 vero
880 2579 1079 2644 constitutum
1101 2581 1159 2642 fuit
1172 2599 1256 2643 more
1270 2577 1561 2647 Judaicoretustis-
1678 2589 1679 2594 ’

218 2669 303 2744 simo,
321 2669 369 2732 16.
385 2669 498 2732 Tiberii
514 2669 630 2732 censeri
647 2669 827 2750 aprincipio
843 2668 914 2731 anni
928 2667 1048 2732 Judaici
1065 2669 1159 2745 cirili,
1181 2669 1298 2733 scilicet
1313 2692 1332 2732 a
1346 2685 1455 2731 mense
1469 2667 1561 2731 Nisan

211 2758 355 2840 'paschali
379 2760 450 2834 anni
470 2757 584 2822 Juliani
601 2754 652 2822 73.
674 2777 769 2839 usqne
792 2758 832 2820 ad
854 2765 1030 2840 sequentem
1044 2757 1143 2821 Nisan
1166 2759 1237 2822 anni
1252 2754 1309 2833 74,
1338 2777 1399 2822 non
1424 2757 1561 2820 obstante

174 2857 178 2865 '
218 2847 298 2930 quod
312 2848 425 2910 natalis
440 2847 556 2928 imperii
572 2868 626 2910 sen
642 2848 707 2909 dies
723 2847 924 2910 successionis
939 2866 999 2910 non
1014 2866 1118 2912 meuse
1129 2849 1228 2912 Nisau
1243 2847 1411 2929 velAprili
1428 2846 1561 2927 sedpos-

218 2938 314 3001 terim
333 2955 437 2998 mense
459 2938 600 3017 Angusto
623 2943 801 2999 recurreret.
846 2935 991 3018 Sequitur
1009 2937 1117 3018 igitur,
1143 2937 1294 3001 Joannem
1312 2935 1466 3017 incepisse
1488 2935 1562 2996 iuter

219 3027 344 3090 duorum
360 3019 570 3089 annornm'i3
594 3033 626 3088 et
648 3020 691 3088 74
711 3026 870 3107 paschata
917 3025 1051 3107 Ournque
1073 3025 1164 3107 vulgo
1188 3039 1367 3108 persuasum
1389 3025 1561 3096 habeamus,

217 3115 367 3178 Joannem
382 3121 519 3196 ternpore
535 3115 701 3178 antumnali
723 3114 805 3178 circa
821 3117 932 3178 festum
945 3116 1211 3182 tabernaculorum
1226 3116 1379 3197 coepisse,
1405 3133 1481 3195 ergo
1504 3112 1561 3175 sive

219 3202 367 3278 aNisan,
390 3204 453 3265 sive
470 3223 489 3266 a
505 3204 553 3266 die
569 3203 771 3267 successionis
782 3223 898 3268 annum
916 3205 964 3268 16.
980 3204 1156 3268 inchoemus
1163 3229 1174 3281 ,·
1187 3212 1314 3288 utroque
1330 3204 1420 3268 modo
1436 3200 1561 3267 Joanni's

187 3375 191 3382 ,
217 3291 305 3355 initia
325 3292 496 3356 retinentur
515 3293 548 3356 in
566 3293 689 3356 Juliano
710 3288 761 3356 73.
805 3293 887 3356 Nam
908 3313 987 3357 anno
1010 3295 1148 3376 sequenti
1172 3291 1223 3357 74.
1246 3295 1327 3356 circa
1351 3291 1563 3374 scenopegiam

213 3381 278 3462 jam
294 3382 436 3444 currebat
453 3381 503 3446 16.
519 3383 612 3445 etiarn
626 3403 646 3445 a
661 3382 710 3446 die
726 3382 927 3445 successionis
940 3384 1090 3464 inceptus.

221 3491 223 3498 ·
307 3467 423 3541 Quodsi
439 3472 479 3534 ad
493 3471 653 3535 historiam
667 3471 884 3552 Evangelicaru
901 3472 1087 3548 attenderis,
1109 3471 1246 3534 invenies
1261 3491 1320 3534 non
1335 3471 1406 3552 plus
1421 3467 1563 3551 temporis
1584 3500 1587 3506 ·

218 3560 429 3624 intercessisse
443 3561 525 3625 inter
539 3561 627 3624 initia
641 3561 770 3624 Ioannis
785 3561 1016 3644 etbaptismum
1032 3560 1164 3636 Christi,
1186 3579 1275 3642 quarn
1291 3568 1439 3642 quantum
1455 3565 1504 3621 est
1517 3558 1563 3619 rel

218 3665 312 3730 usque
337 3649 377 3712 ad
402 3651 430 3738 6.
453 3649 650 3725 Novembris,
680 3650 705 3713 si
729 3649 787 3713 hoc
809 3650 857 3712 die
874 3649 1015 3714 Christus
1030 3650 1221 3732 baptisatus,
1244 3649 1293 3712 vel
1314 3650 1340 3714 si
1363 3649 1424 3712 hcc
1448 3649 1514 3730 ipso
1535 3645 1562 3709 6.

217 3737 399 3802 Novembris
414 3739 550 3802 Joannes
567 3733 617 3820 (ut
632 3738 809 3821 qnibdsdam
823 3735 959 3821 videtur)
977 3741 1094 3820 coepit:
1126 3758 1165 3801 ex
1180 3757 1216 3802 eo
1230 3757 1324 3820 usque
1345 3739 1384 3800 ad
1401 3737 1431 3802 6.
1445 3737 1561 3801 Janua·

219 3825 255 3889 rii
272 3829 343 3890 anni
358 3823 409 3903 74,
425 3847 483 3910 quo
500 3829 549 3894 die
565 3828 690 3892 traditio
706 3826 802 3892 habet
816 3829 1042 3903 ecclesiastica,
1059 3829 1216 3893 Christum
1230 3827 1400 3890 immixtum
1416 3827 1513 3891 turbis
1528 3841 1563 3886 ex

219 3915 361 3980 universa
374 3917 494 3980 Judaea
510 3919 550 3981 ud
564 3919 714 3982 Joannem
729 3917 962 3994 confluentibus,
978 3918 1018 3982 ad
1032 3917 1216 4000 baptismum
1230 3916 1360 3980 venisse.
1405 3917 1457 3982 Ita
1471 3919 1562 3996 patet,

216 4005 341 4068 ineunte
355 4006 477 4070 Juliano
494 4003 545 4085 74,
561 4007 590 4071 6.
604 4007 743 4070 Jaunarii
759 4006 913 4072 Christum
929 4026 997 4070 esse
1013 4007 1202 4089 baptizatum
1215 4006 1395 4088 minimeque
1410 4025 1471 4070 uuo
1487 4022 1561 4067 anuo

217 4094 344 4158 tardius.
388 4097 468 4159 Nam
483 4098 630 4178 probatur
646 4096 824 4160 certissimis
839 4096 1028 4160 documentis
1044 4095 1246 4180 antiquitatis,
1262 4094 1419 4161 Christum
1435 4095 1475 4159 ad
1491 4111 1561 4175 pas-

219 4183 333 4248 sionem
351 4185 473 4248 venisse
490 4205 568 4250 anno
586 4181 636 4249 76.
650 4186 782 4248 Juliano.

305 4273 354 4336 Er
369 4275 528 4338 notatione
543 4275 725 4357 reliquorum
739 4293 896 4356 procemm
921 4282 955 4338 et
975 4273 1201 4338 moderatorum
1223 4273 1325 4356 gentis
1346 4274 1484 4338 Judaeae
1506 4270 1559 4335 etsi

217 4362 257 4426 ad
272 4369 392 4427 tantam
407 4365 626 4446 praecisionem
640 4383 700 4428 uon
715 4365 859 4442 venimus,
874 4373 1007 4428 utunum
1022 4371 1139 4428 certum
1154 4383 1265 4428 annum
1272 4361 1343 4426 iude
1355 4364 1558 4428 addiscamus:

218 4452 344 4533 expedit
357 4461 460 4516 tamen
474 4454 592 4530 videre,
607 4454 729 4517 nullane
746 4455 947 4518 contradictio
964 4455 1052 4518 nobis
1068 4473 1107 4518 ex
1121 4447 1257 4536 Josepho
1272 4451 1420 4516 historico
1435 4447 1559 4516 Judaico

218 4538 401 4621 detegatur?
445 4543 493 4604 De
515 4544 638 4606 Herode
660 4543 752 4624 igitur
777 4549 809 4606 et
830 4543 971 4625 Philippo
992 4543 1146 4625 Josephus
1162 4543 1273 4618 tradit,
1296 4542 1464 4623 praefuisse
1486 4539 1559 4612 illos,

217 4628 369 4692 Herodem
385 4630 504 4712 quidem
515 4630 675 4695 Galilaeae
691 4639 724 4694 et
738 4632 885 4708 Peraeae,
898 4633 1070 4715 Philippum
1079 4633 1224 4708 Paneadi,
1239 4630 1458 4706 Trachonitidi‚
1475 4627 1558 4693 Gau·
1678 4679 1679 4690 ,

217 4716 350 4793 lanitidi,
372 4720 547 4783 Auranitidi
564 4727 595 4784 et
609 4717 805 4795 Batanaoae,
826 4721 905 4786 hunc
928 4723 1048 4805 quidem
1069 4741 1164 4804 usque
1185 4723 1224 4785 ad
1245 4739 1356 4783 annum
1378 4723 1428 4785 20.
1450 4713 1558 4782 'liberii

217 4823 274 4885 per
289 4825 384 4870 annos
400 4803 452 4882 37,
467 4808 550 4872 illum
566 4829 659 4892 usque
674 4816 889 4892 postmortem
903 4811 1030 4890 Tiberii,
1051 4811 1091 4876 ad
1113 4829 1225 4876 anuum
1237 4809 1394 4874 ‚lulianum
1408 4809 1466 4885 83,
1490 4815 1558 4870 tuno
