3412 5538
678 335 847 400 Detsmporis
858 315 935 387 initio.
1419 313 1480 382 129

111 467 288 549 mentite,
313 472 351 536 in
366 472 442 555 ipso
457 477 603 558 temporis
617 477 764 560 principio
786 497 853 542 cum
869 497 1015 560 corporea
1036 485 1176 542 creatura
1196 478 1371 561 spirituales
1388 479 1481 541 etiam

112 557 252 638 producti
270 560 344 624 sint
361 564 534 642 exercitus,
552 567 624 630 honi
639 568 758 650 quidem
773 569 809 644 ii,
826 568 880 630 sed
895 568 967 631 mali
983 586 1126 649 capaces,
1145 567 1298 650 inquibus
1320 569 1427 632 statim
1442 567 1480 630 ab

114 647 194 710 initio
208 648 291 712 boni
307 653 444 734 positivi
459 655 664 737 praesentiam
680 657 788 720 vicerit
802 657 873 721 mali
893 657 1070 738 potentialis
1089 657 1222 734 macula,
1243 658 1392 722 inactum
1410 676 1481 720 sese

119 737 256 801 efferens.
307 741 449 807 Tantam
472 746 680 826 quaestionem
701 769 721 810 a
741 754 789 809 tot
810 747 922 810 scholis
944 754 1088 810 vexatam
1109 767 1213 824 amens
1234 748 1290 812 sim
1312 747 1338 812 si
1357 746 1481 810 delinire

117 847 161 898 ne
177 836 210 889 et
226 829 439 916 decidereex
453 835 582 916 propriis
598 836 661 898 suis
677 837 882 900 fundamentis
898 855 1016 918 sperem
1032 856 1132 917 posse,
1168 837 1214 900 At
1230 837 1256 900 si
1271 845 1374 900 umen
1389 836 1481 899 theo-

118 917 194 999 logis
216 917 399 984 admodum
420 922 500 986 huno
522 923 669 988 Gordium
691 927 841 1007 proficuus
864 933 913 989 est
934 925 1104 990 Alexandri
1126 925 1259 1008 gladius:
1291 925 1429 1008 equidem
1449 925 1480 988 in

119 1026 185 1070 mea
198 1009 342 1073 materia
357 1011 426 1094 ipse
441 1031 489 1075 me
505 1033 565 1077 non
581 1014 709 1096 expedio
719 1014 845 1091 felicius,
855 1034 944 1096 quam
957 1016 1016 1079 hoc
1031 1015 1098 1096 ipso
1115 1015 1185 1078 dum
1201 1034 1315 1093 assero,
1329 1015 1416 1091 Eum,
1432 1013 1483 1096 qui

121 1105 296 1180 temporum
314 1103 544 1179 successiones,
566 1103 616 1186 qui
636 1105 770 1168 locorum
790 1105 991 1170 distentiones
1011 1105 1145 1168 insuam
1167 1105 1332 1169 essentiam
1347 1125 1408 1169 non
1424 1103 1481 1166 ad-

120 1187 233 1265 mittit,
256 1190 408 1254 mandum
423 1192 610 1268 condidisse,
633 1193 699 1276 qui,
721 1214 779 1277 quo
794 1186 947 1258 momento
968 1195 1105 1270 exstitit,
1128 1201 1160 1256 et
1174 1195 1320 1276 temporis
1341 1200 1482 1269 tractum,

122 1277 321 1342 durationem
345 1288 379 1343 et
400 1282 534 1345 locorum
556 1283 718 1347 intervalla
741 1284 899 1347 diffusione
924 1304 980 1347 sna
1005 1281 1135 1347 cornites'
1156 1284 1298 1360 adduxit,
1324 1283 1483 1347 constituit

121 1368 211 1450 inque
227 1368 334 1432 lucem
348 1369 567 1435 intellectionis
583 1372 701 1436 extulit
734 1372 905 1455 Propterea
919 1375 1047 1437 mundus
1063 1373 1183 1456 quidem
1198 1373 1238 1438 ab
1253 1381 1323 1437 ortu
1338 1374 1378 1436 ad
1393 1374 1483 1436 linem

119 1467 288 1540 properat,
311 1467 419 1524 auctor
435 1462 633 1538 veremundi,
647 1469 775 1544 gestans
796 1481 864 1526 eum
878 1463 971 1528 verbo
986 1464 1144 1545 potentiae
1161 1482 1243 1539 suae,
1258 1463 1290 1526 in
1306 1484 1362 1526 sua
1378 1469 1496 1531 aeter·.

121 1547 223 1611 nitate
239 1557 414 1630 permanet,
429 1550 622 1634 ejusdemque
638 1559 688 1614 est
703 1553 818 1615 aetatis
834 1559 866 1615 at
881 1553 931 1635 qui
945 1552 1124 1617 hodiernum
1139 1551 1244 1617 Solem
1259 1553 1370 1616 extulit
1385 1559 1419 1614 et
1434 1551 1483 1633 qui

119 1638 255 1720 primum
272 1640 406 1702 omnium
422 1640 522 1704 lucere
538 1641 636 1706 lucem
647 1641 755 1723 jussit;
776 1650 998 1726 proptereaque
1016 1650 1173 1706 creaturae
1190 1643 1311 1726 quidem
1325 1641 1401 1706 locis
1418 1641 1482 1704 dis-

121 1735 327 1823 separautur,
349 1729 377 1792 is
393 1750 479 1808 vero,
501 1731 532 1794 in
549 1750 607 1819 quo
624 1738 696 1795 sunt
711 1732 825 1808 omnia,
837 1732 905 1815 ipse
922 1755 941 1796 a
956 1752 989 1796 se
1005 1732 1072 1814 ipso
1089 1732 1195 1808 distat,
1211 1751 1382 1816 quanquam
1397 1737 1483 1816 totus

120 1836 185 1882 non
199 1817 296 1900 longe
312 1819 396 1884 absit
411 1821 450 1884 ab
466 1840 569 1884 eorum
584 1821 720 1903 singulis.
744 1821 820 1886 Sola
835 1842 864 1885 n.
874 1821 1028 1899 divinitas,
1043 1823 1153 1905 quippe
1168 1842 1229 1886 non
1245 1821 1483 1902 circumscripta,

120 1907 192 1970 loco
208 1927 273 1971 non
289 1915 339 1971 est
362 1909 494 1974 obnoxia
516 1905 743 1994 (Theodoretus
759 1931 787 1994 q.
802 1904 849 1993 3).
878 1912 954 1978 Tale
977 1912 1090 1995 quidsi
1106 1912 1200 1976 etiam
1222 1911 1259 1976 de
1276 1911 1391 1994 origine
1411 1909 1485 1976 mali

122 1997 227 2060 dicere
242 1997 363 2076 liceret,
378 1999 482 2062 multis
497 2021 517 2063 a
532 1999 761 2065 difficultatibus
778 2002 994 2084 expedirentur
1014 2001 1222 2084 disputatores
1242 2001 1393 2083 theologi:
1419 1999 1484 2062 sive

122 2087 278 2169 cumipse
293 2089 441 2170 temporis
456 2089 603 2172 principio
620 2092 777 2174 coeperint
792 2090 965 2173 spirituales
981 2093 1144 2167 essentiae,
1165 2092 1230 2155 sive
1246 2091 1306 2154 alio
1322 2083 1499 2172 producti-'

123 2174 193 2238 onis
209 2195 325 2257 genere
341 2185 441 2241 ortum
455 2178 592 2244 habeant
607 2200 646 2243 ex
660 2181 738 2256 Deo,
753 2199 847 2262 penes
863 2199 952 2264 quem
966 2181 1054 2247 ideae
1069 2199 1179 2257 rerum,
1200 2181 1408 2264 quantitatum
1422 2179 1483 2242 im-

122 2265 231 2348 primis
247 2274 282 2330 et
297 2267 413 2335 entium
427 2271 612 2346 mentalium,
628 2277 773 2334 aeternae
790 2278 870 2334 sunt

213 2355 367 2420 Delinivit
381 2377 429 2422 me
445 2359 556 2440 gaudio
570 2360 734 2442 praecipuo
750 2359 917 2436 Salienuss
928 2360 999 2422 dum
1015 2358 1052 2423 de
1067 2358 1171 2422 mundi
1194 2358 1343 2440 temporis
1358 2364 1483 2422 auctore

123 2445 265 2509 dimums
281 2446 314 2511 S.
329 2447 481 2512 Johannis
494 2449 695 2532 Evangelium
716 2457 856 2525 suamet:
880 2468 971 2513 exeo
986 2466 1094 2530 nempe
1115 2449 1146 2512 in
1167 2449 1248 2512 hauc
1265 2447 1484 2530 cogitationem

124 2535 212 2611 reni,
241 2537 417 2600 Johannem
439 2531 685 2622 Evangelistam,
716 2539 786 2602 dum
815 2537 1032 2603 aeternitatem
1059 2538 1113 2602 tilii
1137 2537 1197 2603 Dei
1228 2545 1385 2620 ortumque
1417 2535 1483 2618 ejus

124 2623 262 2688 divinum
277 2627 420 2704 adstruit,
436 2628 529 2691 etiam
538 2627 786 2693 commentarium
800 2629 888 2692 nobis
902 2628 992 2691 edere
1006 2627 1154 2692 historiae
1164 2627 1321 2691 Moesicae
1338 2627 1376 2690 de
1392 2645 1482 2689 creaa-

124 2715 227 2790 ts‘one,
249 2723 285 2778 et
301 2716 463 2780 cahbalam
478 2720 630 2800 quandam
653 2726 874 2800 praegnantem
892 2717 1048 2800 mysteriis
1067 2717 1250 2782 venerandis
1266 2735 1306 2780 ex
1321 2715 1483 2796 disciplina
1521 2790 1523 2794 .

123 2805 230 2886 gentis
243 2805 394 2869 Judaioae
410 2808 450 2870 ad
465 2808 701 2872 convincendam
715 2809 795 2872 illius
811 2807 1011 2891 pertinaciam
1025 2808 1171 2889 proferre.

217 2893 499 2960 commentatorem
521 2917 673 2980 agnoscas
695 2918 735 2962 ex
755 2898 951 2980 usurpatione
974 2895 1063 2980 primi
1084 2897 1170 2961 verbi
1184 2895 1331 2971 Mosaioi,
1353 2893 1434 2977 quod
1449 2901 1483 2957 et

121 2981 285 3048 Johannes
299 2986 428 3067 primum
442 2987 530 3070 ponit
544 2988 576 3052 in
591 3008 645 3052 suo
654 2987 839 3071 Evangeho:
859 2987 909 3066 ,in
923 2985 1103 3069 principio“.
1134 2985 1276 3052 Oabbala
1289 3003 1363 3048 vero
1379 2984 1482 3048 elucet

124 3093 164 3137 ex
178 3073 277 3139 verbo
293 3069 368 3160 ,πῆς
385 3075 440 3143 ac.
1018 3139 1021 3149 ,

194 3199 266 3252 Eine
276 3202 368 3252 transit
379 3200 506 3266 Kopion:
518 3202 552 3254 ad
562 3202 746 3267 inquisitionem
757 3201 934 3268 philologiam
950 3199 981 3252 de
992 3199 1040 3251 hoa
1056 3201 1132 3252 verbo
1144 3201 1247 3266 ejusque
1265 3197 1385 3250 dedvatia
1399 3197 1482 3264 adque

124 3269 187 3322 fleu.
199 3271 221 3322 Ι.
235 3271 269 3322 de
280 3265 298 3322 7
310 3273 398 3338 dahas
415 3275 561 3334 amunia,
580 3274 686 3324 aflorum
703 3273 811 3326 afferens
828 3273 939 3324 ᾱὶνοιιαι
958 3271 1105 3324 amandas
1142 3269 1182 3322 De
1199 3284 1260 3320 roca
1280 3267 1390 3332 ,chaos“
1408 3267 1484 3322 amre

123 3344 268 3396 sententiaa
280 3342 306 3394 S.
317 3345 455 3412 Augustini
465 3351 492 3396 et
502 3345 600 3406 Basilii,
612 3345 761 3412 Tertulliani
772 3343 817 3396 &a
831 3350 934 3396 secutus
946 3343 1084 3404 Saliarium
1098 3342 1189 3396 deinde
1200 3342 1297 3409 pergit:

215 3431 252 3497 Si
269 3435 421 3516 antiquior
435 3443 486 3497 est
499 3435 631 3508 materia
645 3435 713 3517 ipsa
732 3441 888 3499 structura
908 3435 1027 3510 mundi,
1049 3433 1198 3517 quomodo
1217 3433 1347 3496 mundus
1367 3431 1481 3515 inipso
1496 3503 1508 3513 .

125 3522 277 3606 principio
299 3524 400 3587 factus
423 3523 491 3586 est?
521 3525 564 3590 Et
584 3525 636 3588 ubi
659 3525 734 3588 dicit
753 3527 859 3588 Muses
872 3524 983 3588 omnia
1004 3542 1044 3586 ex
1063 3522 1157 3588 nihilo
1179 3521 1284 3586 facta?
1320 3523 1429 3586 Nonne
1451 3520 1484 3585 id

125 3613 206 3676 satis
226 3613 308 3677 ultro
329 3613 527 3696 intelligitur,
552 3621 704 3696 uteunque
728 3614 824 3677 verba
848 3612 1077 3695 interpreteris,
1103 3630 1171 3676 cum
1193 3610 1226 3675 id
1250 3629 1288 3674 ne
1312 3610 1483 3675 Hesiodum

125 3701 249 3784 quidem
270 3703 394 3785 penitus
422 3703 568 3767 latuerit?
604 3703 695 3771 Adde
717 3704 799 3787 quod
819 3703 850 3766 in
875 3704 965 3768 titulo
991 3703 1068 3766 satis
1091 3708 1142 3764 est
1165 3718 1359 3783 expressum,
1383 3700 1484 3764 Deum

126 3809 251 3856 erasme
267 3794 402 3870 Terram,
417 3794 496 3876 quod
512 3794 677 3857 secundum
690 3793 851 3857 materiam
866 3800 899 3856 et
914 3792 1079 3857 secundum
1094 3792 1222 3854 formam
1238 3797 1287 3856 est
1302 3808 1416 3854 verum.

215 3880 387 3952 Confirmat
400 3884 480 3947 hune
494 3881 684 3958 intellectum
700 3891 733 3946 et
749 3883 900 3946 conclusio
923 3880 1013 3962 hujus
1035 3879 1183 3946 historiae
1206 3899 1272 3962 cap.
1289 3881 1323 3942 2:
1353 3879 1403 3942 hie
1424 3884 1490 3954 est,-

125 3969 224 4053 inquit
241 3973 357 4048 hloses,
372 3979 458 4036 ortus
475 3971 562 4038 Coeli
577 3979 611 4036 et
624 3973 748 4047 Terrae,
763 3972 884 4054 quando
900 3978 1006 4035 ereata
1022 3977 1102 4048 sunt,
1122 3970 1154 4034 in
1169 3969 1218 4032 die
1235 3962 1405 4052 (tempore)
1422 3987 1482 4050 quo

127 4061 201 4124 iecit
214 4061 303 4126 Deus
326 4061 454 4128 Ocelum
476 4064 649 4127 strenam
671 4067 705 4124 et
726 4081 813 4126 omne
834 4061 1000 4144 virgultum
1020 4060 1104 4142 agri,
1126 4067 1290 4142 antequam
1313 4057 1444 4121 oriretur
1466 4075 1483 4120 e

128 4157 219 4228 tarra
235 4171 414 4236 omnemque
429 4152 556 4217 herbam
569 4151 704 4234 regionis
718 4152 893 4235 priusquam
908 4151 1101 4234 germinaret
1130 4149 1201 4214 Non
1216 4169 1245 4212 n.
1260 4148 1383 4231 pluerat
1396 4147 1484 4211 Deus

128 4259 216 4322 super
231 4249 350 4306 terram
365 4243 501 4307 ethome
517 4258 579 4306 non
594 4249 662 4306 erat
677 4242 731 4306 isc.
760 4241 904 4324 Intelligo
920 4241 979 4304 sic:
1004 4240 1058 4304 sed
1077 4257 1179 4304 mersa
1199 4246 1268 4302 erat
1287 4245 1373 4302 terra
1388 4235 1483 4319 aquis,

129 4330 170 4394 aio
190 4339 226 4396 ut
248 4333 336 4398 locus
358 4353 421 4396 non
442 4339 527 4396 esset
547 4331 687 4414 virgultis
704 4331 756 4395 &a
801 4332 888 4395 Voce
913 4329 1050 4409 ,omnia“
1076 4349 1137 4394 uon
1158 4313 1300 4393 eiiatimo
1317 4324 1483 4410 significari
1592 4327 1596 4339 “

130 4417 244 4486 hunam
260 4431 295 4487 et
308 4423 455 4504 planetas
471 4429 590 4486 ceteros
612 4422 650 4485 de
670 4428 782 4485 natura
803 4421 917 4485 Terrae
939 4415 1035 4503 (quod
1055 4419 1093 4482 de
1113 4419 1203 4482 Luna
1221 4417 1422 4490 Plutarchus,
1445 4413 1483 4476 de

131 4513 235 4576 tuteris
258 4514 407 4576 evincunt
428 4511 636 4593 experimenta
655 4510 884 4574 illuminationis
904 4529 1008 4572 eorum
1028 4509 1103 4571 tubo
1126 4507 1227 4590 optico
1251 4498 1406 4585 detecta),
1428 4501 1485 4564 sed

130 4607 225 4666 umen
248 4602 361 4666 eodem
382 4601 451 4682 loeo
467 4601 641 4675 habendos,
661 4607 697 4663 ut
719 4601 780 4663 etsi
801 4599 898 4664 Terra
919 4598 995 4662 nihil
1017 4597 1100 4662 aliud
1122 4596 1286 4678 significet,
1314 4611 1404 4678 quam
1425 4590 1483 4654 huo

129 4693 299 4768 rotundum,
322 4689 406 4775 quod
422 4691 587 4767 calcamus,
609 4689 710 4772 gentis
725 4690 875 4753 humanae
896 4686 1092 4751 domicilium:
1117 4686 1155 4749 de
1176 4685 1245 4749 aliis
1267 4693 1369 4748 nmen
1384 4680 1484 4763 globis

126 4782 292 4860 mobilibus,
307 4782 372 4866 qui,
388 4787 426 4844 ut
439 4798 500 4843 uon
511 4780 576 4844 noti
586 4780 642 4844 sub
658 4799 716 4864 quo
727 4779 790 4843 sint
799 4796 920 4861 genere,
936 4777 1052 4841 aMose
1068 4783 1140 4840 sunt
1155 4775 1267 4850 omissi,
1282 4772 1362 4835 idem
1372 4770 1485 4834 debeat
1608 4787 1613 4798 ·

125 4871 371 4958 mejudicium,
394 4869 455 4934 etsi
470 4871 529 4934 hae
543 4889 594 4934 res
609 4877 719 4933 neuma
739 4883 815 4933 roos
837 4867 1053 4948 significentur.
1098 4863 1225 4929 Interim
1244 4869 1349 4926 mmen
1368 4859 1483 4943 accipio

166 4979 258 5032 mu
271 4973 403 5029 ‹annv-
473 5031 477 5040 ,
1237 4966 1272 5018 s
