3406 5542
259 228 319 286 372
501 264 505 278 ,
844 222 978 271 Praefatio.

285 433 287 440 ·
345 399 428 464 Nam
445 398 527 482 quid¹
541 399 678 480 gravius,
702 395 778 480 quid
795 395 952 472 acerbius,
975 394 1051 478 quid
1068 397 1166 478 magis
1190 395 1368 460 luctuosum
1391 397 1575 478 contingere

256 489 332 554 mihi
355 490 468 572 potuit,
491 508 587 570 quam
606 486 666 551 hoc
684 487 818 551 triennio
841 486 988 567 contigit:
1012 484 1149 568 quicum
1169 483 1318 550 haberem
1340 486 1423 550 ritae
1446 485 1574 563 sociam,

257 577 320 644 non
343 578 446 642 dicam
468 576 703 654 charissimam,
727 574 856 655 vulgare
877 575 938 638 hoc
960 578 1008 638 est
1029 569 1078 637 rel
1100 587 1169 637 esse
1192 573 1293 652 debet,
1317 573 1371 636 sed
1394 573 1504 650 talem,
1527 575 1576 637 coi

256 667 384 752 publica
406 665 492 730 fama
518 665 658 747 palmam
686 662 849 727 tribuebat
873 663 1061 739 honestatis,
1085 661 1270 745 probitatis,
1293 661 1480 746 pudicitiae,
1505 684 1576 727 cum

258 756 361 821 forma
383 761 415 819 et
432 755 582 818 comitate
598 755 677 817 citra
693 752 778 816 litem
801 751 941 837 exemplo
965 752 1127 816 rarissimo
1150 755 1351 835 conjunctae:
1375 752 1577 816 utinteriora

258 852 289 909 et
311 844 353 908 ab
376 843 473 908 oculis
496 843 580 923 vulgi
603 839 734 918 rem'ota,
756 841 907 924 pietatem
928 841 960 904 in
975 841 1076 904 Deum
1099 845 1130 902 ot
1153 839 1388 903 beneficentiam
1411 842 1443 904 in
1463 861 1576 922 egerim

254 939 321 1020 jam
342 939 523 996 transeam:
558 952 629 995 cum
651 936 754 994 essent
787 929 863 992 mihi
892 951 929 993 ex
952 928 1006 992 illa
1035 928 1124 992 liberi
1151 928 1371 1007 florentissimi,
1406 930 1578 1013 praecipue

258 1044 336 1106 puer
359 1021 517 1099 sesannia,
540 1020 653 1083 matris
676 1018 755 1083 adeo
783 1017 907 1096 similis,
936 1023 975 1082 nt
995 1017 1059 1082 sive
1082 1017 1192 1082 florem
1220 1019 1362 1100 corporis
1379 1037 1579 1100 morumque

258 1112 449 1176 suavitatem
477 1109 662 1192 respiceres,
690 1109 753 1170 sive
782 1113 931 1171 notorum
960 1106 1082 1170 faustas
1110 1107 1330 1184 ominationem
1362 1107 1578 1190 Hyacinthum

259 1201 377 1266 diceres
399 1200 589 1265 matutinum
611 1196 722 1282 primis
744 1197 825 1260 veris
848 1195 971 1276 diebus,
995 1194 1108 1260 odores
1134 1195 1310 1260 ambrosios
1337 1194 1440 1260 halitu
1455 1201 1575 1260 tener·

259 1291 340 1352 rimo
363 1283 545 1351 hmdentcm
567 1307 625 1370 per
638 1283 815 1362 conclavia,
839 1305 917 1368 puer
936 1289 1029 1348 tanta
1051 1285 1147 1348 matri
1170 1284 1326 1348 charitate
1348 1305 1519 1362 connexus,
1541 1291 1577 1347 ut

258 1384 517 1460 utrumque'non
538 1375 688 1456 languere
714 1393 793 1458 prae
820 1393 947 1451 amore,
979 1373 1035 1438 sed
1061 1371 1156 1456 plane
1182 1372 1288 1437 harere
1317 1372 1466 1438 dixisses:
1496 1373 1579 1436 hanc

205 1528 211 1540 ,
259 1472 366 1530 tamen
400 1469 562 1549 conjugem
592 1463 624 1527 in
651 1463 720 1545 ipso
751 1461 956 1526 constitutam
990 1461 1104 1526 aetatis
1137 1461 1251 1526 roboro
1280 1461 1343 1526 ridi
1375 1462 1580 1527 saevientium

260 1556 428 1620 humorum
461 1552 630 1620 insultibus
665 1558 735 1616 toto
770 1551 903 1615 triennio
936 1549 1104 1616 identidem
1138 1551 1325 1634 oppugnari,
1359 1550 1580 1634 conquassari,

262 1643 418 1730 paulatim
441 1639 571 1719 destrui,
594 1639 736 1722 adeoque
747 1646 811 1703 non
826 1660 900 1704 raro
914 1639 952 1704 de
963 1646 1051 1704 statu
1070 1639 1201 1703 rationis
1224 1639 1389 1704 ‹lcturbari
1412 1645 1581 1722 menteque

260 1733 395 1810 moveri3
430 1751 525 1814 quam
547 1729 686 1807 tandem,
720 1727 774 1792 nbi
796 1729 846 1792 vix
875 1729 1034 1812 respirare
1061 1729 1130 1792 risa
1151 1735 1209 1806 est,
1244 1728 1396 1808 afflictam
1426 1729 1581 1794 consertis

260 1823 344 1886 inter
366 1841 400 1884 se
411 1819 529 1883 morbis
554 1818 812 1886 charissimorum
833 1816 1015 1897 liberorum,
1039 1816 1220 1900 perculsam
1235 1817 1344 1881 intime
1358 1825 1463 1882 morte
1475 1815 1580 1900 puelli,

262 1910 317 1993 qui
340 1908 502 1974 dimidium
525 1908 571 1972 illi
593 1906 697 1972 condis
727 1911 812 1985 erat,
843 1905 1018 1970 terroribus
1048 1906 1143 1970 etiam
1171 1906 1363 1970 exercituum
1390 1913 1423 1970 et
1445 1907 1583 1988 imagine

263 2004 415 2075 cruentae
436 2017 560 2082 pugnae
579 1995 701 2074 inurbe
712 1995 782 2078 ipsa
805 1995 990 2058 commissae
1012 1995 1137 2078 penitus
1160 1993 1424 2078 obstupefactam,
1448 1995 1583 2076 deniq'ue

238 2087 483 2170 ¹desperatione
505 2087 670 2150 meliorum
691 2090 871 2168 temporum
893 2089 925 2148 et
956 2083 1129 2148 immortali
1160 2081 1313 2148 desiderio
1348 2083 1457 2148 amissi
1486 2083 1580 2147 dilec-

262 2176 377 2240 tissimi
399 2175 540 2258 pignoris
563 2172 788 2250 tabescentem,
811 2173 924 2247 ultima
933 2172 1101 2253 malorum,
1125 2172 1270 2254 contagio
1292 2171 1387 2237 febris
1400 2173 1583 2256 Ungaricac

263 2264 444 2329 maculosae
478 2262 642 2346 (pietatem
674 2261 743 2324 ulta
776 2281 840 2325 non
872 2263 1080 2344 temperantis
1104 2259 1173 2325 'sibi
1201 2282 1221 2324 a
1250 2261 1412 2326 usitandis
1446 2259 1583 2338 infectis)

264 2354 429 2438 corripuit,
465 2352 706 2434 importansque
732 2350 950 2414 tristissimum
977 2349 1036 2432 sub
1071 2348 1142 2414 Sole
1175 2349 1418 2421 melancholicae
1447 2349 1584 2428 ἆθυμιας

264 2448 462 2526 symptoma,
492 2439 535 2504 ad
557 2445 734 2504 extremum
756 2439 920 2518 exstinxit,
951 2443 1043 2502 tanta
1070 2439 1338 2503 commiseratione
1368 2437 1585 2523 popularium,

264 2536 301 2595 ut
323 2535 437 2609 essent,
461 2549 543 2612 quae
562 2527 773 2594 exclamarent
796 2527 828 2590 in
845 2531 911 2612 ejus
927 2526 1044 2606 timere,
1068 2526 1240 2610 posthanc
1262 2525 1584 2612 sepultaminTerris

264 2641 327 2686 non
357 2639 521 2703 superesse
549 2616 675 2684 bonam.
728 2617 815 2694 Quae
843 2615 1016 2679 tristissimi
1045 2618 1140 2680 casus
1166 2617 1289 2698 imago,
1319 2637 1509 2700 quanquam
1539 2614 1585 2679 rel

264 2709 387 2774 hostem
417 2705 608 2784 barbarum,
642 2705 669 2769 si
700 2709 862 2788 spectator
890 2703 1014 2784 fnisset,
1048 2704 1164 2769 nedum
1192 2705 1342 2769 maritum
1371 2704 1585 2770 communium

265 2803 391 2881 patrem
413 2795 583 2860 liberorum
606 2793 795 2878 perturbare
817 2794 987 2877 potuisset,
1010 2799 1133 2874 tamen,
1157 2794 1249 2876 qua‘si
1271 2793 1331 2858 hoc
1352 2816 1471 2878 parum
1493 2799 1585 2872 esset,

185 2911 186 2920 ¹
265 2887 382 2951 accesit
404 2884 446 2949 ad
461 2883 621 2948 cumulum
643 2882 841 2948 miseriarum
859 2881 937 2946 haec
950 2881 1075 2966 quo'que
1098 2881 1280 2947 insultantis
1302 2881 1450 2948 fortunae
1472 2883 1583 2964 malig-

266 2977 367 3040 nitas:
402 2972 488 3056 quod
517 2993 589 3036 cunr
622 2973 707 3035 totos
737 2969 879 3035 undecim
904 2992 1004 3035 annos
1027 2971 1151 3053 Pragae
1180 2969 1396 3036 difficultatem
1432 2969 1588 3055 assignati

266 3063 412 3147 stipendii
445 3061 538 3126 aulici
571 3061 759 3126 tolerassem
793 3081 864 3124 cum
898 3063 1028 3144 conjuge
1053 3060 1196 3124 sollicita
1226 3059 1265 3123 de
1295 3082 1351 3124 sno
1373 3061 1586 3140 matrimonio,

267 3151 447 3216 melioribus
469 3150 576 3232 digna,
599 3169 671 3214 cum
693 3152 794 3214 atoto
816 3147 950 3212 triennio
973 3147 1144 3212 discessum
1166 3170 1203 3213 ex
1216 3147 1292 3213 aula
1312 3149 1346 3214 in
1367 3149 1473 3214 locum
1496 3155 1585 3213 tran·

269 3241 448 3325 quilliorem
468 3239 597 3303 molitus
614 3257 724 3315 essem,
747 3235 939 3319 tandemque
950 3237 1041 3300 malis
1065 3236 1314 3302 intolerabilibus
1336 3236 1587 3322 impendentibus

201 3350 204 3356 ·
269 3331 419 3408 adactus,
445 3333 483 3392 ut
505 3328 581 3391 meis
609 3325 833 3414 prospicerem,
866 3325 1035 3390 violentam
1069 3327 1265 3409 eruptionem
1298 3331 1484 3406 tentassem,
1518 3347 1589 3391 cum

266 3424 333 3504 jam
356 3416 486 3482 deloco
510 3421 615 3481 certus
639 3435 755 3495 essem,
778 3415 810 3478 in
833 3435 911 3498 quc,
936 3415 963 3478 si
985 3414 1061 3500 quid
1083 3414 1201 3479 habent
1223 3415 1302 3480 certi
1322 3415 1489 3495 mortalia,
1513 3415 1588 3480 meis

270 3508 388 3572 rectius
409 3505 554 3570 firturum
576 3525 679 3588 spero,
701 3504 735 3568 in
757 3503 826 3586 ipso
848 3505 999 3586 temporis
1022 3503 1157 3568 articulo
1181 3507 1342 3588 jacturam
1362 3503 1446 3570 hanc
1468 3501 1538 3583 feci,
1560 3509 1589 3568 et

271 3595 412 3680 conjugis
446 3595 584 3679 optimae
611 3597 643 3657 et
668 3613 793 3676 operae,
829 3613 924 3674 quam
954 3591 1035 3656 illius
1069 3593 1238 3676 praecipue
1271 3593 1464 3658 recreandae
1494 3613 1591 3659 causa

271 3703 464 3749 sumseram:
488 3683 605 3746 scilicet
626 3686 663 3745 ut
675 3681 856 3764 cogitarem,
880 3687 999 3764 quanto
1016 3681 1132 3744 rectius
1148 3688 1260 3765 pastor
1275 3682 1455 3746 animarum
1469 3681 1588 3747 miseri·

174 3783 176 3790 '
272 3773 474 3838 cordissimus
497 3771 541 3835 illi
552 3769 776 3855 prospexisset,
800 3772 890 3853 cujus
913 3770 1001 3852 virga
1014 3777 1045 3832 et
1058 3768 1189 3834 baculus
1213 3768 1428 3836 ambulantem
1443 3771 1478 3835 in
1490 3769 1590 3834 medio

271 3861 405 3926 umbrae
427 3861 540 3924 mortis
563 3859 727 3924 consolata
750 3864 838 3936 sunt,
862 3865 897 3922 ut
921 3859 1064 3942 quamvis
1088 3859 1226 3938 timeret,
1250 3881 1312 3922 non
1335 3865 1443 3924 tamen
1466 3861 1591 3924 timeret

273 3951 369 4027 mala,
391 3948 607 4013 infirmitatem
629 3951 695 4034 ejus
711 3947 882 4032 adjurante
901 3947 1015 4030 spiritu
1028 3954 1059 4018 et
1070 3947 1253 4030 postulante
1275 3947 1442 4030 gemitibus
1464 3947 1589 4013 inenar-

273 4038 437 4104 rabilibus.
822 4057 825 4066 ’

362 4128 521 4206 Quorsum
543 4125 621 4190 haec
644 4123 775 4190 autem?
804 4125 847 4189 Et
868 4143 947 4188 num
975 4120 1060 4188 solus
1083 4143 1140 4206 ego
1162 4145 1329 4189 novercam
1360 4125 1508 4207 experior
1529 4123 1590 4190 for·

273 4217 410 4282 tunam?
432 4215 590 4280 Nimirum
611 4219 648 4278 ut
669 4213 718 4278 rel
741 4233 779 4278 ex
801 4212 870 4296 ipsa
898 4213 1039 4276 oratione
1065 4233 1305 4295 recognosceres
1333 4214 1475 4278 annuum
1497 4213 1591 4290 illum,

275 4327 369 4389 quem
396 4311 472 4369 sunt
500 4303 554 4388 qui
582 4301 686 4366 adhuc
712 4301 872 4366 mirantur
894 4321 944 4372 me
970 4301 1127 4366 remisisse
1154 4301 1195 4366 ab
1218 4299 1257 4366 ea'
1281 4302 1472 4382 intentione,
1500 4322 1593 4386 quam

276 4396 443 4478 requirnnt
465 4393 696 4476 speculationes
720 4389 960 4454 astronomicae.
996 4388 1115 4468 Quibus
1137 4387 1281 4473 equidem
1311 4391 1357 4455 uti
1384 4412 1449 4456 non
1475 4391 1592 4456 inficior
1695 4455 1696 4464 ,

276 4501 464 4566 suspensum
487 4501 507 4549 a
529 4501 578 4546 me
601 4481 770 4557 hactenus,
797 4479 860 4542 imo
889 4477 964 4542 mihi
991 4479 1077 4542 velut
1099 4499 1116 4542 e
1139 4478 1283 4544 manibus
1307 4501 1474 4544 excussum
1501 4480 1592 4544 firisse

277 4572 417 4637 studium
448 4570 705 4645 astronomicum,
736 4568 782 4631 ita
812 4567 1092 4632 demonstrandum
1124 4571 1216 4652 juxta
1249 4568 1359 4652 putari
1389 4569 1450 4634 hoc
1480 4567 1591 4644 libelle,

278 4661 422 4744 quamvis
444 4656 653 4740 fatigantibus
664 4655 816 4734 adversis,
828 4676 891 4719 non
904 4675 1027 4720 omnem
1041 4663 1148 4720 tamen
1170 4655 1346 4722 studiorum
1369 4678 1481 4723 curam
1501 4659 1591 4722 trisse

279 4751 469 4814 remissam
501 4749 603 4825 Quam
631 4751 737 4810 autem
769 4745 936 4810 materiam
967 4743 1095 4810 fallendi
1123 4746 1275 4830 temporis
1307 4747 1511 4830 ingratissimi
1536 4743 1589 4810 sub
