3406 5542
289 265 295 312 l
602 338 604 344 ,
652 283 778 354 castrt
806 287 994 342 ramnusia.
1276 326 1280 337 ,
1420 271 1497 340 289·

131 427 293 506 cesserim,
317 429 524 512 superioribus
545 429 655 494 seculis
670 428 800 512 plurima
814 429 973 495 exstitisse
989 429 1187 507 documenta,
1208 432 1316 516 quibus
1331 433 1364 498 in
1378 427 1498 516 cogni·¹

130 519 249 583 donem
262 517 354 600 hujus
369 521 415 583 rei
429 519 525 583 veniri
540 520 703 600 potuisset,
725 539 802 602 qnae
816 519 907 584 hodie
922 539 1035 601 magna
1051 509 1090 583 er'
1104 528 1193 602 parte
1209 522 1398 586 interierunt
1477 585 1480 590 .

219 608 342 673 utnon
357 607 427 672 ideo
442 609 629 691 perditores
646 615 707 672 est:
737 609 807 690 quin
822 609 924 690 potius
940 617 1067 672 exstant
1088 608 1236 691 hodieque
1261 611 1407 694 singulari
1427 611 1488 675 Dei

130 695 327 779 providentia
334 705 530 760 monumenta
547 705 611 760 tam
627 697 838 762 ecclesiastica
854 717 943 780 qnam
958 700 1095 780 profana,
1112 700 1302 764 successione
1319 701 1488 765 seculorum

96 845 100 850 .
131 792 164 848 et
185 805 261 850 cura
286 787 443 850 doctorum
466 785 598 851 viromm
623 785 663 850 ad
683 807 738 850 nos
757 805 853 870 usqne
876 795 1075 864 conservata,
1097 807 1174 870 quae
1197 789 1335 852 subicere
1357 796 1489 872 possunt
1544 791 1548 804 '

131 881 260 940 nostrae
276 875 454 957 diligentiae
469 874 509 940 ad
525 876 687 940 eruendam
702 876 874 940 veritatem.
919 874 1009 949 Quod
1024 895 1097 940 vero
1113 878 1228 941 attinet
1242 886 1382 942 veterum
1396 880 1486 961 igno·

131 965 276 1041 rentiam,
291 965 420 1046 primum
435 966 472 1028 de
489 984 526 1028 es
540 965 616 1029 nihil
631 965 774 1028 affirmari
796 973 909 1048 potest
949 963 1009 1038 Qui
1032 986 1060 1028 n.
1082 967 1173 1030 rebus
1196 967 1255 1050 ipsi
1277 967 1489 1044 iuterfuerunt,

133 1073 186 1116 eos
208 1061 336 1118 constat
350 1055 425 1120 nihil
440 1073 541 1118 eorum
557 1073 633 1137 qnae
650 1055 758 1118 fierent
772 1054 947 1136 ignorasse,
967 1055 1018 1136 qui
1040 1075 1112 1120 vero
1128 1055 1202 1138 ipsis
1225 1065 1490 1138 rerumgestarum

133 1143 363 1224 spectatoribus
384 1144 520 1226 proxime
536 1151 765 1220 successerunt,
787 1144 809 1206 ii
832 1143 912 1226 qnod
927 1164 987 1208 non
1009 1147 1238 1210 accuratissime
1262 1146 1492 1229 inquisiverunt,

132 1252 194 1296 uon
215 1232 287 1296 ideo
309 1239 342 1296 et
364 1232 521 1314 ignorasse
544 1233 604 1296 dici
626 1239 764 1316 possunt
809 1233 917 1297 Posito
933 1253 1021 1309 vero,
1045 1235 1124 1316 quod
1146 1243 1291 1299 accurate
1308 1237 1489 1300 subductam

132 1341 283 1386 annorum
298 1341 445 1386 summam
458 1323 682 1405 ignoraverint,
703 1322 736 1386 id
751 1341 812 1386 non
824 1322 895 1406 ¹ideo
911 1323 1041 1400 lactum,
1063 1325 1143 1406 quod
1158 1325 1295 1388 invenire
1309 1343 1414 1389 verum
1429 1329 1490 1388 don

132 1410 306 1494 potuerint,
331 1411 386 1582 ¹apd
401 1411 471 1495 quia
493 1412 531 1475 de
553 1411 730 1494 inquirendo
755 1431 816 1476 non
838 1411 1013 1493 cogitamnt
1034 1420 1090 1476 aut
1110 1412 1142 1476 in
1158 1433 1193 1478 eo
1213 1413 1416 1478 laborandum
1431 1433 1492 1478 non

136 1507 323 1576 consuerunt
370 1547 378 1563 .

222 1589 362 1672 Ipsorum
377 1589 456 1655 enim
470 1597 610 1672 ternpore
628 1609 788 1672 moresque
803 1589 939 1671 proxime
962 1597 1052 1653 eraut
1073 1590 1183 1654 similia
1197 1589 1403 1674 Apostolicis;
1428 1609 1488 1654 non

133 1679 229 1761 igitur
245 1697 340 1742 cansa
354 1679 414 1742 illis
431 1685 499 1744 erat
514 1679 672 1744 dubitandi
689 1680 726 1742 de
741 1699 775 1743 re
796 1679 952 1762 quapiam,
971 1699 1061 1762 quam
1083 1679 1173 1743 bodie
1196 1682 1276 1744 forte
1296 1687 1329 1743 et
1348 1680 1491 1744 miramur

136 1768 175 1832 ob
190 1775 366 1834 nostrornm
382 1776 551 1851 temporum
574 1768 848 1832 dissimilitudinem
871 1788 938 1832 cum
960 1769 1147 1851 temporibus
1163 1769 1238 1845 illis,
1262 1778 1295 1834 et
1309 1776 1344 1832 ut
1358 1768 1491 1834 incredi-

135 1857 228 1922 bilem
243 1857 276 1920 in
291 1857 413 1922 dubium
428 1877 538 1922 vocare
553 1856 712 1939 incipimus
736 1865 790 1922 ant
804 1857 968 1922 insolentia
983 1858 1125 1922 fascinati
1148 1878 1209 1922 non
1225 1860 1302 1922 satis
1322 1878 1379 1921 nos
1397 1877 1492 1940 expe·
1536 1899 1541 1910 ·

136 1947 254 2021 dimus,
276 1966 371 2029 eoque
386 1948 437 2024 lit,
447 1953 494 2010 nt
508 1945 684 2011 fortioribus
699 1947 800 2011 causis
815 1947 975 2013 incitemur
990 1948 1030 2010 ad
1044 1947 1241 2029 inquirendas
1257 1948 1428 2030 hujusmodi
1443 1965 1493 2012 res

136 2044 292 2112 vetustas,
308 2043 464 2101 crescente
481 2036 562 2118 apud
572 2037 772 2118 chronologos
788 2054 856 2099 enm
871 2037 939 2119 ipsa
953 2037 1164 2120 quaestionum
1179 2037 1360 2104 difficultate
1376 2035 1494 2100 sciendi

136 2125 317 2207 cupiditate.
363 2122 423 2197 Qui
439 2125 465 2188 si
481 2125 675 2207 arrogantiae
690 2125 937 2209 pertinaciusque
954 2127 1094 2208 scopulos
1117 2127 1289 2202 declinent,
1312 2126 1338 2189 si
1361 2127 1494 2190 certiore

136 2215 318 2279 docentibus
328 2214 626 2292 cedant-veritatem
639 2215 865 2297 amplectantur
874 2215 1019 2291 oblatam,
1034 2214 1172 2298 equidem
1187 2235 1242 2297 pro
1257 2215 1360 2280 sciolis
1369 2214 1493 2278 vitiliti-

135 2303 298 2385 gatoribus
313 2303 492 2368 traducendi
508 2323 569 2368 non
585 2311 672 2380 sunt,
694 2304 766 2387 quin
779 2303 883 2387 potius
898 2304 959 2367 Dei
981 2305 1129 2385 creatoris
1152 2305 1322 2386 exemplum
1343 2305 1393 2369 bie
1415 2322 1493 2386 qua·
1513 2383 1517 2390 ι

136 2393 300 2457 damtenns
314 2393 487 2457 imitantur:
517 2401 552 2456 nt
573 2393 653 2457 enisu
674 2393 726 2458 ille
742 2413 759 2456 e
776 2393 911 2458 tenebris
927 2392 1025 2457 lucem
1048 2393 1432 2475 admirabilemproduxit,
1455 2410 1494 2455 ex

135 2483 216 2546 malo
240 2501 330 2559 vero,
351 2490 502 2566 uteunque
524 2482 600 2546 velis
623 2483 719 2558 malo,
743 2500 863 2564 semper
883 2483 956 2546 boni
979 2483 1049 2564 quid
1071 2483 1168 2546 elicit:
1200 2482 1244 2545 sic
1264 2483 1295 2546 bi
1318 2501 1357 2546 ex
1370 2481 1494 2545 hnmani

135 2571 259 2654 generis
275 2571 436 2648 erroribus,
452 2591 490 2635 ex
504 2572 610 2636 litibus
625 2578 659 2635 et
673 2571 918 2634 contentionibus
934 2571 1097 2634 veritatem
1120 2571 1152 2634 in
1167 2579 1306 2653 apertum
1327 2571 1494 2653 proterunt

223 2660 358 2724 Accedit
371 2661 576 2744 superioribus
593 2660 740 2724 hodierna
758 2659 979 2744 typographiae
996 2659 1205 2736 commoditas,
1221 2680 1280 2743 qua
1295 2661 1338 2737 lit,
1353 2667 1388 2724 ut
1403 2659 1494 2723 hodie

132 2749 232 2813 multa
247 2749 378 2813 feliciter
393 2750 493 2814 decidi
508 2747 638 2832 possint,
653 2769 730 2833 quae
747 2749 818 2813 olim
833 2749 864 2812 in
880 2749 1014 2814 tenebris
1030 2749 1194 2814 latuerunt
1238 2751 1308 2814 Etsi
1320 2749 1404 2813 enim
1421 2749 1494 2812 olim

134 2857 255 2922 quoqne
278 2839 472 2904 biblothecae
494 2841 617 2904 fuerunt
638 2839 892 2904 instructissimae
913 2839 1115 2922 librorumque
1147 2838 1236 2920 copia
1257 2837 1494 2912 innumerabilis,

135 2947 264 3011 qnorum
285 2929 418 2992 maxima
438 2948 511 3012 pars
540 2928 670 3005 interiit,
700 2928 797 2992 deluit
820 2925 927 2991 tamen*
947 2929 1008 2991 illia
1035 2929 1122 3008 justa
1146 2928 1364 3010 exemplarium
1389 2927 1493 3009 copia3

134 3036 231 3100 quare
248 3017 371 3094 iactum,
385 3025 421 3082 ut
435 3018 570 3100 plerique
586 3017 723 3100 quamvis
739 3015 860 3098 ingenio
870 3017 1099 3084 instructissimi
1109 3017 1148 3082 ab
1164 3017 1379 3099 investigando
1389 3025 1494 3078 tamen
1511 3079 1515 3099 ,

135 3105 358 3183 abstinuerint,
381 3107 519 3171 contenti
534 3126 697 3188 paucorum
713 3106 879 3188 aliquorum
894 3106 1060 3182 industria,
1083 3107 1134 3188 qui
1149 3106 1181 3170 in
1196 3107 1344 3170 materias
1360 3106 1492 3169 chrono-

134 3195 253 3276 logicas
275 3195 355 3259 omni
378 3197 479 3260 studio
502 3195 713 3271 incubuerunt,
738 3213 862 3278 quorum
877 3195 1079 3277 pronunciata
1100 3203 1135 3259 ut
1156 3203 1242 3260 certe
1261 3201 1444 3277 receperunt
1459 3201 1492 3256 et
1520 3191 1526 3206 '
1578 3199 1582 3212 ’

134 3283 246 3346 liducia
267 3283 338 3348 freti
353 3284 465 3349 imitati
481 3293 553 3349 snut
574 3286 663 3368 inque
686 3304 758 3348 suos
774 3305 847 3347 usus
862 3285 943 3348 inter
965 3285 1158 3349 scribendum
1173 3292 1399 3348 converterunt
1439 3282 1492 3346 Sic

135 3373 352 3454 Eupolemum,
374 3375 418 3438 sic
438 3375 640 3450 Psnodornm,
660 3373 831 3448 Tatianum,
856 3371 1017 3440 Castorem
1032 3375 1169 3454 allegant
1184 3373 1380 3456 Theophilus,
1402 3371 1492 3436 Afri·

133 3481 238 3537 canus,
254 3460 407 3538 Clemens,
421 3471 565 3546 utrosque
580 3461 730 3526 Eusebius
747 3471 780 3526 et
794 3463 876 3526 illius
892 3463 1063 3527 translator
1080 3463 1290 3546 Hieronymus,
1314 3460 1491 3543 chronologi

134 3550 257 3632 quidem
273 3569 378 3615 omnes
394 3559 426 3616 et
440 3553 518 3615 alius
535 3552 628 3616 alium
641 3552 763 3615 interim
778 3552 967 3632 corrigentes
973 3569 983 3627 ;
1001 3560 1036 3615 at
1044 3553 1209 3615 Eusebium
1224 3561 1257 3617 et
1265 3551 1492 3632 Hieronymum,

134 3641 230 3702 veluti
248 3659 342 3706 eausa
352 3640 506 3722 judicata,
527 3642 618 3706 turba
632 3642 760 3705 Petrum
774 3647 840 3703 tam
856 3638 1043 3706 Graecorum
1058 3659 1148 3723 quem
1161 3641 1342 3703 Latinorum
1358 3659 1491 3721 sequun-

135 3736 185 3794 tnr
208 3729 276 3792 siue
300 3731 489 3812 exceptione.
533 3731 582 3794 At
602 3730 635 3794 hi
657 3737 721 3793 tam
743 3729 847 3810 pauci,
870 3729 920 3811 qui
935 3729 1045 3794 serium
1061 3731 1092 3792 in
1116 3729 1343 3810 chronologiam
1358 3728 1492 3792 studium

133 3827 313 3900 posueruut,
328 3819 447 3900 gemino
462 3819 561 3884 labori
576 3819 708 3900 impares
723 3818 817 3882 luisse
832 3818 983 3893 videntur,
999 3827 1034 3880 ut
1043 3827 1075 3882 et
1089 3817 1240 3881 inlinitum
1249 3818 1394 3882 librorum
1409 3817 1490 3880 mul-

133 3907 295 3970 titudinem
312 3907 497 3984 evolverent,
513 3915 708 3972 monnmenta
723 3905 764 3970 ad
778 3925 843 3972 rem
857 3905 1004 3972 facientis
1020 3907 1199 3988 colligerent
1214 3915 1248 3969 et
1263 3907 1351 3970 simul
1368 3905 1491 3988 singule

132 3997 275 4060 exactius
296 3997 506 4062 examinarent
526 3997 615 4078 inque
637 3996 772 4061 ordinem
793 3996 976 4076 redigerent
1020 3997 1099 4060 Fere
1122 3995 1260 4072 enimiit,
1280 3997 1382 4078 utqui
1399 3995 1491 4058 durat

133 4087 173 4148 sd
183 4073 348 4150 lectionem
357 4087 551 4162 laboriosam,
565 4086 664 4150 miuus
678 4083 929 4167 polleatjudioio;
946 4091 979 4149 et
994 4085 1044 4167 qui
1053 4093 1173 4168 tempus
1183 4087 1257 4149 terit
1266 4083 1484 4180 pensiculando

199 4258 224 4324 ”)
242 4263 393 4328 Exemplum
404 4277 466 4330 cape
479 4263 610 4314 facilitatis
625 4261 731 4314 Petrum
749 4264 775 4314 in
787 4264 947 4316 admittenda
964 4262 1072 4314 historie
1079 4263 1234 4330 Evangelica
1253 4264 1319 4314 citra
1329 4259 1485 4325 scrupulum.

129 4331 213 4384 Lucas
225 4335 299 4386 initis
312 4335 444 4385 ministerii
457 4333 550 4385 Christi
561 4335 657 4384 confert
668 4334 694 4383 in
706 4348 798 4398 sunum
812 4335 853 4386 15.
866 4335 974 4394 Tiberii,
993 4335 1036 4400 qui
1049 4347 1130 4386 annus
1150 4347 1167 4384 a
1179 4335 1219 4386 die
1230 4333 1396 4384 successionis
1409 4337 1485 4394 pute-

129 4410 169 4455 tus
180 4411 253 4470 perte
266 4407 306 4455 sui
318 4406 453 4470 posteriore
466 4411 492 4455 et
502 4405 597 4470 potiore
610 4411 734 4455 monstrat
746 4407 860 4457 consules
870 4405 1015 4458 Rubellium
1027 4411 1053 4456 et
1061 4405 1157 4456 Ruiusn
1167 4405 1291 4456 Geminos.
1313 4401 1488 4454 'demulllsnus
1514 4437 1517 4446 .

129 4477 206 4542 igitur
225 4475 354 4527 christum
372 4477 412 4527 hle
425 4476 492 4527 Coss.
511 4483 539 4527 st
556 4476 604 4526 hoe
623 4478 701 4527 etlam
720 4489 786 4527 enno
805 4491 907 4541 passum
924 4477 987 4530 dixit
1005 4479 1132 4542 traxitque
1152 4477 1244 4527 maltos
1256 4489 1288 4524 ex
1299 4474 1435 4532 Patribus,
1458 4479 1490 4522 ut

131 4545 256 4599 chr'utnm
268 4561 336 4600 nuo
347 4549 442 4598 aetatis
454 4547 497 4598 ³0.
508 4561 610 4612 pessum
623 4549 747 4605 diceremr
766 4563 828 4613 quos
839 4551 905 4602 inter
918 4549 996 4600 mam
1008 4547 1114 4613 Prusper
1127 4557 1154 4599 st
1165 4545 1334 4598 Marcellinus.
1371 4544 1407 4593 ts
1428 4557 1491 4593 raro

130 4633 156 4669 se
172 4620 323 4686 colligentes
341 4627 368 4669 st
384 4619 519 4669 ministerio
538 4618 631 4670 Christi
649 4621 782 4670 maumam
801 4620 888 4670 deberi
906 4625 1069 4686 reputantes,
1088 4619 1259 4670 Tertullianus
1278 4615 1378 4681 quidem
1399 4620 1491 4666 contre

130 4687 283 4742 Hermonem
301 4689 429 4741 Christum
447 4691 546 4754 scripsit
558 4691 697 4741 revelatum
710 4689 803 4741 Tiberii
820 4705 884 4742 anuo
904 4691 954 4751 12..
968 4691 1090 4756 Sulpitius
1110 4706 1167 4742 roro
1187 4687 1293 4739 Severus
1311 4685 1399 4736 iisdem
1419 4685 1490 4736 Coss.

130 4773 183 4814 tum
194 4761 356 4815 Tertulliano
373 4773 477 4826 pessum
488 4759 561 4819 dicit,
580 4763 626 4813 ssd
639 4775 732 4812 amum
743 4761 836 4813 'liberii
857 4759 899 4812 18.
913 4761 1028 4813 ascribit:
1047 4761 1136 4812 Victor
1155 4761 1261 4824 donique
1275 4755 1409 4821 capuanus
1426 4757 1490 4824 bap·

130 4834 227 4886 mun
240 4834 357 4886 commo
370 4831 440 4885 cnm.
453 4831 557 4884 assutis
568 4839 595 4884 et
607 4847 672 4884 suno
684 4835 780 4886 estatis
791 4827 836 4894 27,
845 4831 947 4902 Ἰ,ιοίΙὶοοι
958 4839 987 4885 nt
997 4829 1139 4900 pusionem
1149 4831 1273 4882 muneret
1284 4829 1310 4878 iu
1322 4839 1388 4881 suno
1399 4827 1443 4880 so

178 4917 407 4974 ΗΜΜΝ·
700 4971 705 4984 ,
1244 4915 1277 4968 tt
