3406 5542
252 279 317 348 306
607 329 611 342 .
667 232 688 388 '⁸
756 297 796 350 m
808 297 981 350 5555555
993 289 1093 359 meaa
1155 337 1160 344 .

250 443 351 524 pisse,
381 442 461 507 aliud
491 445 666 505 exsecutum
688 457 757 502 esse
787 460 1013 516 amanuensem,
1042 441 1223 522 permutatis
1252 439 1384 504 decretis
1406 439 1581 523 homonymia

236 535 474 614 .Hyreanomm;
498 531 538 594 ad
552 530 679 612 primurn
695 529 773 592 enim
787 522 877 611 hujus
892 530 1021 594 nominis
1037 529 1228 594 sacerdotem
1242 529 1388 610 pertinet,
1410 529 1488 613 qnod
1500 530 1581 594 Jose-

252 622 331 702 5555
346 622 395 684 515
410 623 505 684 refert
520 619 559 681 ad
574 619 783 721 posteriorem
819 620 986 682 Decretum
1001 637 1082 694 vcro,
1098 619 1177 702 quod
1191 619 1343 701 Josephus
1359 619 1409 682 hic
1428 619 1583 700 prolitstm,

249 711 341 792 paulo
356 711 435 772 infra
450 709 534 790 sequi
536 715 585 772 tur
606 707 637 769 in
653 707 797 771 fasciculo
814 708 1004 830 decretorum
1018 708 1223 772 Romanorum
1246 708 1284 772 de
1298 707 1439 786 Judasis:
1464 707 1582 772 casua

252 799 292 862 V.
309 799 379 864 Cos.

337 889 404 950 Hoc
419 886 511 950 etiam
527 904 607 950 anno
624 891 695 949 ante
711 905 772 949 aer.
788 906 816 948 n.
832 880 884 951 47.
908 887 1061 968 Josephus
1075 893 1192 962 namet,
1207 827 1361 948 Herodem
1375 890 1491 966 epatre
1499 885 1582 950 Anti-

249 983 339 1058 patro
354 976 540 1058 praefectum
556 975 650 1038 fuisse
666 973 822 1050 Galileae,
845 993 912 1038 cum
928 984 1013 1040 esset
1026 974 1141 1057 plane
1127 975 1264 1056 juvenis,
1286 993 1342 1038 nec
1357 974 1426 1056 plns
1445 973 1483 1038 15
1498 993 1583 1038 annos

247 1066 385 1139 baberet,
406 1072 439 1126 et
453 1071 556 1133 tamen
573 1064 668 1138 addit,
684 1064 749 1144 ejus
764 1065 878 1128 virtute
895 1072 927 1128 et
942 1065 1076 1129 consiliis
1091 1065 1242 1129 redditam
1257 1064 1454 1128 securitatem
1473 1063 1585 1145 provin-

250 1155 324 1228 ciae,
341 1162 431 1235 capto
447 1152 581 1217 Ezechia
595 1153 732 1228 latrone,
754 1172 812 1234 quo
828 1155 911 1216 facto
927 1153 1025 1218 Sexto
1041 1153 1169 1218 Caesari
1185 1153 1306 1234 Syriam
1327 1152 1447 1216 tenenti
1468 1170 1532 1215 cum
1543 1152 1586 1214 in·

249 1243 414 1318 uetuisset,
429 1241 522 1324 paulo
544 1249 616 1324 post
637 1243 676 1306 ab
699 1260 735 1305 eo
759 1241 981 1325 Coele-Syriae
1004 1244 1112 1308 ducem
1127 1250 1262 1306 creatum
1277 1260 1354 1306 esso.
1393 1239 1471 1314 Quis
1485 1241 1588 1315 credat,

247 1333 456 1412 Antipatrum,
471 1332 522 1414 qui
537 1331 576 1394 ob
591 1331 753 1412 segnitiem
768 1331 904 1413 Hyrcani
920 1332 1011 1396 filium
1025 1331 1210 1396 Phasaelum
1224 1331 1374 1415 praefecit
1392 1330 1589 1434 Jerosplyruis,

248 1417 502 1524 periculosissimo
525 1439 624 1484 rerum
647 1429 732 1484 51515
754 1421 978 1502 praefectorum
1000 1421 1093 1484 fuisse
1110 1420 1285 1496 Galilaeae,
1307 1419 1451 1500 gentibus
1471 1419 1588 1483 circum·

247 1510 355 1574 1151515
371 1509 540 1590 expositae,
555 1509 685 1573 Sextum
696 1529 772 1574 ,vero
789 1509 955 1576 Caesarem
970 1511 1029 1576 1511
1045 1509 1156 1574 Coele·
1158 1509 1268 1592 Syriae
1290 1527 1417 1591 puemm
1431 1507 1589 1598 imbellem?

247 1599 322 1662 Jure
343 1599 446 1681 itaque
470 1598 546 1678 legit
566 1598 700 1680 Snslyga
720 1618 776 1680 pro
792 1621 817 1662 ιι
836 1621 880 1675 aa,
901 1600 952 1663 25.
1001 1599 1126 1662 Nam
1102 1619 1128 1662 sr
1149 1617 1250 1662 mores
1268 1599 1423 1662 Rommos
1446 1589 1591 1679 respicias,

249 1688 328 1750 haec
343 1707 460 1769 555555
476 1706 560 1750 mera
575 1694 625 1750 est
634 1689 781 1768 juventus
805 1688 844 1751 ad
861 1646 1029 1770 dignitates
1051 1688 1203 1792 gerendas
1215 1687 1449 1769 provinciasque
1471 1685 1590 1750 admini-

249 1777 402 1851 strandas,
419 1777 489 1858 quin
505 1784 538 1838 et
552 1777 698 1840 miraculo
714 1779 756 1840 sit
771 1795 846 1858 puer
864 1777 904 1840 15
920 1797 1017 1844 55555
1033 1785 1132 1851 55155,
1154 1778 1254 1840 auimo
1271 1784 1304 1840 et
1317 1795 1408 1840 manu
1424 1775 1502 1840 adeo
1518 1783 1591 1838 stre-

248 1885 334 1941 nuus,
351 1867 427 1928 adeo
443 1866 570 1928 militiae
586 1885 709 1946 gnarus,
730 1867 856 1930 consilio
873 1867 1000 1948 pollens,
1016 1868 1093 1930 adeo
1109 1866 1222 1930 ferocia
1236 1873 1400 1946 provectus
1416 1873 1451 1929 et
1465 1863 1592 1936 audacia,

247 1962 284 2017 ut
299 1955 434 2020 dicturus
450 1973 575 2018 causam
590 1955 743 2019 homicidii
760 1956 827 2018 sola
841 1956 1018 2036 praesentia
1028 1954 1148 2036 judices
1164 1955 1315 2020 attonitos
1329 1954 1481 2019 redderet
1510 1952 1592 2019 Adde

160 2077 162 2082 ·
250 2043 426 2124 55555555
450 2043 561 2107 abhinc
584 2047 694 2107 o'ctavo
710 2044 842 2119 decimo,
863 2053 1006 2127 utsupra
1022 2043 1150 2120 dictum,
1166 2044 1233 2125 jam
1247 2045 1313 2108 uati
1329 2051 1420 2118 eraut
1433 2043 1592 2124 Antipatro
1685 2079 1686 2082 =

247 2133 352 2207 liberi,
374 2133 479 2214 procul
502 2133 592 2196 dubio
609 2153 712 2197 omnes
729 2134 765 2209 5,
788 2141 871 2197 certe
886 2135 990 2215 plures
1004 2153 1064 2198 uuo
1087 2142 1120 2196 et
1136 2133 1179 2196 sic
1195 2134 1289 2196 etiam
1302 2133 1444 2198 Herodes
1460 2139 1533 2196 natu
1547 2149 1592 2194 aa·

252 2223 375 2286 555555.
405 2221 544 2304 Denique
559 2223 699 2286 Herodes
716 2223 783 2304 jam
804 2223 853 2286 hic
869 2223 1015 2288 Doridem
1036 2223 1212 2288 Idumaeam
1234 2223 1266 2286 in
1280 2222 1475 2286 matrimonio
1496 2221 1595 2284 habuit

250 2312 390 2374 etlilium
405 2330 444 2374 ex
459 2330 497 2374 ea
511 2311 710 2392 Antipatmm
726 2320 915 2392 susceperat,
930 2320 965 2375 ut
984 2312 1075 2394 paulo
1090 2320 1163 2393 5551
1176 2311 1305 2395 patebit
1342 2310 1492 2376 Omnibus
1510 2310 1594 2391 igitur

251 2401 349 2464 modis
365 2401 463 2480 major
479 2409 546 2464 erat
562 2401 649 2464 annis
668 2402 718 2464 15.
748 2400 900 2466 Calvisius
915 2401 964 2465 hic
980 2401 1121 2464 concedit
1131 2402 1248 2482 justam
1263 2409 1296 2466 et
1309 2401 1517 2464 necessariam
1532 2417 1594 2462 cor-

247 2491 424 2565 rectionem,
440 2490 561 2552 interim
577 2491 635 2552 duo
652 2491 713 2553 alia
728 2498 838 2572 peccat
854 2510 908 2554 auo
924 2491 1090 2554 commodo.
1119 2489 1253 2572 Scripsit
1265 2489 1429 2572 Josephus,
1450 2489 1595 2566 Herodem

247 2580 289 2642 25
307 2579 495 2642 solummodo
520 2599 616 2642 annos
631 2579 791 2654 habuisse,
815 2579 967 2647 Calvisius
989 2580 1065 2661 legit
1081 2580 1130 2642 fol.
1143 2580 1192 2642 14.
1207 2580 1381 2661 Epistulae,
1401 2580 1535 2644 noudum
1549 2579 1594 2640 25.

248 2687 344 2730 55555
360 2669 583 2731 55155151555.
613 2669 733 2731 Deinde
744 2669 897 2733 Calvisius
912 2670 1007 2731 refert
1021 2669 1084 2731 ista
1100 2668 1140 2731 55
1155 2689 1265 2732 annum
1282 2675 1469 2751 sequentem,
1485 2666 1595 2750 quando
1685 2701 1686 2706 κ

192 2752 196 2758 ’
248 2757 366 2822 Caesar
387 2758 499 2821 bellurn
521 2757 619 2838 gessit
640 2759 671 2820 in
693 2757 809 2822 Africa.
853 2759 900 2820 At
921 2758 1075 2840 Josephus
1099 2777 1244 2840 expresse
1261 2758 1381 2833 scribit,
1401 2758 1597 2838 Antipatmm
1685 2839 1686 2842 Ἴ

248 2847 378 2910 5555515
395 2846 530 2911 Caesare
552 2847 583 2908 15
600 2846 721 2928 Syriam
742 2848 800 2910 hoo
821 2847 889 2928 ipso
913 2866 992 2911 anno
1014 2842 1067 2915 47,
1090 2855 1161 2911 5515
1185 2847 1286 2912 omnia
1305 2848 1406 2928 egisse
1429 2848 1502 2921 illa,
1525 2861 1595 2927 quae
1685 2911 1686 2920 ,

248 2935 401 3001 Calvisius
424 2943 655 3010 commemorat,
677 2953 754 3020 quae
775 2935 856 2998 inter
878 2943 947 2998 erat
972 2945 1004 3000 et
1019 2937 1137 3005 evectio
1153 2936 1293 3000 Herodis
1331 2935 1481 3018 Sequitur
1501 2935 1596 3000 1515-

248 3025 342 3106 sepho
358 3025 470 3087 bellum
484 3025 629 3088 Caesaris
642 3024 821 3088 Africanum
836 3033 945 3090 contra
960 3024 1133 3106 Scipionem
1148 3033 1181 3087 51
1191 3025 1341 3090 Catonem
1345 3043 1355 3101 ;
1380 3025 1463 3107 quod
1478 3031 1592 3088 155155-

245 3121 296 3177 tur
311 3113 442 3176 Romani
458 3122 578 3194 gestum
594 3113 729 3178 Caesare
749 3122 782 3176 51
795 3113 913 3195 Lepido
931 3113 1018 3178 Coss.
1041 3133 1121 3177 anno
1145 3121 1217 3176 ante
1233 3133 1294 3178 aer.
1310 3135 1339 3176 n.
1354 3113 1414 3190 46,
1437 3115 1489 3196 551
1505 3131 1594 3178 annua

246 3203 430 3266 confusionis
447 3203 547 3266 dictus
564 3211 625 3278 551,
648 3203 686 3272 ob
710 3205 824 3266 factam
840 3205 860 3267 3
875 3203 1022 3266 meusium
1036 3203 1308 3266 intercalationem.
1344 3203 1474 3267 lhmsit
1494 3202 1595 3266 deinde

248 3291 287 3354 55
304 3293 428 3354 caedem
444 3291 604 3366 Caesaris,
626 3293 733 3356 Marco
752 3291 860 3374 Syriae
882 3292 1038 3373 praeside:
1069 3311 1158 3374 quarn
1180 3293 1293 3356 seimus
1315 3292 1485 3374 contigisse
1502 3293 1597 3356 Idibus

244 3381 371 3459 15551115Ι
382 3380 442 3444 Jul.
454 3383 483 3442 2.
512 3382 555 3443 Et
571 3381 712 3445 Cassium
735 3381 825 3445 51115
841 3381 963 3463 Syriam
977 3382 1098 3444 venisse
1121 3382 1161 3444 55
1183 3381 1377 3462 5555555555
1393 3379 1597 3446 Caesarianos

129 3525 132 3540 ,
248 3471 401 3533 exercitus
418 3470 499 3532 circa
518 3471 706 3550 Apameam,
729 3470 778 3552 qui
801 3489 837 3532 eo
853 3471 1065 3534 confluxerant
1086 3471 1126 3532 ad
1147 3469 1353 3534 ulciscendam
1367 3471 1496 3536 caedem
1517 3465 1598 3534 Sexti

247 3558 393 3623 Caesaris
410 3581 437 3620 a.
446 3557 579 3622 Caecilio
595 3561 696 3622 Basso
706 3559 892 3641 Pompejano
908 3565 1120 3640 perpetratae:
1144 3567 1177 3623 et
1192 3559 1336 3641 pecunias
1353 3560 1518 3623 aJudaeis
1533 3577 1596 3624 cru·

247 3648 356 3711 deliter
378 3648 527 3729 exegisse.
565 3648 648 3711 Sanc
672 3656 704 3710 et
718 3649 800 3712 Dion
820 3649 928 3723 refert,
948 3648 1090 3713 Cassium
1111 3655 1147 3712 51
1168 3648 1247 3712 vidit
1267 3647 1436 3713 Caesarem
1454 3649 1597 3730 juniorem

243 3756 402 3812 crescere,
424 3738 552 3819 primum
566 3737 682 3812 Roma,
703 3745 774 3818 post
790 3737 883 3800 Italia
899 3755 966 3800 oum
979 3738 1077 3801 Bruto
1093 3737 1273 3812 excessisse,
1296 3745 1328 3800 51
1346 3738 1451 3802 inrisa
1472 3733 1598 3802 Graecia

247 3826 403 3908 Brutoque
426 3827 533 3890 relicto
556 3827 705 3892 transisse
721 3827 753 3889 iu
774 3825 897 3907 Syriam
919 3825 1048 3890 amicam
1069 3828 1272 3907 provinciam,
1301 3827 1381 3908 quod
1403 3845 1475 3890 eam
1497 3832 1597 3890 contra

245 3915 379 3978 Parthos
396 3916 591 3991 defendisset,
611 3916 711 3998 ibique
728 3915 864 3996 coegisse
880 3915 1025 3996 pecunias
1041 3923 1074 3978 et
1090 3916 1272 3990 exercitum
1294 3923 1327 3978 et
1335 3913 1452 3980 Strabo
1468 3913 1598 3978 meminit

247 4003 421 4080 obsidionis,
437 4023 527 4087 quam
541 4003 693 4068 Caecilius
703 4005 820 4068 Bassus
830 4005 987 4086 Apameae
1003 4006 1138 4086 55515111
1167 4006 1239 4069 Jam
1254 4011 1327 4068 tunc
1340 4005 1436 4086 igitur
1449 4006 1472 4069 J
1473 4003 1597 4085 osephus

244 4099 353 4157 narrat
367 4094 549 4175 desponsam
564 4095 679 4158 Herodi
695 4093 788 4157 fuisse
803 4093 1013 4170 Mariamnem,
1034 4095 1172 4196 quamvis
1187 4093 1304 4176 pridem
1320 4094 1463 4156 duxisset
1478 4092 1598 4165 Dorida,

248 4202 285 4245 ex
302 4201 361 4264 qua
377 4191 468 4246 55155
484 4184 660 4286 Antipater.

333 4273 383 4334 Ex
398 4291 433 4334 eo
451 4273 546 4334 series
561 4272 708 4336 historiae
724 4271 882 4336 Romanae
899 4273 1026 4336 confusa
1041 4281 1091 4335 est
1106 4271 1187 4354 apud
1203 4267 1431 4354 Cuspiuianum,
1455 4271 1513 4336 sed
1526 4285 1596 4352 quae

247 4359 406 4442 diligentia
422 4361 510 4426 facile
527 4361 646 4442 5155551
660 4366 766 4466 551551
782 4381 820 4424 ex
834 4361 967 4424 lectione
982 4363 1117 4444 ipsomm
1126 4367 1302 4438 auctorum}
1313 4368 1350 4425 51
1364 4379 1424 4446 qua
1434 4376 1595 4426 consensus

247 4451 501 4533 exquisitissimos
516 4451 537 4513 J
538 4451 667 4532 oseplu
659 4469 690 4513 m
705 4451 803 4531 gestis
817 4451 946 4514 Antonii
961 4450 1093 4532 perspici
1108 4458 1221 4533 551551.

335 4541 452 4604 Narrat
476 4541 555 4604 enim
579 4559 669 4622 porro
691 4539 861 4620 Josephus,
887 4539 985 4604 Bruto
1008 4548 1041 4603 et
1067 4539 1177 4605 Cassio
1206 4539 1287 4604 circa
1314 4539 1476 4644 Philippos
1504 4539 1600 4607 15151·Ι

248 4627 337 4691 155115
362 4623 458 4710 (5555
484 4629 542 4692 1511
562 4629 684 4692 Juliano
706 4623 753 4709 4.)
774 4629 906 4693 victores
930 4627 1097 4693 Caesarem
1120 4617 1275 4711 quidem'
1266 4647 1328 4694 rsse
1354 4629 1387 4692 15
1415 4629 1540 4692 Italiam
1567 4631 1597 4686 51

248 4713 278 4778 15
300 4715 436 4792 Gallias,
457 4716 659 4782 Antonium
649 4737 682 4782 ru
702 4736 774 4781 vore
798 4717 1002 4784 circumivisse
1023 4719 1132 4784 Asiam
1154 4719 1186 4780 51
1209 4725 1337 4802 5555515
1357 4717 1406 4784 515
1422 4719 1465 4787 ab
1479 4713 1596 4786 Herode

249 4805 357 4882 grandi
379 4807 526 4886 pecuniae
549 4825 681 4883 summa,
707 4807 739 4870 15
759 4807 922 4891 Bithynia,
949 4808 1057 4874 deiude
1079 4807 1168 4890 Tyri,
1190 4808 1348 4890 deniquo'
1339 4827 1371 4874 m
1393 4806 1532 4874 Cilicis
1522 4801 1594 4872 ruci·
