3428 5542
273 295 336 366 196
373 250 378 268 Ι
652 323 656 329 ’
832 312 935 365 loannis
946 313 1051 378 Keplerl
1113 251 1117 266 ¹

272 462 373 544 gister
386 459 514 523 militiae
529 460 579 522 vel
588 463 767 540 procurator
782 455 909 532 dicitur;
925 455 983 519 nisi
999 453 1110 518 diversi
1119 453 1232 517 fuerint
1247 460 1280 516 et
1293 451 1352 530 hio,
1367 451 1474 515 eodem
1488 449 1620 514 nomine

269 551 433 617 Diceretnr
454 549 556 632 itaque
580 547 734 618 Quirinius
758 546 791 610 in
812 545 933 628 Syriam
956 545 1082 620 missus,
1112 563 1173 610 non
1202 549 1245 606 ut
1262 541 1370 626 Syriae
1387 560 1538 624 praeses,
1565 539 1621 602 ssd

271 641 341 724 quia
362 639 482 704 Judsea
502 658 575 720 pars
591 637 717 720 Syriae,
739 635 823 716 cujus
844 635 965 718 populis
982 635 1048 716 jam
1068 634 1141 698 fisco
1165 631 1309 698 Caesaris
1330 630 1532 714 arljungendis
1549 629 1622 710 jura

271 751 325 792 sna
341 729 550 792 constitueret.
726 733 730 740 '

357 820 406 883 Ac
423 836 489 880 555
503 818 553 880 hic
570 817 606 880 15
622 813 645 880 J
645 815 758 898 osepho
775 833 944 878 sermonem
958 814 1096 876 liniturus
1113 812 1177 888 sim,
1194 813 1252 876 duo
1269 810 1331 875 alia
1346 809 1468 886 diluam,
1483 827 1564 893 quae
1580 809 1619 871 sd

270 909 359 973 fidem
382 907 446 988 ejus
460 905 707 970 labefactandam
733 907 906 968 afferuntur.
942 904 1076 966 Primum
1092 902 1280 978 existimant,
1301 920 1436 984 pugnare
1451 899 1621 982 Josephum

271 1017 373 1062 secum
395 997 479 1079 ipso,
502 997 582 1078 quod
603 997 720 1059 Varum
742 995 891 1077 quendam
913 994 943 1056 in
965 993 1129 1074 provinciis
1149 993 1286 1057 Judaeae
1309 991 1505 1055 conterminis
1527 1001 1620 1072 prae-

271 1087 366 1152 sidem
380 1093 453 1168 post
468 1105 579 1150 annum
593 1086 747 1149 lulianum
764 1084 814 1147 18.
829 1103 935 1164 nempe
950 1090 1023 1164 post
1037 1083 1165 1164 primum
1186 1091 1315 1165 agonem
1329 1082 1492 1146 Actiacum
1514 1075 1582 1162 (lib.
1597 1079 1621 1141 1.

272 1177 309 1240 15
324 1176 383 1239 bel.
400 1195 424 1239 c.
443 1176 483 1239 15
501 1184 533 1238 51
547 1176 623 1239 Ant:
640 1175 659 1238 l.
678 1174 726 1237 15.
744 1193 768 1236 c.
786 1173 847 1247 12)t
860 1174 1086 1248 commemoret,
1102 1169 1281 1244 Quintilium
1296 1172 1496 1235 veroVsrum
1506 1169 1620 1233 Satur·

269 1267 340 1329 nino
364 1265 570 1328 'successorem
593 1265 646 1327 det
667 1265 699 1327 in
721 1263 813 1346 Syria
835 1282 914 1325 anno
937 1261 988 1324 42.
1024 1256 1157 1326 Primum
1171 1263 1274 1325 Varus
1288 1262 1349 1325 iste
1369 1259 1621 1344 5555555551-

270 1364 362 1419 natur
379 1352 553 1426 Quintilius.
586 1351 666 1425 Quid
689 1354 714 1415 si
730 1371 802 1434 ergo
825 1352 902 1415 alius
917 1353 976 1415 hoc
992 1352 1126 1428 nomine,
1149 1360 1181 1414 et
1196 1351 1373 1416 nominatim
1387 1351 1491 1415 Varus
1506 1349 1558 1412 ille
1574 1347 1621 1410 bis

193 1461 199 1474 ·
271 1452 379 1527 captus
401 1444 433 1508 in
447 1445 619 1526 Philippica
635 1441 806 1517 Ciceronis,
826 1449 899 1504 tunc
913 1442 1059 1523 temporis
1080 1442 1214 1523 praefuit
1228 1441 1357 1524 Syriae?
1394 1441 1460 1504 Aut
1475 1439 1548 1522 quid
1562 1437 1621 1499 im-
1675 1481 1678 1486 ι

270 1535 373 1618 pedit,
394 1535 521 1597 eundem
545 1553 613 1596 5555
635 1533 765 1608 Varum,
792 1533 841 1614 qui
863 1532 906 1595 23
929 1550 1075 1595 annorum
1095 1529 1328 1599 intervallo‘bis
1349 1529 1523 1613 praesidem
1547 1533 1624 1609 agat

271 1623 400 1708 Syriae?
431 1623 495 1686 Res
512 1631 562 1686 est
577 1622 732 1704 ejusmodi,
748 1629 783 1684 nt
797 1621 867 1684 inde
883 1621 926 1684 nil
941 1617 1055 1684 temere
1072 1621 1113 1684 sit
1128 1621 1351 1704 suspicandum.

361 1712 424 1776 Sed
444 1713 552 1777 fortius
568 1712 721 1794 Josephns
743 1710 889 1792 premitur
905 1718 1009 1776 aetate
1024 1711 1172 1788 Herodis,
1194 1712 1328 1793 quicum
1351 1711 1469 1773 dicatur
1483 1713 1622 1771 mortuus

272 1803 535 1884 septuagenarius,
550 1800 690 1866 5551545
707 1809 779 1864 5555
796 1808 916 1864 tantum
930 1801 1025 1864 habet
1040 1801 1280 1864 annos15.·Hic
1298 1800 1431 1882 Suslyga
1446 1797 1623 1880 respondet,

274 1900 410 1956 aetatem
426 1911 572 1956 annornm
590 1892 630 1954 15
647 1899 754 1954 contra
769 1898 902 1953 mentem
917 1910 984 1953 esse
1000 1891 1143 1973 Josephi,
1164 1891 1264 1973 utqui
1279 1892 1343 1954 fere
1366 1889 1512 1953 decennio
1529 1893 1623 1950 antea

270 1981 425 2052 Herodem
443 1983 648 2046 Romanorum
663 1981 858 2044 nobilissimis
874 1980 1063 2044 familiariter
1077 1989 1183 2044 notum
1198 1981 1357 2057 51155551,
1380 1979 1460 2062 quod
1474 1978 1514 2043 de
1529 1995 1622 2059 puero

272 2072 293 2134 5
316 2072 366 2135 vel
388 2071 571 2136 deonorum
591 2071 650 2134 dici
673 2090 733 2135 non
753 2071 867 2151 possit:
897 2071 1037 2139 mendum
1057 2071 1151 2152 igitur
1172 2089 1242 2133 esse
1264 2065 1624 2152 scriptoris-pervetusti

238 2147 243 2171 ⁸
272 2161 322 2242 qui
340 2162 380 2224 15
391 2163 552 2242 expressit,
568 2179 635 2224 cum
645 2159 686 2222 25
698 2167 803 2222 555551
818 2161 933 2242 scripta
939 2181 948 2236 ;
965 2160 1123 2242 atquehoo
1133 2161 1213 2222 idem
1223 2179 1279 2242 ego
1290 2177 1406 2242 quoqne
1422 2157 1512 2221 facile
1524 2157 1623 2219 credo.

359 2251 414 2314 VI.
437 2251 507 2314 Vll.
536 2251 594 2314 His
618 2250 695 2313 satis
718 2249 908 2312 evidentibus
932 2250 1118 2331 argumentis
1140 2251 1177 2313 de
1194 2270 1273 2313 anno
1295 2250 1347 2312 40.
1368 2246 1624 2312 551411511555

274 2338 392 2404 Christi
413 2341 555 2403 natalitio
572 2340 659 2402 addit
673 2339 807 2421 Snslygs
828 2341 923 2402 ctiam
938 2339 1107 2421 speciosum
1122 2340 1192 2404 hoc:
1216 2339 1296 2422 quod
1312 2339 1338 2401 si
1353 2339 1425 2422 qnid
1439 2335 1623 2422 exJosepho

273 2429 374 2511 colligi
390 2436 496 2510 potest
512 2430 549 2491 de
566 2448 658 2492 55555
674 2436 707 2491 55
723 2429 760 2490 15
776 2429 857 2492 1555
871 2429 993 2510 publica
1008 2429 1073 2492 nati
1088 2429 1231 2504 Messias,
1254 2436 1353 2492 totum
1367 2427 1399 2490 id
1416 2427 1455 2491 ab
1471 2445 1508 2490 eo
1524 2428 1622 2489 refer-

273 2527 323 2581 tur
338 2518 370 2580 in
386 2533 496 2581 annum
510 2519 680 2600 proximum
696 2524 768 2581 ante
783 2517 915 2582 Herodis
938 2537 1111 2595 excessum,
1133 2512 1245 2582 annum
1261 2517 1445 2582 5511155541.
1460 2515 1623 2581 Juliarium

222 2659 228 2676 .
271 2607 395 2671 Etenim
418 2609 547 2671 sublatis
566 2608 699 2670 Herodis
721 2608 791 2670 filiis
812 2607 990 2671 Alexandro
1013 2616 1046 2671 et
1058 2609 1254 2683 Aristobulo,
1276 2627 1344 2672 cnm
1360 2607 1426 2688 jam
1447 2606 1624 2688 Antipater,

273 2698 384 2760 tertius
400 2697 488 2773 filius,
505 2696 567 2760 doli
582 2697 774 2760 machinator
789 2697 873 2760 furiis
890 2697 1027 2778 agitatus
1041 2697 1215 2774 ultricibus,
1237 2699 1389 2779 cogitaret
1404 2697 1444 2760 51
1460 2695 1625 2760 Gaesarem

276 2789 437 2869 profugere
453 2781 502 2868 (id
517 2794 619 2849 antem
634 2805 695 2848 uon
710 2787 779 2868 plns
794 2805 853 2849 uuo
870 2787 1253 2851 555515115515555555
1267 2787 1409 2861 Herodis,
1428 2793 1465 2848 ut
1479 2804 1574 2867 supra
1588 2801 1625 2845 ex

276 2878 354 2939 serie
370 2877 518 2940 historiae
534 2869 800 2958 demonstratum),
821 2884 1035 2939 commemorat
1048 2877 1202 2959 Josephns
1217 2877 1268 2940 lib.
1285 2871 1334 2940 l'l.
1352 2895 1417 2958 cap.
1427 2876 1457 2939 3.
1481 2874 1625 2937 11551115-

275 2985 343 3028 rum
357 2965 387 3028 in
403 2966 488 3047 regia
501 2965 634 3029 Herodis
649 2965 883 3028 domesticorum
892 2966 1091 3043 occasionem,
1105 2967 1187 3030 inter
1196 2974 1316 3029 ceteras
1332 2966 1425 3029 etiam
1439 2965 1531 3029 hanc.
1562 2976 1626 3030 cnm

276 3071 339 3119 totu
359 3083 429 3136 gens
442 3065 609 3121 ludaeorum
621 3065 684 3138 regi
698 3071 728 3120 et
746 3065 857 3120 Caesari
876 3067 955 3122 1155
969 3083 1044 3122 snam
1057 3065 1237 3137 jurejurando
1258 3066 1411 3140 obligasset
1426 3049 1521 3138 (quae
1532 3053 1626 3116 verbs
1696 3095 1702 3102 -

277 3141 412 3224 Suslyga
428 3163 488 3206 non
504 3144 630 3208 obscure
647 3143 783 3208 traducit
804 3146 843 3208 ad
859 3153 982 3210 5555551
997 3154 1070 3209 1555
1085 3139 1212 3227 actum),
1239 3155 1401 3228 pharisaeos
1432 3171 1548 3210 numero
1577 3169 1626 3208 sex

275 3243 389 3298 5111155
402 3243 585 3315 conjurasse,
614 3235 693 3316 quod
715 3234 855 3297 fiduciam
874 3236 908 3298 in
921 3235 975 3318 jis*
993 3236 1094 3317 arguit
1116 3235 1214 3318 sparsi
1240 3237 1368 3300 rumoris
1396 3233 1433 3297 de
1458 3253 1533 3296 vero
1554 3250 1625 3313 rege

275 3323 461 3387 Indaeorum
480 3324 544 3404 jam
564 3332 655 3400 nato,
670 3335 756 3406 iisque
769 3333 908 3390 mulctatis
921 3337 956 3389 ob
967 3335 1021 3390 boc
1035 3335 1106 3390 aeds
1119 3336 1218 3408 grandi
1232 3351 1343 3402 summa,
1355 3349 1472 3392 uxorem
1479 3333 1626 3396 Pher-orae,

276 3414 323 3486 qni
336 3415 424 3470 frater
438 3421 500 3470 erat
513 3415 643 3481 Herodis,
664 3417 794 3471 mulctam
813 3415 984 3488 persolvisse,
999 3433 1101 3488 eosque
1114 3415 1302 3488 praedicasse,
1324 3419 1462 3474 decretum
1483 3415 1625 3478 55551155,

275 3519 392 3577 regnum
406 3506 529 3561 ablatum
550 3507 586 3560 ab
604 3506 714 3560 Herode
734 3507 850 3578 ejusque
866 3505 999 3579 progenie
1022 3491 1124 3579 (audis
1139 3497 1345 3561 Matthaeutil:
1362 3495 1565 3560 eontnrbstus
1580 3499 1627 3556 est

275 3585 415 3647 Herodes
432 3585 680 3666 etJerosolymao
697 3603 763 3649 cum
780 3581 831 3668 50)
847 3597 998 3654 transferre
1011 3597 1040 3652 in
1052 3597 1190 3653 Pherorae
1203 3597 1371 3670 progeniem.
1394 3595 1626 3668 ltaqueHerodes

275 3683 375 3739 multos
389 3702 426 3740 ex
439 3685 493 3740 huo
507 3685 708 3756 conspiratione
723 3686 872 3742 interfecit:
888 3677 994 3740 videat
1004 3675 1146 3760 Suslyga,
1156 3697 1196 3739 an
1206 3685 1238 3740 51
1246 3679 1380 3740 infantes
1388 3673 1625 3740 Bethlehemiti-

277 3782 338 3826 cus.
383 3765 469 3826 Inter
484 3771 604 3829 ceteros
619 3773 734 3850 Bagoae
755 3777 879 3832 eunucho
894 3778 963 3832 haec
977 3793 1041 3850 spes
1055 3785 1116 3834 erat
1129 3779 1221 3843 facts,
1242 3778 1411 3850 appellatum
1432 3776 1465 3832 iri
1482 3781 1625 3848 parentem

276 3861 307 3908 et
318 3855 522 3910 benefactorem
534 3857 624 3930 regis,
646 3873 727 3929 quem
747 3859 917 3914 desdnsrent
936 3858 1081 3925 vaticinia3
1108 3875 1238 3931 prospere
1258 3860 1329 3914 enim
1349 3873 1463 3914 cessura
1482 3873 1554 3912 novo
1567 3855 1625 3928 regi

276 3943 379 4010 omnis,
401 3945 577 4000 constabilita
597 3947 769 4003 successione
788 3942 872 4018 pr‘olis
893 3949 1042 4021 legitimae.
1071 3939 1124 4002 Sic
1139 3940 1218 4001 enim
1229 3939 1391 4002 verisimile
1403 3939 1625 4019 interpretatos

170 4077 174 4088 .
276 4023 436 4087 vaticinia:
453 4043 556 4089 semen
572 4027 637 4108 ejus
652 4028 684 4090 ln
694 4035 851 4090 aeternum
861 4029 997 4092 manebit
1013 4036 1045 4091 et
1059 4047 1185 4110 regnum
1200 4029 1265 4109 ejus
1280 4030 1311 4092 in
1321 4035 1479 4092 aeternum
1488 4046 1552 4090 non
1561 4026 1624 4088 dis·

276 4113 432 4196 sipabitur.
465 4113 524 4187 Qui
534 4135 669 4180 rumores
686 4135 753 4180 cum
769 4126 941 4198 congruant
955 4138 1022 4181 cnm
1036 4127 1202 4201 pastorum,
1216 4137 1380 4201 magorum,
1395 4117 1625 4200 pharisaeorum

275 4203 356 4285 apud
376 4205 544 4280 Herodem,
568 4205 719 4270 Simeonis
745 4215 778 4270 51
792 4208 902 4272 Annae
924 4209 1220 4291 praedicationibus:
1244 4208 1387 4276 credibile
1410 4214 1475 4282 est,
1497 4206 1624 4270 eundem

275 4313 344 4357 esse
359 4313 470 4358 annum
486 4302 518 4358 et
533 4315 591 4377 quo
607 4297 684 4358 haec
700 4297 827 4360 factaet
842 4317 900 4381 quc
911 4305 1002 4361 natus
1013 4299 1164 4375 Christus,
1180 4317 1290 4362 annum
1298 4299 1391 4380 igitur
1401 4296 1625 4360 41.Jnlianum

273 4383 432 4467 Perpende
446 4385 549 4467 igitur,
565 4385 782 4468 huneJosephi
798 4394 830 4450 et
840 4385 1169 4470 LuoseEvangelistae
1186 4407 1366 4452 consensum
1379 4386 1541 4470 plurimum
1557 4383 1624 4447 fidei

275 4475 435 4538 conciliare
452 4494 519 4538 oum
534 4475 682 4539 historiae
704 4483 770 4539 tum
786 4477 879 4540 etiam
894 4497 973 4541 anno
978 4497 988 4554 3
1012 4486 1119 4541 neuter
1143 4479 1222 4541 enim
1237 4481 1366 4542 alterum
1381 4475 1461 4540 15511
1478 4475 1571 4550 15511,
1592 4480 1626 4536 55

273 4564 304 4628 15
320 4565 385 4646 ejus
400 4565 532 4646 gratiam
546 4563 609 4627 ista
623 4567 763 4649 lingeret,
779 4574 812 4629 et
826 4569 930 4650 procul
947 4567 1036 4631 dubio
1052 4559 1159 4631 neuter
1175 4568 1304 4632 alterum
1318 4567 1412 4631 uouit

361 4671 447 4736 VIII.
484 4671 541 4736 His
565 4675 753 4756 argumentis
776 4682 809 4739 51
831 4677 889 4738 hoo
905 4676 990 4740 adde.
1028 4675 1130 4739 Testis
1147 4683 1196 4739 est
1208 4675 1398 4750 Macrobius,
1419 4673 1572 4756 perlatum
1587 4669 1624 4732 ad

275 4761 463 4844 Augustum,
486 4763 640 4826 Herodem
654 4764 735 4828 inter
750 4781 878 4848 pueros,
901 4785 975 4849 quos
990 4765 1022 4828 in
1036 4765 1215 4830 Palaestina
1229 4767 1308 4829 infra
1322 4764 1468 4827 bimatum
1477 4760 1625 4843 jussisset

170 4885 173 4900 .
275 4850 379 4924 occidi,
394 4851 586 4917 interfecisse
603 4861 635 4916 et
650 4854 750 4918 filium
783 4857 829 4920 At
843 4855 935 4920 filium
949 4856 1089 4919 Herodes
1104 4856 1320 4920 occiditunnm
1333 4853 1532 4935 Antipatrum
1548 4867 1625 4914 auno
