<?xml version="1.0" encoding="UTF-8"?>
<!DOCTYPE html PUBLIC "-//W3C//DTD XHTML 1.0 Transitional//EN"
    "http://www.w3.org/TR/xhtml1/DTD/xhtml1-transitional.dtd">
<html xmlns="http://www.w3.org/1999/xhtml" xml:lang="en" lang="en">
 <head>
  <title>
</title>
<meta http-equiv="Content-Type" content="text/html;charset=utf-8" />
  <meta name='ocr-system' content='tesseract 3.04.00' />
  <meta name='ocr-capabilities' content='ocr_page ocr_carea ocr_par ocr_line ocrx_word'/>
</head>
<body>
  <div class='ocr_page' id='page_1' title='image "./joanniskepleria00unkngoog_0289.png"; bbox 0 0 3428 5542; ppageno 0'>
   <div class='ocr_carea' id='block_1_1' title="bbox 238 237 1017 370">
    <p class='ocr_par' dir='ltr' id='par_1_1' title="bbox 238 237 1017 370">
     <span class='ocr_line' id='line_1_1' title="bbox 238 237 1017 370; baseline 0.009 -20"><span class='ocrx_word' id='word_1_1' title='bbox 238 283 305 352; x_wconf 79' lang='lat'>272</span> <span class='ocrx_word' id='word_1_2' title='bbox 844 304 981 370; x_wconf 52' lang='lat' dir='ltr'>mmm</span> <span class='ocrx_word' id='word_1_3' title='bbox 1007 237 1017 246; x_wconf 35' lang='lat'>⁵</span> 
     </span>
    </p>
   </div>
   <div class='ocr_carea' id='block_1_2' title="bbox 235 443 1589 1511">
    <p class='ocr_par' dir='ltr' id='par_1_2' title="bbox 239 443 1589 700">
     <span class='ocr_line' id='line_1_2' title="bbox 239 443 1586 531; baseline 0 -21"><span class='ocrx_word' id='word_1_4' title='bbox 239 447 321 530; x_wconf 85' lang='lat' dir='ltr'>qnod</span> <span class='ocrx_word' id='word_1_5' title='bbox 334 453 368 510; x_wconf 86' lang='lat' dir='ltr'>tu</span> <span class='ocrx_word' id='word_1_6' title='bbox 383 447 472 510; x_wconf 79' lang='lat' dir='ltr'>facile</span> <span class='ocrx_word' id='word_1_7' title='bbox 488 446 645 522; x_wconf 76' lang='lat' dir='ltr'>concedes,</span> <span class='ocrx_word' id='word_1_8' title='bbox 660 447 711 528; x_wconf 88' lang='lat' dir='ltr'>qui</span> <span class='ocrx_word' id='word_1_9' title='bbox 726 448 767 509; x_wconf 88' lang='lat' dir='ltr'>ad</span> <span class='ocrx_word' id='word_1_10' title='bbox 781 468 892 513; x_wconf 84' lang='lat' dir='ltr'>annum</span> <span class='ocrx_word' id='word_1_11' title='bbox 907 469 997 514; x_wconf 86' lang='lat' dir='ltr'>aerae</span> <span class='ocrx_word' id='word_1_12' title='bbox 1012 448 1219 531; x_wconf 83' lang='lat' dir='ltr'>Dionysianae</span> <span class='ocrx_word' id='word_1_13' title='bbox 1235 447 1287 512; x_wconf 83' lang='grc'>28.</span> <span class='ocrx_word' id='word_1_14' title='bbox 1308 443 1374 530; x_wconf 88' lang='lat' dir='ltr'>(qui</span> <span class='ocrx_word' id='word_1_15' title='bbox 1390 457 1454 523; x_wconf 90' lang='lat' dir='ltr'>est,</span> <span class='ocrx_word' id='word_1_16' title='bbox 1477 455 1515 512; x_wconf 94' lang='lat' dir='ltr'>ut</span> <span class='ocrx_word' id='word_1_17' title='bbox 1530 465 1586 528; x_wconf 86' lang='lat' dir='ltr'>ego</span> 
     </span>
     <span class='ocr_line' id='line_1_3' title="bbox 239 531 1589 620; baseline 0.001 -22"><span class='ocrx_word' id='word_1_18' title='bbox 239 535 422 612; x_wconf 86' lang='lat' dir='ltr'>demonstro,</span> <span class='ocrx_word' id='word_1_19' title='bbox 437 537 477 600; x_wconf 90' lang='lat' dir='ltr'>ab</span> <span class='ocrx_word' id='word_1_20' title='bbox 492 535 691 618; x_wconf 88' lang='lat' dir='ltr'>hypothetica</span> <span class='ocrx_word' id='word_1_21' title='bbox 704 535 845 620; x_wconf 86' lang='lat' dir='ltr'>Dionysii</span> <span class='ocrx_word' id='word_1_22' title='bbox 860 538 1023 600; x_wconf 76' lang='lat' dir='ltr'>nativitate</span> <span class='ocrx_word' id='word_1_23' title='bbox 1040 537 1156 602; x_wconf 84' lang='lat' dir='ltr'>Christi</span> <span class='ocrx_word' id='word_1_24' title='bbox 1171 531 1238 619; x_wconf 82' lang='grc'><strong>27.)</strong></span> <span class='ocrx_word' id='word_1_25' title='bbox 1255 549 1385 602; x_wconf 85' lang='lat' dir='ltr'>annotas</span> <span class='ocrx_word' id='word_1_26' title='bbox 1400 538 1589 620; x_wconf 80' lang='lat' dir='ltr'>baptismum</span> 
     </span>
     <span class='ocr_line' id='line_1_4' title="bbox 240 623 1103 700; baseline 0 -12"><span class='ocrx_word' id='word_1_27' title='bbox 240 623 367 700; x_wconf 81' lang='lat' dir='ltr'>Christi,</span> <span class='ocrx_word' id='word_1_28' title='bbox 382 645 442 688; x_wconf 93' lang='lat' dir='ltr'>non</span> <span class='ocrx_word' id='word_1_29' title='bbox 456 645 529 688; x_wconf 91' lang='lat' dir='ltr'>vero</span> <span class='ocrx_word' id='word_1_30' title='bbox 544 633 579 686; x_wconf 94' lang='lat' dir='ltr'>ut</span> <span class='ocrx_word' id='word_1_31' title='bbox 593 625 704 690; x_wconf 88' lang='lat' dir='ltr'>Patres</span> <span class='ocrx_word' id='word_1_32' title='bbox 719 633 840 688; x_wconf 91' lang='lat' dir='ltr'>veteres</span> <span class='ocrx_word' id='word_1_33' title='bbox 856 627 895 689; x_wconf 95' lang='lat' dir='ltr'>ad</span> <span class='ocrx_word' id='word_1_34' title='bbox 911 628 1103 690; x_wconf 91' lang='lat' dir='ltr'>tricesimum.</span> 
     </span>
    </p>

    <p class='ocr_par' dir='ltr' id='par_1_3' title="bbox 237 713 1589 1154">
     <span class='ocr_line' id='line_1_5' title="bbox 325 713 1589 797; baseline 0.002 -21"><span class='ocrx_word' id='word_1_35' title='bbox 325 713 444 776; x_wconf 86' lang='lat' dir='ltr'>Deinde</span> <span class='ocrx_word' id='word_1_36' title='bbox 460 715 486 776; x_wconf 90' lang='lat' dir='ltr'>si</span> <span class='ocrx_word' id='word_1_37' title='bbox 502 715 633 776; x_wconf 85' lang='lat' dir='ltr'>ecclesia</span> <span class='ocrx_word' id='word_1_38' title='bbox 655 734 693 776; x_wconf 88' lang='lat' dir='ltr'>ex</span> <span class='ocrx_word' id='word_1_39' title='bbox 710 734 745 777; x_wconf 90' lang='lat' dir='ltr'>eo</span> <span class='ocrx_word' id='word_1_40' title='bbox 762 715 940 792; x_wconf 82' lang='lat' dir='ltr'>offenditur,</span> <span class='ocrx_word' id='word_1_41' title='bbox 962 717 1042 797; x_wconf 90' lang='lat' dir='ltr'>quod</span> <span class='ocrx_word' id='word_1_42' title='bbox 1057 717 1149 778; x_wconf 86' lang='lat' dir='ltr'>aliter</span> <span class='ocrx_word' id='word_1_43' title='bbox 1170 735 1226 797; x_wconf 88' lang='lat' dir='ltr'>ego</span> <span class='ocrx_word' id='word_1_44' title='bbox 1243 717 1400 780; x_wconf 89' lang='lat' dir='ltr'>considero</span> <span class='ocrx_word' id='word_1_45' title='bbox 1421 717 1589 778; x_wconf 91' lang='lat' dir='ltr'>rotundum</span> 
     </span>
     <span class='ocr_line' id='line_1_6' title="bbox 240 803 1589 889; baseline 0.001 -23"><span class='ocrx_word' id='word_1_46' title='bbox 240 803 458 884; x_wconf 86' lang='lat' dir='ltr'>Evangelistae</span> <span class='ocrx_word' id='word_1_47' title='bbox 474 822 627 866; x_wconf 91' lang='lat' dir='ltr'>numerum</span> <span class='ocrx_word' id='word_1_48' title='bbox 642 805 685 866; x_wconf 99' lang='grc'>30</span> <span class='ocrx_word' id='word_1_49' title='bbox 696 823 851 879; x_wconf 88' lang='lat' dir='ltr'>annorum,</span> <span class='ocrx_word' id='word_1_50' title='bbox 866 824 957 886; x_wconf 90' lang='lat' dir='ltr'>quam</span> <span class='ocrx_word' id='word_1_51' title='bbox 970 814 1092 868; x_wconf 85' lang='lat' dir='ltr'>veteres</span> <span class='ocrx_word' id='word_1_52' title='bbox 1106 805 1228 882; x_wconf 87' lang='lat' dir='ltr'>Patres,</span> <span class='ocrx_word' id='word_1_53' title='bbox 1242 805 1327 869; x_wconf 89' lang='lat' dir='ltr'>lubet</span> <span class='ocrx_word' id='word_1_54' title='bbox 1340 806 1413 868; x_wconf 90' lang='lat' dir='ltr'>mihi</span> <span class='ocrx_word' id='word_1_55' title='bbox 1429 825 1589 889; x_wconf 77' lang='lat' dir='ltr'>quaerere,</span> 
     </span>
     <span class='ocr_line' id='line_1_7' title="bbox 237 891 1589 979; baseline 0.003 -25"><span class='ocrx_word' id='word_1_56' title='bbox 237 891 386 973; x_wconf 88' lang='lat' dir='ltr'>quomodo</span> <span class='ocrx_word' id='word_1_57' title='bbox 406 912 509 955; x_wconf 92' lang='lat' dir='ltr'>rursus</span> <span class='ocrx_word' id='word_1_58' title='bbox 524 891 689 974; x_wconf 84' lang='lat' dir='ltr'>Dionysius</span> <span class='ocrx_word' id='word_1_59' title='bbox 704 893 813 956; x_wconf 86' lang='lat' dir='ltr'>Abbas</span> <span class='ocrx_word' id='word_1_60' title='bbox 836 902 869 955; x_wconf 89' lang='lat' dir='ltr'>et</span> <span class='ocrx_word' id='word_1_61' title='bbox 884 902 968 957; x_wconf 91' lang='lat' dir='ltr'>totus</span> <span class='ocrx_word' id='word_1_62' title='bbox 984 895 1060 957; x_wconf 86' lang='lat' dir='ltr'>adeo</span> <span class='ocrx_word' id='word_1_63' title='bbox 1084 893 1225 958; x_wconf 90' lang='lat' dir='ltr'>occidens</span> <span class='ocrx_word' id='word_1_64' title='bbox 1246 895 1287 957; x_wconf 86' lang='lat' dir='ltr'>ad</span> <span class='ocrx_word' id='word_1_65' title='bbox 1301 897 1379 958; x_wconf 90' lang='lat' dir='ltr'>hanc</span> <span class='ocrx_word' id='word_1_66' title='bbox 1394 915 1491 979; x_wconf 89' lang='lat' dir='ltr'>usque</span> <span class='ocrx_word' id='word_1_67' title='bbox 1508 895 1589 958; x_wconf 88' lang='lat' dir='ltr'>diem</span> 
     </span>
     <span class='ocr_line' id='line_1_8' title="bbox 240 980 1589 1059; baseline 0.002 -16"><span class='ocrx_word' id='word_1_68' title='bbox 240 981 426 1044; x_wconf 83' lang='lat' dir='ltr'>intellexerit</span> <span class='ocrx_word' id='word_1_69' title='bbox 447 980 531 1044; x_wconf 90' lang='lat' dir='ltr'>illurn</span> <span class='ocrx_word' id='word_1_70' title='bbox 553 981 726 1045; x_wconf 91' lang='lat' dir='ltr'>numerum?</span> <span class='ocrx_word' id='word_1_71' title='bbox 763 983 834 1046; x_wconf 84' lang='lat' dir='ltr'>Non</span> <span class='ocrx_word' id='word_1_72' title='bbox 856 991 939 1045; x_wconf 88' lang='lat' dir='ltr'>certe</span> <span class='ocrx_word' id='word_1_73' title='bbox 959 993 994 1046; x_wconf 93' lang='lat' dir='ltr'>ut</span> <span class='ocrx_word' id='word_1_74' title='bbox 1014 984 1126 1046; x_wconf 91' lang='lat' dir='ltr'>Patres</span> <span class='ocrx_word' id='word_1_75' title='bbox 1149 991 1284 1046; x_wconf 89' lang='lat' dir='ltr'>veteres:</span> <span class='ocrx_word' id='word_1_76' title='bbox 1314 984 1358 1046; x_wconf 93' lang='lat' dir='ltr'>illi</span> <span class='ocrx_word' id='word_1_77' title='bbox 1380 985 1473 1059; x_wconf 91' lang='lat' dir='ltr'>enim,</span> <span class='ocrx_word' id='word_1_78' title='bbox 1496 993 1533 1046; x_wconf 95' lang='lat' dir='ltr'>ut</span> <span class='ocrx_word' id='word_1_79' title='bbox 1555 993 1589 1046; x_wconf 91' lang='lat' dir='ltr'>tu</span> 
     </span>
     <span class='ocr_line' id='line_1_9' title="bbox 241 1069 1297 1154; baseline 0.004 -22"><span class='ocrx_word' id='word_1_80' title='bbox 241 1069 409 1144; x_wconf 85' lang='lat' dir='ltr'>contendis,</span> <span class='ocrx_word' id='word_1_81' title='bbox 423 1071 561 1151; x_wconf 88' lang='lat' dir='ltr'>praecise</span> <span class='ocrx_word' id='word_1_82' title='bbox 576 1071 620 1133; x_wconf 88' lang='lat'>30</span> <span class='ocrx_word' id='word_1_83' title='bbox 636 1089 732 1132; x_wconf 86' lang='lat' dir='ltr'>annos</span> <span class='ocrx_word' id='word_1_84' title='bbox 748 1081 953 1148; x_wconf 80' lang='lat' dir='ltr'>numerarunt,</span> <span class='ocrx_word' id='word_1_85' title='bbox 968 1073 1133 1154; x_wconf 89' lang='lat' dir='ltr'>Dionysius</span> <span class='ocrx_word' id='word_1_86' title='bbox 1149 1074 1230 1136; x_wconf 91' lang='lat' dir='ltr'>solos</span> <span class='ocrx_word' id='word_1_87' title='bbox 1247 1069 1297 1136; x_wconf 82' lang='lat'>27.</span> 
     </span>
    </p>

    <p class='ocr_par' dir='ltr' id='par_1_4' title="bbox 235 1158 1589 1511">
     <span class='ocr_line' id='line_1_10' title="bbox 324 1158 1589 1244; baseline 0 -22"><span class='ocrx_word' id='word_1_88' title='bbox 324 1158 426 1222; x_wconf 90' lang='lat' dir='ltr'>Lubet</span> <span class='ocrx_word' id='word_1_89' title='bbox 445 1160 577 1222; x_wconf 89' lang='lat' dir='ltr'>seeundo</span> <span class='ocrx_word' id='word_1_90' title='bbox 600 1179 744 1241; x_wconf 81' lang='lat' dir='ltr'>quaerere</span> <span class='ocrx_word' id='word_1_91' title='bbox 768 1180 806 1222; x_wconf 88' lang='lat' dir='ltr'>ex</span> <span class='ocrx_word' id='word_1_92' title='bbox 829 1169 861 1222; x_wconf 94' lang='lat' dir='ltr'>te</span> <span class='ocrx_word' id='word_1_93' title='bbox 877 1160 1008 1236; x_wconf 89' lang='lat' dir='ltr'>Calvisi,</span> <span class='ocrx_word' id='word_1_94' title='bbox 1028 1181 1088 1244; x_wconf 91' lang='lat' dir='ltr'>qua</span> <span class='ocrx_word' id='word_1_95' title='bbox 1109 1162 1141 1224; x_wconf 92' lang='lat' dir='ltr'>in</span> <span class='ocrx_word' id='word_1_96' title='bbox 1161 1171 1251 1244; x_wconf 89' lang='lat' dir='ltr'>parte</span> <span class='ocrx_word' id='word_1_97' title='bbox 1273 1171 1327 1225; x_wconf 93' lang='lat' dir='ltr'>tua</span> <span class='ocrx_word' id='word_1_98' title='bbox 1346 1163 1396 1226; x_wconf 94' lang='lat' dir='ltr'>hic</span> <span class='ocrx_word' id='word_1_99' title='bbox 1417 1162 1526 1225; x_wconf 91' lang='lat' dir='ltr'>melior</span> <span class='ocrx_word' id='word_1_100' title='bbox 1547 1162 1589 1224; x_wconf 94' lang='lat' dir='ltr'>sit</span> 
     </span>
     <span class='ocr_line' id='line_1_11' title="bbox 238 1247 1586 1334; baseline 0.002 -25"><span class='ocrx_word' id='word_1_101' title='bbox 238 1247 371 1310; x_wconf 90' lang='lat' dir='ltr'>conditio</span> <span class='ocrx_word' id='word_1_102' title='bbox 388 1267 478 1329; x_wconf 84' lang='lat' dir='ltr'>quam</span> <span class='ocrx_word' id='word_1_103' title='bbox 486 1267 569 1311; x_wconf 90' lang='lat' dir='ltr'>mea:</span> <span class='ocrx_word' id='word_1_104' title='bbox 587 1263 645 1330; x_wconf 91' lang='lat' dir='ltr'>quo</span> <span class='ocrx_word' id='word_1_105' title='bbox 655 1250 753 1312; x_wconf 88' lang='lat' dir='ltr'>minus</span> <span class='ocrx_word' id='word_1_106' title='bbox 763 1256 796 1312; x_wconf 93' lang='lat' dir='ltr'>tu</span> <span class='ocrx_word' id='word_1_107' title='bbox 807 1251 967 1314; x_wconf 89' lang='lat' dir='ltr'>eeclesiam</span> <span class='ocrx_word' id='word_1_108' title='bbox 982 1251 1142 1334; x_wconf 87' lang='lat' dir='ltr'>perturbes</span> <span class='ocrx_word' id='word_1_109' title='bbox 1153 1271 1248 1334; x_wconf 89' lang='lat' dir='ltr'>aeque</span> <span class='ocrx_word' id='word_1_110' title='bbox 1257 1259 1349 1334; x_wconf 92' lang='lat' dir='ltr'>atque</span> <span class='ocrx_word' id='word_1_111' title='bbox 1365 1251 1441 1334; x_wconf 89' lang='lat' dir='ltr'>ego?</span> <span class='ocrx_word' id='word_1_112' title='bbox 1465 1249 1586 1322; x_wconf 83' lang='lat' dir='ltr'>Quam·</span> 
     </span>
     <span class='ocr_line' id='line_1_12' title="bbox 235 1337 1587 1424; baseline 0.001 -24"><span class='ocrx_word' id='word_1_113' title='bbox 235 1338 282 1400; x_wconf 89' lang='lat' dir='ltr'>vis</span> <span class='ocrx_word' id='word_1_114' title='bbox 298 1337 376 1400; x_wconf 92' lang='lat' dir='ltr'>enim</span> <span class='ocrx_word' id='word_1_115' title='bbox 390 1338 514 1419; x_wconf 84' lang='lat' dir='ltr'>propius</span> <span class='ocrx_word' id='word_1_116' title='bbox 530 1338 660 1401; x_wconf 88' lang='lat' dir='ltr'>accedas</span> <span class='ocrx_word' id='word_1_117' title='bbox 676 1339 885 1402; x_wconf 89' lang='lat' dir='ltr'>adnumerum</span> <span class='ocrx_word' id='word_1_118' title='bbox 900 1360 1053 1416; x_wconf 90' lang='lat' dir='ltr'>annorum,</span> <span class='ocrx_word' id='word_1_119' title='bbox 1069 1359 1156 1424; x_wconf 92' lang='lat' dir='ltr'>quem</span> <span class='ocrx_word' id='word_1_120' title='bbox 1165 1341 1276 1404; x_wconf 89' lang='lat' dir='ltr'>Patres</span> <span class='ocrx_word' id='word_1_121' title='bbox 1286 1350 1358 1404; x_wconf 93' lang='lat' dir='ltr'>sunt</span> <span class='ocrx_word' id='word_1_122' title='bbox 1373 1341 1480 1414; x_wconf 91' lang='lat' dir='ltr'>secuti,</span> <span class='ocrx_word' id='word_1_123' title='bbox 1495 1359 1587 1422; x_wconf 84' lang='lat' dir='ltr'>quam</span> 
     </span>
     <span class='ocr_line' id='line_1_13' title="bbox 237 1426 1587 1511; baseline 0.002 -23"><span class='ocrx_word' id='word_1_124' title='bbox 237 1427 286 1488; x_wconf 90' lang='lat' dir='ltr'>vel</span> <span class='ocrx_word' id='word_1_125' title='bbox 296 1426 463 1508; x_wconf 87' lang='lat' dir='ltr'>Dionysius</span> <span class='ocrx_word' id='word_1_126' title='bbox 479 1445 545 1490; x_wconf 88' lang='lat' dir='ltr'>cnm</span> <span class='ocrx_word' id='word_1_127' title='bbox 561 1427 698 1492; x_wconf 89' lang='lat' dir='ltr'>ecclesiis</span> <span class='ocrx_word' id='word_1_128' title='bbox 714 1429 881 1491; x_wconf 91' lang='lat' dir='ltr'>occidentis</span> <span class='ocrx_word' id='word_1_129' title='bbox 896 1430 945 1491; x_wconf 91' lang='lat' dir='ltr'>vel</span> <span class='ocrx_word' id='word_1_130' title='bbox 961 1449 1032 1511; x_wconf 87' lang='lat' dir='ltr'>ego:</span> <span class='ocrx_word' id='word_1_131' title='bbox 1049 1430 1096 1493; x_wconf 92' lang='lat' dir='ltr'>dic</span> <span class='ocrx_word' id='word_1_132' title='bbox 1106 1438 1209 1492; x_wconf 88' lang='lat' dir='ltr'>tamen</span> <span class='ocrx_word' id='word_1_133' title='bbox 1218 1431 1267 1492; x_wconf 93' lang='lat' dir='ltr'>vel</span> <span class='ocrx_word' id='word_1_134' title='bbox 1282 1450 1372 1494; x_wconf 91' lang='lat' dir='ltr'>unum</span> <span class='ocrx_word' id='word_1_135' title='bbox 1382 1450 1421 1492; x_wconf 90' lang='lat' dir='ltr'>ex</span> <span class='ocrx_word' id='word_1_136' title='bbox 1429 1429 1587 1502; x_wconf 85' lang='lat' dir='ltr'>Patribus,</span> 
     </span>
    </p>
   </div>
   <div class='ocr_carea' id='block_1_3' title="bbox 234 1516 1709 1600">
    <p class='ocr_par' dir='ltr' id='par_1_5' title="bbox 234 1516 1709 1600">
     <span class='ocr_line' id='line_1_14' title="bbox 234 1516 1709 1600; baseline 0.001 -22"><span class='ocrx_word' id='word_1_137' title='bbox 234 1516 285 1598; x_wconf 89' lang='lat' dir='ltr'>qui</span> <span class='ocrx_word' id='word_1_138' title='bbox 299 1516 394 1579; x_wconf 87' lang='lat' dir='ltr'>verba</span> <span class='ocrx_word' id='word_1_139' title='bbox 408 1516 627 1597; x_wconf 82' lang='lat' dir='ltr'>Evangelistae</span> <span class='ocrx_word' id='word_1_140' title='bbox 644 1516 688 1579; x_wconf 90' lang='lat' dir='ltr'>sic</span> <span class='ocrx_word' id='word_1_141' title='bbox 703 1517 918 1600; x_wconf 86' lang='lat' dir='ltr'>explicaverit,</span> <span class='ocrx_word' id='word_1_142' title='bbox 940 1526 974 1582; x_wconf 93' lang='lat' dir='ltr'>ut</span> <span class='ocrx_word' id='word_1_143' title='bbox 989 1519 1079 1582; x_wconf 91' lang='lat' dir='ltr'>hodie</span> <span class='ocrx_word' id='word_1_144' title='bbox 1094 1527 1128 1582; x_wconf 90' lang='lat' dir='ltr'>tu</span> <span class='ocrx_word' id='word_1_145' title='bbox 1144 1519 1255 1582; x_wconf 91' lang='lat' dir='ltr'>etheri</span> <span class='ocrx_word' id='word_1_146' title='bbox 1272 1519 1426 1600; x_wconf 86' lang='lat' dir='ltr'>Scaliger,</span> <span class='ocrx_word' id='word_1_147' title='bbox 1449 1519 1487 1580; x_wconf 91' lang='lat' dir='ltr'>de</span> <span class='ocrx_word' id='word_1_148' title='bbox 1504 1537 1586 1580; x_wconf 92' lang='lat' dir='ltr'>anno</span> <span class='ocrx_word' id='word_1_149' title='bbox 1707 1585 1709 1592; x_wconf 60' lang='grc'><strong>,</strong></span> 
     </span>
    </p>
   </div>
   <div class='ocr_carea' id='block_1_4' title="bbox 235 1605 1588 2048">
    <p class='ocr_par' dir='ltr' id='par_1_6' title="bbox 236 1605 1481 1688">
     <span class='ocr_line' id='line_1_15' title="bbox 236 1605 1481 1688; baseline 0.001 -20"><span class='ocrx_word' id='word_1_150' title='bbox 236 1605 355 1668; x_wconf 89' lang='lat' dir='ltr'>scilicet</span> <span class='ocrx_word' id='word_1_151' title='bbox 368 1606 421 1668; x_wconf 88' lang='lat'>31.</span> <span class='ocrx_word' id='word_1_152' title='bbox 436 1605 619 1686; x_wconf 88' lang='lat' dir='ltr'>incipiente?</span> <span class='ocrx_word' id='word_1_153' title='bbox 644 1605 737 1670; x_wconf 85' lang='lat' dir='ltr'>Ratio</span> <span class='ocrx_word' id='word_1_154' title='bbox 752 1607 846 1688; x_wconf 89' lang='lat' dir='ltr'>igitur</span> <span class='ocrx_word' id='word_1_155' title='bbox 862 1616 915 1670; x_wconf 87' lang='lat' dir='ltr'>tua</span> <span class='ocrx_word' id='word_1_156' title='bbox 931 1609 968 1670; x_wconf 93' lang='lat' dir='ltr'>de</span> <span class='ocrx_word' id='word_1_157' title='bbox 983 1610 1109 1672; x_wconf 84' lang='lat' dir='ltr'>Petrum</span> <span class='ocrx_word' id='word_1_158' title='bbox 1125 1609 1309 1672; x_wconf 87' lang='lat' dir='ltr'>auctoritate</span> <span class='ocrx_word' id='word_1_159' title='bbox 1325 1608 1408 1670; x_wconf 93' lang='lat' dir='ltr'>nulla</span> <span class='ocrx_word' id='word_1_160' title='bbox 1423 1615 1481 1670; x_wconf 86' lang='lat' dir='ltr'>est</span> 
     </span>
    </p>

    <p class='ocr_par' dir='ltr' id='par_1_7' title="bbox 235 1691 1588 2048">
     <span class='ocr_line' id='line_1_16' title="bbox 324 1691 1588 1779; baseline 0.002 -23"><span class='ocrx_word' id='word_1_161' title='bbox 324 1691 414 1766; x_wconf 88' lang='lat' dir='ltr'>Quod</span> <span class='ocrx_word' id='word_1_162' title='bbox 428 1693 520 1776; x_wconf 90' lang='lat' dir='ltr'>igitur</span> <span class='ocrx_word' id='word_1_163' title='bbox 536 1695 651 1758; x_wconf 87' lang='lat' dir='ltr'>attinet</span> <span class='ocrx_word' id='word_1_164' title='bbox 664 1695 732 1778; x_wconf 91' lang='lat' dir='ltr'>ipsa</span> <span class='ocrx_word' id='word_1_165' title='bbox 746 1697 842 1760; x_wconf 90' lang='lat' dir='ltr'>verba</span> <span class='ocrx_word' id='word_1_166' title='bbox 849 1697 1019 1779; x_wconf 85' lang='lat' dir='ltr'>Evangelii</span> <span class='ocrx_word' id='word_1_167' title='bbox 1034 1698 1095 1760; x_wconf 93' lang='lat' dir='ltr'>vim</span> <span class='ocrx_word' id='word_1_168' title='bbox 1109 1697 1182 1761; x_wconf 87' lang='lat' dir='ltr'>mihi</span> <span class='ocrx_word' id='word_1_169' title='bbox 1191 1699 1267 1761; x_wconf 87' lang='lat' dir='ltr'>facis</span> <span class='ocrx_word' id='word_1_170' title='bbox 1282 1698 1488 1760; x_wconf 87' lang='lat' dir='ltr'>manifestam:</span> <span class='ocrx_word' id='word_1_171' title='bbox 1510 1697 1588 1758; x_wconf 90' lang='lat' dir='ltr'>nihil</span> 
     </span>
     <span class='ocr_line' id='line_1_17' title="bbox 237 1784 1588 1896; baseline 0.001 -50"><span class='ocrx_word' id='word_1_172' title='bbox 237 1801 293 1864; x_wconf 82' lang='lat' dir='ltr'>ego</span> <span class='ocrx_word' id='word_1_173' title='bbox 316 1789 423 1847; x_wconf 87' lang='lat' dir='ltr'>contra</span> <span class='ocrx_word' id='word_1_174' title='bbox 446 1784 541 1848; x_wconf 91' lang='lat' dir='ltr'>verba</span> <span class='ocrx_word' id='word_1_175' title='bbox 563 1804 709 1866; x_wconf 88' lang='lat' dir='ltr'>expressa</span> <span class='ocrx_word' id='word_1_176' title='bbox 730 1785 891 1867; x_wconf 83' lang='lat' dir='ltr'>Evangelii</span> <span class='ocrx_word' id='word_1_177' title='bbox 914 1785 1077 1862; x_wconf 81' lang='lat' dir='ltr'>affirmavi3</span> <span class='ocrx_word' id='word_1_178' title='bbox 1109 1807 1165 1850; x_wconf 93' lang='lat' dir='ltr'>nec</span> <span class='ocrx_word' id='word_1_179' title='bbox 1191 1787 1251 1850; x_wconf 88' lang='lat' dir='ltr'>alia</span> <span class='ocrx_word' id='word_1_180' title='bbox 1271 1807 1305 1850; x_wconf 92' lang='lat' dir='ltr'>re</span> <span class='ocrx_word' id='word_1_181' title='bbox 1325 1806 1400 1868; x_wconf 90' lang='lat' dir='ltr'>opus</span> <span class='ocrx_word' id='word_1_182' title='bbox 1422 1795 1472 1848; x_wconf 92' lang='lat' dir='ltr'>est</span> <span class='ocrx_word' id='word_1_183' title='bbox 1495 1805 1588 1896; x_wconf 83' lang='lat' dir='ltr'>quam</span> 
     </span>
     <span class='ocr_line' id='line_1_18' title="bbox 236 1871 1586 1958; baseline 0.001 -22"><span class='ocrx_word' id='word_1_184' title='bbox 236 1871 409 1936; x_wconf 84' lang='lat' dir='ltr'>collatione.</span> <span class='ocrx_word' id='word_1_185' title='bbox 455 1871 508 1936; x_wconf 82' lang='lat' dir='ltr'>Sic</span> <span class='ocrx_word' id='word_1_186' title='bbox 524 1875 603 1936; x_wconf 84' lang='lat' dir='ltr'>enim</span> <span class='ocrx_word' id='word_1_187' title='bbox 616 1874 735 1937; x_wconf 80' lang='lat' dir='ltr'>Lucas:</span> <span class='ocrx_word' id='word_1_188' title='bbox 759 1899 805 1937; x_wconf 81' lang='grc' dir='ltr'>και</span> <span class='ocrx_word' id='word_1_189' title='bbox 820 1873 912 1947; x_wconf 74' lang='grc' dir='ltr'>αὖτις</span> <span class='ocrx_word' id='word_1_190' title='bbox 930 1873 964 1954; x_wconf 73' lang='grc' dir='ltr'>ἦν</span> <span class='ocrx_word' id='word_1_191' title='bbox 980 1901 996 1938; x_wconf 94' lang='lat' dir='ltr'>o</span> <span class='ocrx_word' id='word_1_192' title='bbox 988 1871 1159 1954; x_wconf 76' lang='grc' dir='ltr'><em>Ἰησους</em></span> <span class='ocrx_word' id='word_1_193' title='bbox 1138 1898 1206 1938; x_wconf 77' lang='lat' dir='ltr'>moer</span> <span class='ocrx_word' id='word_1_194' title='bbox 1226 1875 1300 1940; x_wconf 78' lang='grc' dir='ltr'>ιἰιιι</span> <span class='ocrx_word' id='word_1_195' title='bbox 1320 1899 1478 1955; x_wconf 78' lang='grc' dir='ltr'>ιριακιιηα</span> <span class='ocrx_word' id='word_1_196' title='bbox 1495 1871 1586 1958; x_wconf 62' lang='lat' dir='ltr'>cippo</span> 
     </span>
     <span class='ocr_line' id='line_1_19' title="bbox 235 1956 1587 2048; baseline 0.004 -24"><span class='ocrx_word' id='word_1_197' title='bbox 235 1985 323 2040; x_wconf 73' lang='grc' dir='ltr'>μιιος</span> <span class='ocrx_word' id='word_1_198' title='bbox 338 1959 380 2024; x_wconf 72' lang='lat' dir='ltr'>oie</span> <span class='ocrx_word' id='word_1_199' title='bbox 395 1956 436 2033; x_wconf 70' lang='lat' dir='ltr'>oie</span> <span class='ocrx_word' id='word_1_200' title='bbox 452 1957 646 2040; x_wconf 76' lang='grc' dir='ltr'>ἐιομιζιτο</span> <span class='ocrx_word' id='word_1_201' title='bbox 615 1988 680 2034; x_wconf 80' lang='grc' dir='ltr'>νιος</span> <span class='ocrx_word' id='word_1_202' title='bbox 692 1959 805 2044; x_wconf 82' lang='grc' dir='ltr'>Ἰιισηφ.</span> <span class='ocrx_word' id='word_1_203' title='bbox 835 1965 888 2028; x_wconf 82' lang='lat' dir='ltr'>Ad</span> <span class='ocrx_word' id='word_1_204' title='bbox 903 1965 1027 2028; x_wconf 83' lang='lat' dir='ltr'>verbum</span> <span class='ocrx_word' id='word_1_205' title='bbox 1043 1966 1131 2028; x_wconf 86' lang='lat' dir='ltr'>exB.</span> <span class='ocrx_word' id='word_1_206' title='bbox 1146 1966 1239 2029; x_wconf 82' lang='lat' dir='ltr'>Aria:</span> <span class='ocrx_word' id='word_1_207' title='bbox 1269 1979 1310 2034; x_wconf 82' lang='lat' dir='ltr'>Et</span> <span class='ocrx_word' id='word_1_208' title='bbox 1334 1981 1393 2048; x_wconf 80' lang='lat' dir='ltr'>ipae</span> <span class='ocrx_word' id='word_1_209' title='bbox 1421 1987 1482 2030; x_wconf 81' lang='lat' dir='ltr'>orat</span> <span class='ocrx_word' id='word_1_210' title='bbox 1503 1976 1587 2030; x_wconf 76' lang='lat' dir='ltr'>Jeaas</span> 
     </span>
    </p>
   </div>
   <div class='ocr_carea' id='block_1_5' title="bbox 235 2056 1585 2158">
    <p class='ocr_par' dir='ltr' id='par_1_8' title="bbox 235 2056 1585 2158">
     <span class='ocr_line' id='line_1_20' title="bbox 235 2056 1585 2158; baseline -0.001 -40"><span class='ocrx_word' id='word_1_211' title='bbox 235 2065 318 2134; x_wconf 69' lang='lat' dir='ltr'>quusi</span> <span class='ocrx_word' id='word_1_212' title='bbox 337 2079 473 2118; x_wconf 72' lang='lat' dir='ltr'>umorum</span> <span class='ocrx_word' id='word_1_213' title='bbox 493 2067 606 2136; x_wconf 67' lang='lat' dir='ltr'>cipitata</span> <span class='ocrx_word' id='word_1_214' title='bbox 626 2067 768 2136; x_wconf 68' lang='lat' dir='ltr'>impleo,</span> <span class='ocrx_word' id='word_1_215' title='bbox 787 2067 916 2130; x_wconf 77' lang='grc' dir='ltr'>ιιίιιιιιι,</span> <span class='ocrx_word' id='word_1_216' title='bbox 934 2076 967 2122; x_wconf 83' lang='grc' dir='ltr'>ιιι</span> <span class='ocrx_word' id='word_1_217' title='bbox 980 2068 1141 2150; x_wconf 66' lang='lat' dir='ltr'>putubasto,</span> <span class='ocrx_word' id='word_1_218' title='bbox 1159 2066 1239 2136; x_wconf 75' lang='lat' dir='ltr'>filius</span> <span class='ocrx_word' id='word_1_219' title='bbox 1257 2065 1367 2158; x_wconf 77' lang='lat' dir='ltr'>Josopll.</span> <span class='ocrx_word' id='word_1_220' title='bbox 1413 2056 1488 2118; x_wconf 78' lang='lat' dir='ltr'>Meo</span> <span class='ocrx_word' id='word_1_221' title='bbox 1511 2073 1585 2116; x_wconf 82' lang='lat' dir='ltr'>vero</span> 
     </span>
    </p>
   </div>
   <div class='ocr_carea' id='block_1_6' title="bbox 141 2138 1584 2226">
    <p class='ocr_par' dir='ltr' id='par_1_9' title="bbox 141 2138 1584 2226">
     <span class='ocr_line' id='line_1_21' title="bbox 141 2138 1584 2226; baseline 0.003 -24"><span class='ocrx_word' id='word_1_222' title='bbox 141 2199 148 2212; x_wconf 80' lang='grc'><strong>,</strong></span> <span class='ocrx_word' id='word_1_223' title='bbox 235 2138 380 2204; x_wconf 84' lang='lat' dir='ltr'>assertio:</span> <span class='ocrx_word' id='word_1_224' title='bbox 402 2139 478 2204; x_wconf 84' lang='lat' dir='ltr'>Et</span> <span class='ocrx_word' id='word_1_225' title='bbox 463 2162 532 2223; x_wconf 79' lang='lat' dir='ltr'>epac</span> <span class='ocrx_word' id='word_1_226' title='bbox 546 2149 615 2204; x_wconf 78' lang='lat' dir='ltr'>erac</span> <span class='ocrx_word' id='word_1_227' title='bbox 629 2141 725 2204; x_wconf 71' lang='lat' dir='ltr'>Jean</span> <span class='ocrx_word' id='word_1_228' title='bbox 739 2151 886 2205; x_wconf 78' lang='lat' dir='ltr'>accurate</span> <span class='ocrx_word' id='word_1_229' title='bbox 901 2145 1032 2226; x_wconf 59' lang='lat' dir='ltr'>triginta</span> <span class='ocrx_word' id='word_1_230' title='bbox 1046 2146 1141 2206; x_wconf 78' lang='grc' dir='ltr'>ιιιίιιιι</span> <span class='ocrx_word' id='word_1_231' title='bbox 1156 2163 1317 2215; x_wconf 72' lang='lat' dir='ltr'>commus,</span> <span class='ocrx_word' id='word_1_232' title='bbox 1339 2144 1502 2225; x_wconf 81' lang='lat' dir='ltr'>incipieus,</span> <span class='ocrx_word' id='word_1_233' title='bbox 1526 2163 1584 2206; x_wconf 74' lang='grc' dir='ltr'>ει-</span> 
     </span>
    </p>
   </div>
   <div class='ocr_carea' id='block_1_7' title="bbox 143 2229 1617 4922">
    <p class='ocr_par' dir='ltr' id='par_1_10' title="bbox 143 2229 1617 3922">
     <span class='ocr_line' id='line_1_22' title="bbox 191 2229 1587 2313; baseline 0.001 -19"><span class='ocrx_word' id='word_1_234' title='bbox 191 2265 199 2272; x_wconf 89' lang='grc'><em>·</em></span> <span class='ocrx_word' id='word_1_235' title='bbox 233 2231 345 2303; x_wconf 66' lang='lat' dir='ltr'>isera,</span> <span class='ocrx_word' id='word_1_236' title='bbox 368 2231 600 2312; x_wconf 66' lang='lat' dir='ltr'>operataue,</span> <span class='ocrx_word' id='word_1_237' title='bbox 615 2231 708 2312; x_wconf 79' lang='lat' dir='ltr'>filius</span> <span class='ocrx_word' id='word_1_238' title='bbox 722 2229 851 2312; x_wconf 82' lang='lat' dir='ltr'>Ioseph.</span> <span class='ocrx_word' id='word_1_239' title='bbox 894 2235 984 2296; x_wconf 88' lang='lat' dir='ltr'>Anne</span> <span class='ocrx_word' id='word_1_240' title='bbox 1000 2233 1154 2297; x_wconf 90' lang='lat' dir='ltr'>contraria</span> <span class='ocrx_word' id='word_1_241' title='bbox 1169 2241 1253 2295; x_wconf 88' lang='lat' dir='ltr'>sunt:</span> <span class='ocrx_word' id='word_1_242' title='bbox 1277 2233 1370 2313; x_wconf 71' lang='lat' dir='ltr'>quasi</span> <span class='ocrx_word' id='word_1_243' title='bbox 1389 2229 1438 2295; x_wconf 79' lang='lat' dir='ltr'>cel</span> <span class='ocrx_word' id='word_1_244' title='bbox 1458 2233 1587 2296; x_wconf 80' lang='lat' dir='ltr'>circiter</span> 
     </span>
     <span class='ocr_line' id='line_1_23' title="bbox 232 2319 1585 2402; baseline 0 -18"><span class='ocrx_word' id='word_1_245' title='bbox 232 2320 380 2402; x_wconf 65' lang='lat' dir='ltr'>uspiam,</span> <span class='ocrx_word' id='word_1_246' title='bbox 403 2327 449 2384; x_wconf 88' lang='lat' dir='ltr'>et:</span> <span class='ocrx_word' id='word_1_247' title='bbox 480 2327 625 2384; x_wconf 70' lang='lat' dir='ltr'>accurate</span> <span class='ocrx_word' id='word_1_248' title='bbox 646 2319 777 2402; x_wconf 60' lang='lat' dir='ltr'>coffinus</span> <span class='ocrx_word' id='word_1_249' title='bbox 799 2321 916 2386; x_wconf 68' lang='lat' dir='ltr'>mum?</span> <span class='ocrx_word' id='word_1_250' title='bbox 951 2323 1041 2386; x_wconf 85' lang='lat' dir='ltr'>Anne</span> <span class='ocrx_word' id='word_1_251' title='bbox 1055 2323 1114 2385; x_wconf 90' lang='lat' dir='ltr'>boc</span> <span class='ocrx_word' id='word_1_252' title='bbox 1130 2329 1178 2384; x_wconf 91' lang='lat' dir='ltr'>est</span> <span class='ocrx_word' id='word_1_253' title='bbox 1192 2341 1303 2384; x_wconf 84' lang='lat' dir='ltr'>novam</span> <span class='ocrx_word' id='word_1_254' title='bbox 1324 2323 1510 2386; x_wconf 85' lang='lat' dir='ltr'>sententiam</span> <span class='ocrx_word' id='word_1_255' title='bbox 1525 2323 1585 2384; x_wconf 86' lang='lat' dir='ltr'>lin-</span> 
     </span>
     <span class='ocr_line' id='line_1_24' title="bbox 143 2407 1585 2494; baseline 0.002 -23"><span class='ocrx_word' id='word_1_256' title='bbox 143 2473 149 2490; x_wconf 54' lang='grc'><strong>,</strong></span> <span class='ocrx_word' id='word_1_257' title='bbox 233 2407 326 2490; x_wconf 83' lang='lat' dir='ltr'>gere?</span> <span class='ocrx_word' id='word_1_258' title='bbox 348 2408 548 2490; x_wconf 85' lang='lat' dir='ltr'>Evangelium</span> <span class='ocrx_word' id='word_1_259' title='bbox 563 2417 753 2491; x_wconf 89' lang='lat' dir='ltr'>pervertere,</span> <span class='ocrx_word' id='word_1_260' title='bbox 776 2411 802 2472; x_wconf 92' lang='lat' dir='ltr'>si</span> <span class='ocrx_word' id='word_1_261' title='bbox 811 2409 1029 2492; x_wconf 83' lang='lat' dir='ltr'>Evangelistae</span> <span class='ocrx_word' id='word_1_262' title='bbox 1051 2412 1144 2474; x_wconf 88' lang='lat' dir='ltr'>verba</span> <span class='ocrx_word' id='word_1_263' title='bbox 1160 2431 1215 2473; x_wconf 89' lang='lat' dir='ltr'>sua</span> <span class='ocrx_word' id='word_1_264' title='bbox 1229 2411 1379 2494; x_wconf 90' lang='lat' dir='ltr'>relinquo,</span> <span class='ocrx_word' id='word_1_265' title='bbox 1399 2411 1445 2476; x_wconf 91' lang='lat' dir='ltr'>uti</span> <span class='ocrx_word' id='word_1_266' title='bbox 1461 2419 1585 2486; x_wconf 83' lang='lat' dir='ltr'>sonant,</span> 
     </span>
     <span class='ocr_line' id='line_1_25' title="bbox 211 2497 1584 2584; baseline 0.003 -24"><span class='ocrx_word' id='word_1_267' title='bbox 211 2499 277 2561; x_wconf 84' lang='lat' dir='ltr'>·uti</span> <span class='ocrx_word' id='word_1_268' title='bbox 299 2497 441 2561; x_wconf 88' lang='lat' dir='ltr'>ordinata</span> <span class='ocrx_word' id='word_1_269' title='bbox 463 2507 549 2574; x_wconf 91' lang='lat' dir='ltr'>sunt,</span> <span class='ocrx_word' id='word_1_270' title='bbox 572 2498 598 2560; x_wconf 92' lang='lat' dir='ltr'>si</span> <span class='ocrx_word' id='word_1_271' title='bbox 619 2517 688 2562; x_wconf 90' lang='lat' dir='ltr'>mea</span> <span class='ocrx_word' id='word_1_272' title='bbox 703 2499 797 2562; x_wconf 90' lang='lat' dir='ltr'>verba</span> <span class='ocrx_word' id='word_1_273' title='bbox 818 2501 878 2562; x_wconf 91' lang='lat' dir='ltr'>illis</span> <span class='ocrx_word' id='word_1_274' title='bbox 895 2500 1073 2576; x_wconf 89' lang='lat' dir='ltr'>subordiuo,</span> <span class='ocrx_word' id='word_1_275' title='bbox 1095 2500 1174 2564; x_wconf 90' lang='lat' dir='ltr'>siea</span> <span class='ocrx_word' id='word_1_276' title='bbox 1195 2519 1384 2584; x_wconf 90' lang='lat' dir='ltr'>nequaquam</span> <span class='ocrx_word' id='word_1_277' title='bbox 1404 2519 1459 2582; x_wconf 90' lang='lat' dir='ltr'>pro</span> <span class='ocrx_word' id='word_1_278' title='bbox 1475 2501 1584 2564; x_wconf 85' lang='lat' dir='ltr'>Evan-</span> 
     </span>
     <span class='ocr_line' id='line_1_26' title="bbox 232 2587 1486 2672; baseline 0.002 -22"><span class='ocrx_word' id='word_1_279' title='bbox 232 2587 362 2668; x_wconf 86' lang='lat' dir='ltr'>gelistae</span> <span class='ocrx_word' id='word_1_280' title='bbox 377 2587 479 2650; x_wconf 92' lang='lat' dir='ltr'>verbis</span> <span class='ocrx_word' id='word_1_281' title='bbox 493 2589 628 2664; x_wconf 92' lang='lat' dir='ltr'>vendito,</span> <span class='ocrx_word' id='word_1_282' title='bbox 644 2589 670 2650; x_wconf 93' lang='lat' dir='ltr'>si</span> <span class='ocrx_word' id='word_1_283' title='bbox 686 2589 824 2664; x_wconf 89' lang='lat' dir='ltr'>ostendo,</span> <span class='ocrx_word' id='word_1_284' title='bbox 839 2597 967 2672; x_wconf 88' lang='lat' dir='ltr'>utraque</span> <span class='ocrx_word' id='word_1_285' title='bbox 977 2590 1069 2671; x_wconf 86' lang='lat' dir='ltr'>juxta</span> <span class='ocrx_word' id='word_1_286' title='bbox 1085 2609 1117 2652; x_wconf 93' lang='lat' dir='ltr'>se</span> <span class='ocrx_word' id='word_1_287' title='bbox 1132 2589 1259 2670; x_wconf 80' lang='lat' dir='ltr'>invicem</span> <span class='ocrx_word' id='word_1_288' title='bbox 1275 2597 1358 2652; x_wconf 87' lang='lat' dir='ltr'>stare</span> <span class='ocrx_word' id='word_1_289' title='bbox 1373 2591 1486 2672; x_wconf 81' lang='lat' dir='ltr'>posse?</span> 
     </span>
     <span class='ocr_line' id='line_1_27' title="bbox 319 2676 1584 2762; baseline 0.003 -22"><span class='ocrx_word' id='word_1_290' title='bbox 319 2676 466 2760; x_wconf 86' lang='lat' dir='ltr'>Equidem</span> <span class='ocrx_word' id='word_1_291' title='bbox 482 2679 596 2752; x_wconf 85' lang='lat' dir='ltr'>fateor,</span> <span class='ocrx_word' id='word_1_292' title='bbox 618 2697 678 2740; x_wconf 93' lang='lat' dir='ltr'>non</span> <span class='ocrx_word' id='word_1_293' title='bbox 698 2696 867 2759; x_wconf 88' lang='lat' dir='ltr'>repugnare</span> <span class='ocrx_word' id='word_1_294' title='bbox 890 2677 946 2742; x_wconf 92' lang='lat' dir='ltr'>tibi</span> <span class='ocrx_word' id='word_1_295' title='bbox 965 2679 1211 2759; x_wconf 88' lang='lat' dir='ltr'>Evangelistam,</span> <span class='ocrx_word' id='word_1_296' title='bbox 1232 2679 1281 2762; x_wconf 91' lang='lat' dir='ltr'>qui</span> <span class='ocrx_word' id='word_1_297' title='bbox 1302 2699 1398 2742; x_wconf 91' lang='lat' dir='ltr'>annos</span> <span class='ocrx_word' id='word_1_298' title='bbox 1413 2687 1527 2744; x_wconf 85' lang='lat' dir='ltr'>exacte</span> <span class='ocrx_word' id='word_1_299' title='bbox 1540 2681 1584 2744; x_wconf 88' lang='grc'>30</span> 
     </span>
     <span class='ocr_line' id='line_1_28' title="bbox 233 2765 1617 2851; baseline -0.001 -19"><span class='ocrx_word' id='word_1_300' title='bbox 233 2765 357 2832; x_wconf 82' lang='grc' dir='ltr'>01ιιίιιο</span> <span class='ocrx_word' id='word_1_301' title='bbox 378 2765 535 2848; x_wconf 91' lang='lat' dir='ltr'>baptisato</span> <span class='ocrx_word' id='word_1_302' title='bbox 559 2765 680 2830; x_wconf 85' lang='lat' dir='ltr'>tribuis:</span> <span class='ocrx_word' id='word_1_303' title='bbox 706 2767 865 2832; x_wconf 86' lang='lat' dir='ltr'>dummodo</span> <span class='ocrx_word' id='word_1_304' title='bbox 887 2768 1020 2830; x_wconf 90' lang='lat' dir='ltr'>vicissim</span> <span class='ocrx_word' id='word_1_305' title='bbox 1043 2769 1176 2842; x_wconf 87' lang='lat' dir='ltr'>fateare,</span> <span class='ocrx_word' id='word_1_306' title='bbox 1198 2786 1293 2850; x_wconf 91' lang='lat' dir='ltr'>neque</span> <span class='ocrx_word' id='word_1_307' title='bbox 1316 2767 1389 2832; x_wconf 90' lang='lat' dir='ltr'>mihi</span> <span class='ocrx_word' id='word_1_308' title='bbox 1410 2789 1583 2851; x_wconf 86' lang='lat' dir='ltr'>repugnare</span> <span class='ocrx_word' id='word_1_309' title='bbox 1612 2835 1617 2844; x_wconf 62' lang='grc'><strong>,</strong></span> 
     </span>
     <span class='ocr_line' id='line_1_29' title="bbox 232 2855 1584 2940; baseline 0.002 -22"><span class='ocrx_word' id='word_1_310' title='bbox 232 2855 355 2931; x_wconf 89' lang='lat' dir='ltr'>Lucam,</span> <span class='ocrx_word' id='word_1_311' title='bbox 371 2855 421 2937; x_wconf 90' lang='lat' dir='ltr'>qui</span> <span class='ocrx_word' id='word_1_312' title='bbox 437 2876 533 2918; x_wconf 90' lang='lat' dir='ltr'>annos</span> <span class='ocrx_word' id='word_1_313' title='bbox 550 2855 674 2922; x_wconf 90' lang='lat' dir='ltr'>Christo</span> <span class='ocrx_word' id='word_1_314' title='bbox 690 2856 790 2918; x_wconf 91' lang='lat' dir='ltr'>tribuo</span> <span class='ocrx_word' id='word_1_315' title='bbox 806 2864 916 2919; x_wconf 89' lang='lat' dir='ltr'>exacte</span> <span class='ocrx_word' id='word_1_316' title='bbox 932 2858 983 2924; x_wconf 83' lang='lat'>33.</span> <span class='ocrx_word' id='word_1_317' title='bbox 1015 2859 1084 2920; x_wconf 86' lang='lat' dir='ltr'>Non</span> <span class='ocrx_word' id='word_1_318' title='bbox 1101 2858 1179 2919; x_wconf 92' lang='lat' dir='ltr'>enim</span> <span class='ocrx_word' id='word_1_319' title='bbox 1195 2858 1253 2920; x_wconf 91' lang='lat' dir='ltr'>hoc</span> <span class='ocrx_word' id='word_1_320' title='bbox 1268 2857 1400 2938; x_wconf 89' lang='lat' dir='ltr'>agimus,</span> <span class='ocrx_word' id='word_1_321' title='bbox 1421 2867 1457 2920; x_wconf 90' lang='lat' dir='ltr'>ut</span> <span class='ocrx_word' id='word_1_322' title='bbox 1471 2859 1584 2940; x_wconf 90' lang='lat' dir='ltr'>probet</span> 
     </span>
     <span class='ocr_line' id='line_1_30' title="bbox 233 2944 1584 3030; baseline 0.002 -23"><span class='ocrx_word' id='word_1_323' title='bbox 233 2945 382 3008; x_wconf 87' lang='lat' dir='ltr'>alteruter</span> <span class='ocrx_word' id='word_1_324' title='bbox 398 2944 582 3008; x_wconf 89' lang='lat' dir='ltr'>sententiam</span> <span class='ocrx_word' id='word_1_325' title='bbox 601 2964 688 3008; x_wconf 87' lang='lat' dir='ltr'>suam</span> <span class='ocrx_word' id='word_1_326' title='bbox 709 2964 747 3006; x_wconf 88' lang='lat' dir='ltr'>ex</span> <span class='ocrx_word' id='word_1_327' title='bbox 761 2945 798 3007; x_wconf 88' lang='lat' dir='ltr'>B.</span> <span class='ocrx_word' id='word_1_328' title='bbox 813 2944 911 3008; x_wconf 90' lang='lat' dir='ltr'>Luca:</span> <span class='ocrx_word' id='word_1_329' title='bbox 936 2947 990 3008; x_wconf 89' lang='lat' dir='ltr'>sed</span> <span class='ocrx_word' id='word_1_330' title='bbox 1007 2946 1133 3022; x_wconf 85' lang='lat' dir='ltr'>suflicit,</span> <span class='ocrx_word' id='word_1_331' title='bbox 1155 2955 1189 3010; x_wconf 90' lang='lat' dir='ltr'>ut</span> <span class='ocrx_word' id='word_1_332' title='bbox 1204 2945 1365 3028; x_wconf 90' lang='lat' dir='ltr'>probemus</span> <span class='ocrx_word' id='word_1_333' title='bbox 1380 2955 1519 3030; x_wconf 89' lang='lat' dir='ltr'>uterque,</span> <span class='ocrx_word' id='word_1_334' title='bbox 1540 2949 1584 3010; x_wconf 90' lang='lat' dir='ltr'>sic</span> 
     </span>
     <span class='ocr_line' id='line_1_31' title="bbox 233 3033 1583 3117; baseline 0.003 -21"><span class='ocrx_word' id='word_1_335' title='bbox 233 3053 289 3098; x_wconf 88' lang='lat' dir='ltr'>nos</span> <span class='ocrx_word' id='word_1_336' title='bbox 305 3033 444 3097; x_wconf 83' lang='lat' dir='ltr'>ordinare</span> <span class='ocrx_word' id='word_1_337' title='bbox 466 3034 601 3098; x_wconf 90' lang='lat' dir='ltr'>rationes</span> <span class='ocrx_word' id='word_1_338' title='bbox 617 3033 819 3115; x_wconf 85' lang='lat' dir='ltr'>temporarias</span> <span class='ocrx_word' id='word_1_339' title='bbox 841 3054 881 3096; x_wconf 89' lang='lat' dir='ltr'>ex</span> <span class='ocrx_word' id='word_1_340' title='bbox 901 3035 1055 3100; x_wconf 87' lang='lat' dir='ltr'>historicis</span> <span class='ocrx_word' id='word_1_341' title='bbox 1076 3035 1207 3117; x_wconf 87' lang='lat' dir='ltr'>petitas,</span> <span class='ocrx_word' id='word_1_342' title='bbox 1228 3041 1263 3096; x_wconf 88' lang='lat' dir='ltr'>ut</span> <span class='ocrx_word' id='word_1_343' title='bbox 1277 3033 1351 3098; x_wconf 91' lang='lat' dir='ltr'>nihil</span> <span class='ocrx_word' id='word_1_344' title='bbox 1371 3036 1459 3100; x_wconf 91' lang='lat' dir='ltr'>nobis</span> <span class='ocrx_word' id='word_1_345' title='bbox 1483 3045 1583 3112; x_wconf 82' lang='grc' dir='ltr'>ιιιιι,</span> 
     </span>
     <span class='ocr_line' id='line_1_32' title="bbox 233 3121 1584 3208; baseline 0.001 -22"><span class='ocrx_word' id='word_1_346' title='bbox 233 3122 314 3205; x_wconf 92' lang='lat' dir='ltr'>quod</span> <span class='ocrx_word' id='word_1_347' title='bbox 328 3122 370 3186; x_wconf 89' lang='lat' dir='ltr'>sit</span> <span class='ocrx_word' id='word_1_348' title='bbox 385 3123 537 3204; x_wconf 86' lang='lat' dir='ltr'>expressis</span> <span class='ocrx_word' id='word_1_349' title='bbox 559 3123 660 3187; x_wconf 90' lang='lat' dir='ltr'>verbis</span> <span class='ocrx_word' id='word_1_350' title='bbox 675 3122 778 3186; x_wconf 89' lang='lat' dir='ltr'>Lucae</span> <span class='ocrx_word' id='word_1_351' title='bbox 798 3124 990 3186; x_wconf 79' lang='lat' dir='ltr'>eontrarium</span> <span class='ocrx_word' id='word_1_352' title='bbox 1036 3121 1125 3196; x_wconf 86' lang='lat' dir='ltr'>Quod</span> <span class='ocrx_word' id='word_1_353' title='bbox 1147 3133 1250 3186; x_wconf 89' lang='lat' dir='ltr'>autem</span> <span class='ocrx_word' id='word_1_354' title='bbox 1264 3124 1338 3188; x_wconf 89' lang='lat' dir='ltr'>mihi</span> <span class='ocrx_word' id='word_1_355' title='bbox 1356 3145 1416 3188; x_wconf 90' lang='lat' dir='ltr'>non</span> <span class='ocrx_word' id='word_1_356' title='bbox 1431 3134 1584 3208; x_wconf 85' lang='lat' dir='ltr'>repugnet</span> 
     </span>
     <span class='ocr_line' id='line_1_33' title="bbox 233 3211 1583 3316; baseline 0.003 -42"><span class='ocrx_word' id='word_1_357' title='bbox 233 3229 381 3316; x_wconf 85' lang='lat' dir='ltr'>expressa</span> <span class='ocrx_word' id='word_1_358' title='bbox 395 3211 614 3294; x_wconf 83' lang='lat' dir='ltr'>Evangelistae</span> <span class='ocrx_word' id='word_1_359' title='bbox 629 3213 728 3288; x_wconf 79' lang='lat' dir='ltr'>litera,</span> <span class='ocrx_word' id='word_1_360' title='bbox 752 3213 805 3274; x_wconf 91' lang='lat' dir='ltr'>sed</span> <span class='ocrx_word' id='word_1_361' title='bbox 828 3213 907 3294; x_wconf 93' lang='lat' dir='ltr'>quod</span> <span class='ocrx_word' id='word_1_362' title='bbox 929 3213 1083 3276; x_wconf 85' lang='lat' dir='ltr'>indefinite</span> <span class='ocrx_word' id='word_1_363' title='bbox 1107 3213 1147 3276; x_wconf 89' lang='lat' dir='ltr'>sit</span> <span class='ocrx_word' id='word_1_364' title='bbox 1163 3212 1339 3295; x_wconf 84' lang='lat' dir='ltr'>accipienda</span> <span class='ocrx_word' id='word_1_365' title='bbox 1355 3214 1392 3276; x_wconf 92' lang='lat' dir='ltr'>de</span> <span class='ocrx_word' id='word_1_366' title='bbox 1409 3216 1499 3278; x_wconf 90' lang='lat' dir='ltr'>annis</span> <span class='ocrx_word' id='word_1_367' title='bbox 1515 3217 1583 3298; x_wconf 89' lang='lat' dir='ltr'>plus</span> 
     </span>
     <span class='ocr_line' id='line_1_34' title="bbox 233 3299 964 3405; baseline -0.003 -39"><span class='ocrx_word' id='word_1_368' title='bbox 233 3301 331 3366; x_wconf 88' lang='lat' dir='ltr'>minus</span> <span class='ocrx_word' id='word_1_369' title='bbox 346 3301 399 3376; x_wconf 89' lang='grc'>30,</span> <span class='ocrx_word' id='word_1_370' title='bbox 413 3301 445 3364; x_wconf 88' lang='lat' dir='ltr'>id</span> <span class='ocrx_word' id='word_1_371' title='bbox 460 3322 532 3366; x_wconf 92' lang='lat' dir='ltr'>vero</span> <span class='ocrx_word' id='word_1_372' title='bbox 547 3302 674 3405; x_wconf 82' lang='lat' dir='ltr'>probavi</span> <span class='ocrx_word' id='word_1_373' title='bbox 688 3299 857 3366; x_wconf 88' lang='lat' dir='ltr'>rationibus</span> <span class='ocrx_word' id='word_1_374' title='bbox 872 3302 964 3365; x_wconf 88' lang='lat' dir='ltr'>hisce.</span> 
     </span>
     <span class='ocr_line' id='line_1_35' title="bbox 320 3357 1582 3476; baseline 0.002 -21"><span class='ocrx_word' id='word_1_375' title='bbox 320 3391 422 3455; x_wconf 90' lang='lat' dir='ltr'>Prrmo</span> <span class='ocrx_word' id='word_1_376' title='bbox 436 3391 473 3456; x_wconf 95' lang='lat' dir='ltr'><strong>B</strong></span> <span class='ocrx_word' id='word_1_377' title='bbox 487 3390 612 3454; x_wconf 88' lang='lat' dir='ltr'>Lucas</span> <span class='ocrx_word' id='word_1_378' title='bbox 603 3411 635 3454; x_wconf 90' lang='lat' dir='ltr'>m</span> <span class='ocrx_word' id='word_1_379' title='bbox 649 3391 779 3455; x_wconf 88' lang='lat' dir='ltr'>historia</span> <span class='ocrx_word' id='word_1_380' title='bbox 794 3390 967 3455; x_wconf 88' lang='lat' dir='ltr'>nativitatis</span> <span class='ocrx_word' id='word_1_381' title='bbox 978 3389 1094 3455; x_wconf 85' lang='lat' dir='ltr'>Christi</span> <span class='ocrx_word' id='word_1_382' title='bbox 1110 3389 1211 3454; x_wconf 87' lang='lat' dir='ltr'>omisit</span> <span class='ocrx_word' id='word_1_383' title='bbox 1227 3397 1342 3454; x_wconf 91' lang='lat' dir='ltr'>certum</span> <span class='ocrx_word' id='word_1_384' title='bbox 1357 3411 1469 3456; x_wconf 78' lang='lat' dir='ltr'>amum</span> <span class='ocrx_word' id='word_1_385' title='bbox 1483 3357 1582 3476; x_wconf 86' lang='lat' dir='ltr'>impe-</span> 
     </span>
     <span class='ocr_line' id='line_1_36' title="bbox 233 3479 1583 3562; baseline 0.001 -18"><span class='ocrx_word' id='word_1_386' title='bbox 233 3481 271 3544; x_wconf 87' lang='lat' dir='ltr'>rir</span> <span class='ocrx_word' id='word_1_387' title='bbox 262 3480 416 3544; x_wconf 89' lang='lat' dir='ltr'>Herodis</span> <span class='ocrx_word' id='word_1_388' title='bbox 433 3489 465 3542; x_wconf 89' lang='lat' dir='ltr'>et</span> <span class='ocrx_word' id='word_1_389' title='bbox 479 3481 626 3562; x_wconf 85' lang='lat' dir='ltr'>Augusti:</span> <span class='ocrx_word' id='word_1_390' title='bbox 650 3481 680 3544; x_wconf 92' lang='lat' dir='ltr'>in</span> <span class='ocrx_word' id='word_1_391' title='bbox 703 3479 832 3544; x_wconf 89' lang='lat' dir='ltr'>historia</span> <span class='ocrx_word' id='word_1_392' title='bbox 846 3500 918 3544; x_wconf 89' lang='lat' dir='ltr'>vero</span> <span class='ocrx_word' id='word_1_393' title='bbox 934 3479 1079 3562; x_wconf 89' lang='lat' dir='ltr'>baptismi</span> <span class='ocrx_word' id='word_1_394' title='bbox 1101 3480 1187 3542; x_wconf 83' lang='lat' dir='ltr'>addit</span> <span class='ocrx_word' id='word_1_395' title='bbox 1202 3489 1317 3543; x_wconf 91' lang='lat' dir='ltr'>certum</span> <span class='ocrx_word' id='word_1_396' title='bbox 1333 3501 1444 3544; x_wconf 91' lang='lat' dir='ltr'>annum</span> <span class='ocrx_word' id='word_1_397' title='bbox 1459 3483 1583 3560; x_wconf 85' lang='lat' dir='ltr'>Tiberii,</span> 
     </span>
     <span class='ocr_line' id='line_1_37' title="bbox 234 3569 1583 3651; baseline 0.001 -17"><span class='ocrx_word' id='word_1_398' title='bbox 234 3589 275 3634; x_wconf 88' lang='lat' dir='ltr'>sc.</span> <span class='ocrx_word' id='word_1_399' title='bbox 294 3570 351 3647; x_wconf 80' lang='lat' dir='ltr'>lb,</span> <span class='ocrx_word' id='word_1_400' title='bbox 373 3590 434 3634; x_wconf 90' lang='lat' dir='ltr'>non</span> <span class='ocrx_word' id='word_1_401' title='bbox 449 3569 684 3651; x_wconf 88' lang='lat' dir='ltr'>circumscripsit</span> <span class='ocrx_word' id='word_1_402' title='bbox 705 3569 798 3651; x_wconf 90' lang='lat' dir='ltr'>igitur</span> <span class='ocrx_word' id='word_1_403' title='bbox 813 3578 949 3633; x_wconf 84' lang='lat' dir='ltr'>aetatem</span> <span class='ocrx_word' id='word_1_404' title='bbox 964 3569 1080 3636; x_wconf 90' lang='lat' dir='ltr'>Christi</span> <span class='ocrx_word' id='word_1_405' title='bbox 1102 3575 1227 3650; x_wconf 91' lang='lat' dir='ltr'>utroque</span> <span class='ocrx_word' id='word_1_406' title='bbox 1250 3571 1378 3634; x_wconf 90' lang='lat' dir='ltr'>termino</span> <span class='ocrx_word' id='word_1_407' title='bbox 1398 3571 1583 3650; x_wconf 89' lang='lat' dir='ltr'>indubitato,</span> 
     </span>
     <span class='ocr_line' id='line_1_38' title="bbox 234 3658 1582 3746; baseline 0.001 -23"><span class='ocrx_word' id='word_1_408' title='bbox 234 3659 289 3724; x_wconf 89' lang='lat' dir='ltr'>sed</span> <span class='ocrx_word' id='word_1_409' title='bbox 309 3659 440 3741; x_wconf 88' lang='lat' dir='ltr'>priorem</span> <span class='ocrx_word' id='word_1_410' title='bbox 467 3659 589 3742; x_wconf 90' lang='lat' dir='ltr'>reliquit</span> <span class='ocrx_word' id='word_1_411' title='bbox 612 3658 643 3721; x_wconf 93' lang='lat' dir='ltr'>in</span> <span class='ocrx_word' id='word_1_412' title='bbox 669 3659 814 3723; x_wconf 88' lang='lat' dir='ltr'>nonnulla</span> <span class='ocrx_word' id='word_1_413' title='bbox 835 3659 1029 3741; x_wconf 90' lang='lat' dir='ltr'>pauculorum</span> <span class='ocrx_word' id='word_1_414' title='bbox 1060 3679 1204 3722; x_wconf 88' lang='lat' dir='ltr'>annomm</span> <span class='ocrx_word' id='word_1_415' title='bbox 1228 3658 1454 3724; x_wconf 90' lang='lat' dir='ltr'>incertitudine:</span> <span class='ocrx_word' id='word_1_416' title='bbox 1489 3681 1582 3746; x_wconf 89' lang='lat' dir='ltr'>quare</span> 
     </span>
     <span class='ocr_line' id='line_1_39' title="bbox 231 3747 1581 3831; baseline 0.004 -22"><span class='ocrx_word' id='word_1_417' title='bbox 231 3747 393 3812; x_wconf 89' lang='lat' dir='ltr'>verisimile</span> <span class='ocrx_word' id='word_1_418' title='bbox 409 3756 472 3824; x_wconf 88' lang='lat' dir='ltr'>est,</span> <span class='ocrx_word' id='word_1_419' title='bbox 495 3748 640 3813; x_wconf 84' lang='lat' dir='ltr'>articulos</span> <span class='ocrx_word' id='word_1_420' title='bbox 663 3755 832 3831; x_wconf 91' lang='lat' dir='ltr'>temporum</span> <span class='ocrx_word' id='word_1_421' title='bbox 853 3749 903 3812; x_wconf 91' lang='lat' dir='ltr'>vel</span> <span class='ocrx_word' id='word_1_422' title='bbox 918 3769 978 3812; x_wconf 91' lang='lat' dir='ltr'>non</span> <span class='ocrx_word' id='word_1_423' title='bbox 1000 3747 1094 3812; x_wconf 84' lang='lat' dir='ltr'>fnisse</span> <span class='ocrx_word' id='word_1_424' title='bbox 1109 3747 1259 3812; x_wconf 90' lang='lat' dir='ltr'>indicatos</span> <span class='ocrx_word' id='word_1_425' title='bbox 1282 3770 1301 3811; x_wconf 83' lang='lat' dir='ltr'>a</span> <span class='ocrx_word' id='word_1_426' title='bbox 1314 3750 1351 3812; x_wconf 94' lang='grc' dir='ltr'>Β.</span> <span class='ocrx_word' id='word_1_427' title='bbox 1365 3751 1467 3814; x_wconf 85' lang='lat' dir='ltr'>Maria</span> <span class='ocrx_word' id='word_1_428' title='bbox 1482 3759 1581 3816; x_wconf 87' lang='lat' dir='ltr'>matre</span> 
     </span>
     <span class='ocr_line' id='line_1_40' title="bbox 215 3837 1581 3922; baseline 0 -18"><span class='ocrx_word' id='word_1_429' title='bbox 215 3863 217 3868; x_wconf 93' lang='lat'>·</span> <span class='ocrx_word' id='word_1_430' title='bbox 233 3837 357 3914; x_wconf 85' lang='lat' dir='ltr'>Christi,</span> <span class='ocrx_word' id='word_1_431' title='bbox 371 3837 422 3900; x_wconf 89' lang='lat' dir='ltr'>vel</span> <span class='ocrx_word' id='word_1_432' title='bbox 437 3837 579 3920; x_wconf 90' lang='lat' dir='ltr'>scriptori</span> <span class='ocrx_word' id='word_1_433' title='bbox 594 3857 684 3901; x_wconf 84' lang='lat' dir='ltr'>curae</span> <span class='ocrx_word' id='word_1_434' title='bbox 700 3839 872 3902; x_wconf 83' lang='lat' dir='ltr'>noniuisse.</span> <span class='ocrx_word' id='word_1_435' title='bbox 897 3837 974 3903; x_wconf 90' lang='lat' dir='ltr'>Cum</span> <span class='ocrx_word' id='word_1_436' title='bbox 989 3856 1062 3919; x_wconf 88' lang='lat' dir='ltr'>ergo</span> <span class='ocrx_word' id='word_1_437' title='bbox 1079 3837 1201 3913; x_wconf 86' lang='lat' dir='ltr'>scribat,</span> <span class='ocrx_word' id='word_1_438' title='bbox 1217 3837 1373 3905; x_wconf 86' lang='lat' dir='ltr'>Christum</span> <span class='ocrx_word' id='word_1_439' title='bbox 1387 3839 1581 3922; x_wconf 89' lang='lat' dir='ltr'>inbaptismc</span> 
     </span>
    </p>

    <p class='ocr_par' dir='ltr' id='par_1_11' title="bbox 178 3926 1583 4368">
     <span class='ocr_line' id='line_1_41' title="bbox 233 3926 1581 4010; baseline 0.001 -20"><span class='ocrx_word' id='word_1_440' title='bbox 233 3927 327 3992; x_wconf 82' lang='lat' dir='ltr'>inisse</span> <span class='ocrx_word' id='word_1_441' title='bbox 342 3926 432 4010; x_wconf 86' lang='lat' dir='ltr'>quasi</span> <span class='ocrx_word' id='word_1_442' title='bbox 444 3926 489 3990; x_wconf 84' lang='lat'>30</span> <span class='ocrx_word' id='word_1_443' title='bbox 498 3947 652 4002; x_wconf 87' lang='lat' dir='ltr'>annorum,</span> <span class='ocrx_word' id='word_1_444' title='bbox 670 3927 789 3992; x_wconf 86' lang='lat' dir='ltr'>omnino</span> <span class='ocrx_word' id='word_1_445' title='bbox 806 3927 947 3991; x_wconf 88' lang='lat' dir='ltr'>credibile</span> <span class='ocrx_word' id='word_1_446' title='bbox 963 3935 1020 4002; x_wconf 86' lang='lat' dir='ltr'>est,</span> <span class='ocrx_word' id='word_1_447' title='bbox 1036 3945 1141 3990; x_wconf 87' lang='lat' dir='ltr'>vocem</span> <span class='ocrx_word' id='word_1_448' title='bbox 1156 3929 1248 4010; x_wconf 80' lang='lat' dir='ltr'>quasi</span> <span class='ocrx_word' id='word_1_449' title='bbox 1263 3927 1444 3992; x_wconf 84' lang='lat' dir='ltr'>tantundem</span> <span class='ocrx_word' id='word_1_450' title='bbox 1459 3951 1530 3994; x_wconf 90' lang='lat' dir='ltr'>esse</span> <span class='ocrx_word' id='word_1_451' title='bbox 1546 3949 1581 3994; x_wconf 89' lang='lat' dir='ltr'>ac</span> 
     </span>
     <span class='ocr_line' id='line_1_42' title="bbox 178 4014 1581 4100; baseline 0.003 -20"><span class='ocrx_word' id='word_1_452' title='bbox 178 4027 180 4040; x_wconf 91' lang='lat'>&#39;</span> <span class='ocrx_word' id='word_1_453' title='bbox 230 4014 305 4100; x_wconf 81' lang='lat' dir='ltr'>pluo</span> <span class='ocrx_word' id='word_1_454' title='bbox 317 4018 439 4089; x_wconf 70' lang='grc' dir='ltr'>ιιιίιιιιιι</span> <span class='ocrx_word' id='word_1_455' title='bbox 461 4017 507 4080; x_wconf 85' lang='lat' dir='ltr'>ita</span> <span class='ocrx_word' id='word_1_456' title='bbox 522 4024 556 4080; x_wconf 91' lang='lat' dir='ltr'>ut</span> <span class='ocrx_word' id='word_1_457' title='bbox 571 4019 647 4080; x_wconf 88' lang='lat' dir='ltr'>haec</span> <span class='ocrx_word' id='word_1_458' title='bbox 663 4025 751 4080; x_wconf 88' lang='lat' dir='ltr'>aetas</span> <span class='ocrx_word' id='word_1_459' title='bbox 767 4017 861 4081; x_wconf 90' lang='lat' dir='ltr'>salvis</span> <span class='ocrx_word' id='word_1_460' title='bbox 876 4017 1096 4100; x_wconf 81' lang='lat' dir='ltr'>Evangelistae</span> <span class='ocrx_word' id='word_1_461' title='bbox 1112 4016 1266 4098; x_wconf 88' lang='lat' dir='ltr'>expressis</span> <span class='ocrx_word' id='word_1_462' title='bbox 1281 4017 1381 4082; x_wconf 90' lang='lat' dir='ltr'>verbis</span> <span class='ocrx_word' id='word_1_463' title='bbox 1396 4019 1448 4082; x_wconf 96' lang='lat' dir='ltr'>vel</span> <span class='ocrx_word' id='word_1_464' title='bbox 1462 4015 1508 4084; x_wconf 80' lang='grc'>27</span> <span class='ocrx_word' id='word_1_465' title='bbox 1525 4041 1581 4084; x_wconf 91' lang='lat' dir='ltr'>an-</span> 
     </span>
     <span class='ocr_line' id='line_1_43' title="bbox 232 4105 1583 4192; baseline 0.001 -22"><span class='ocrx_word' id='word_1_466' title='bbox 232 4125 337 4171; x_wconf 89' lang='lat' dir='ltr'>nomm</span> <span class='ocrx_word' id='word_1_467' title='bbox 351 4105 489 4187; x_wconf 85' lang='lat' dir='ltr'>praecise</span> <span class='ocrx_word' id='word_1_468' title='bbox 505 4126 573 4170; x_wconf 88' lang='lat' dir='ltr'>esse</span> <span class='ocrx_word' id='word_1_469' title='bbox 588 4107 702 4188; x_wconf 89' lang='lat' dir='ltr'>possit,</span> <span class='ocrx_word' id='word_1_470' title='bbox 724 4113 759 4170; x_wconf 92' lang='grc' dir='ltr'>ιι</span> <span class='ocrx_word' id='word_1_471' title='bbox 780 4106 898 4170; x_wconf 89' lang='lat' dir='ltr'>auctori</span> <span class='ocrx_word' id='word_1_472' title='bbox 913 4115 1037 4171; x_wconf 88' lang='lat' dir='ltr'>nostrae</span> <span class='ocrx_word' id='word_1_473' title='bbox 1053 4125 1144 4170; x_wconf 90' lang='lat' dir='ltr'>aerae</span> <span class='ocrx_word' id='word_1_474' title='bbox 1159 4106 1322 4170; x_wconf 91' lang='lat' dir='ltr'>hodiernae</span> <span class='ocrx_word' id='word_1_475' title='bbox 1337 4107 1468 4188; x_wconf 86' lang='lat' dir='ltr'>placuit,</span> <span class='ocrx_word' id='word_1_476' title='bbox 1492 4129 1583 4192; x_wconf 85' lang='lat' dir='ltr'>quarn</span> 
     </span>
     <span class='ocr_line' id='line_1_44' title="bbox 231 4195 1583 4276; baseline 0.001 -16"><span class='ocrx_word' id='word_1_477' title='bbox 231 4197 380 4261; x_wconf 86' lang='lat' dir='ltr'>hactenus</span> <span class='ocrx_word' id='word_1_478' title='bbox 402 4203 472 4259; x_wconf 90' lang='lat' dir='ltr'>tota</span> <span class='ocrx_word' id='word_1_479' title='bbox 494 4195 660 4259; x_wconf 86' lang='lat' dir='ltr'>occidentis</span> <span class='ocrx_word' id='word_1_480' title='bbox 683 4195 813 4260; x_wconf 87' lang='lat' dir='ltr'>ecclesia</span> <span class='ocrx_word' id='word_1_481' title='bbox 837 4203 943 4260; x_wconf 88' lang='lat' dir='ltr'>secuta</span> <span class='ocrx_word' id='word_1_482' title='bbox 968 4205 1032 4272; x_wconf 89' lang='lat' dir='ltr'>est,</span> <span class='ocrx_word' id='word_1_483' title='bbox 1061 4195 1110 4258; x_wconf 92' lang='lat' dir='ltr'>vel</span> <span class='ocrx_word' id='word_1_484' title='bbox 1132 4195 1268 4276; x_wconf 92' lang='lat' dir='ltr'>praecise</span> <span class='ocrx_word' id='word_1_485' title='bbox 1292 4197 1351 4272; x_wconf 90' lang='grc'>30,</span> <span class='ocrx_word' id='word_1_486' title='bbox 1376 4205 1410 4260; x_wconf 87' lang='grc' dir='ltr'>ιι</span> <span class='ocrx_word' id='word_1_487' title='bbox 1435 4195 1583 4276; x_wconf 89' lang='lat' dir='ltr'>Calvisio,</span> 
     </span>
     <span class='ocr_line' id='line_1_45' title="bbox 232 4283 1465 4368; baseline 0.002 -21"><span class='ocrx_word' id='word_1_488' title='bbox 232 4286 281 4351; x_wconf 90' lang='lat' dir='ltr'>vel</span> <span class='ocrx_word' id='word_1_489' title='bbox 295 4285 432 4368; x_wconf 85' lang='lat' dir='ltr'>praecise</span> <span class='ocrx_word' id='word_1_490' title='bbox 447 4284 500 4360; x_wconf 87' lang='grc'>32,</span> <span class='ocrx_word' id='word_1_491' title='bbox 515 4293 550 4348; x_wconf 90' lang='lat' dir='ltr'>ut</span> <span class='ocrx_word' id='word_1_492' title='bbox 565 4283 716 4368; x_wconf 82' lang='lat' dir='ltr'>Suslygae</span> <span class='ocrx_word' id='word_1_493' title='bbox 732 4294 765 4349; x_wconf 89' lang='lat' dir='ltr'>et</span> <span class='ocrx_word' id='word_1_494' title='bbox 779 4285 954 4362; x_wconf 87' lang='lat' dir='ltr'>Maestlino,</span> <span class='ocrx_word' id='word_1_495' title='bbox 967 4285 1017 4348; x_wconf 92' lang='lat' dir='ltr'>vel</span> <span class='ocrx_word' id='word_1_496' title='bbox 1032 4285 1168 4367; x_wconf 90' lang='lat' dir='ltr'>praecise</span> <span class='ocrx_word' id='word_1_497' title='bbox 1183 4285 1236 4361; x_wconf 89' lang='grc'>33,</span> <span class='ocrx_word' id='word_1_498' title='bbox 1252 4291 1288 4348; x_wconf 90' lang='grc' dir='ltr'>ιι</span> <span class='ocrx_word' id='word_1_499' title='bbox 1301 4286 1465 4368; x_wconf 88' lang='lat' dir='ltr'>Kepplero.</span> 
     </span>
    </p>

    <p class='ocr_par' dir='ltr' id='par_1_12' title="bbox 230 4372 1582 4922">
     <span class='ocr_line' id='line_1_46' title="bbox 325 4372 1582 4472; baseline 0.002 -35"><span class='ocrx_word' id='word_1_500' title='bbox 325 4372 405 4447; x_wconf 86' lang='lat' dir='ltr'>Quid</span> <span class='ocrx_word' id='word_1_501' title='bbox 426 4381 461 4437; x_wconf 90' lang='lat' dir='ltr'>tu</span> <span class='ocrx_word' id='word_1_502' title='bbox 482 4374 523 4438; x_wconf 90' lang='lat' dir='ltr'>ad</span> <span class='ocrx_word' id='word_1_503' title='bbox 544 4374 623 4438; x_wconf 86' lang='lat' dir='ltr'>hanc</span> <span class='ocrx_word' id='word_1_504' title='bbox 645 4374 870 4456; x_wconf 86' lang='lat' dir='ltr'>conjecturam?</span> <span class='ocrx_word' id='word_1_505' title='bbox 911 4374 1034 4440; x_wconf 83' lang='lat' dir='ltr'>Fateris</span> <span class='ocrx_word' id='word_1_506' title='bbox 1058 4373 1173 4438; x_wconf 84' lang='lat' dir='ltr'>Lucam</span> <span class='ocrx_word' id='word_1_507' title='bbox 1197 4394 1257 4438; x_wconf 91' lang='lat' dir='ltr'>non</span> <span class='ocrx_word' id='word_1_508' title='bbox 1281 4375 1412 4440; x_wconf 87' lang='lat' dir='ltr'>voluisse</span> <span class='ocrx_word' id='word_1_509' title='bbox 1437 4376 1582 4472; x_wconf 90' lang='lat' dir='ltr'>persequi</span> 
     </span>
     <span class='ocr_line' id='line_1_47' title="bbox 231 4456 1581 4546; baseline 0.001 -16"><span class='ocrx_word' id='word_1_510' title='bbox 231 4465 348 4530; x_wconf 88' lang='lat' dir='ltr'>minuta</span> <span class='ocrx_word' id='word_1_511' title='bbox 362 4463 475 4527; x_wconf 90' lang='lat' dir='ltr'>mensis</span> <span class='ocrx_word' id='word_1_512' title='bbox 497 4471 530 4526; x_wconf 91' lang='lat' dir='ltr'>et</span> <span class='ocrx_word' id='word_1_513' title='bbox 545 4463 604 4526; x_wconf 90' lang='lat' dir='ltr'>diei</span> <span class='ocrx_word' id='word_1_514' title='bbox 619 4472 738 4541; x_wconf 86' lang='lat' dir='ltr'>certae,</span> <span class='ocrx_word' id='word_1_515' title='bbox 761 4464 897 4546; x_wconf 90' lang='lat' dir='ltr'>quamvis</span> <span class='ocrx_word' id='word_1_516' title='bbox 911 4465 1009 4546; x_wconf 88' lang='lat' dir='ltr'>Virgo</span> <span class='ocrx_word' id='word_1_517' title='bbox 1030 4471 1130 4527; x_wconf 91' lang='lat' dir='ltr'>mater</span> <span class='ocrx_word' id='word_1_518' title='bbox 1144 4463 1211 4526; x_wconf 90' lang='lat' dir='ltr'>Deo</span> <span class='ocrx_word' id='word_1_519' title='bbox 1233 4463 1325 4546; x_wconf 89' lang='lat' dir='ltr'>plena</span> <span class='ocrx_word' id='word_1_520' title='bbox 1347 4465 1448 4530; x_wconf 85' lang='lat' dir='ltr'>omnia</span> <span class='ocrx_word' id='word_1_521' title='bbox 1470 4456 1581 4531; x_wconf 83' lang='lat' dir='ltr'>&#39;exacte</span> 
     </span>
     <span class='ocr_line' id='line_1_48' title="bbox 232 4550 1581 4638; baseline 0.001 -20"><span class='ocrx_word' id='word_1_522' title='bbox 232 4553 363 4618; x_wconf 86' lang='lat' dir='ltr'>sciverit.</span> <span class='ocrx_word' id='word_1_523' title='bbox 411 4550 575 4616; x_wconf 87' lang='lat' dir='ltr'>Gratiam&#39;</span> <span class='ocrx_word' id='word_1_524' title='bbox 567 4553 770 4636; x_wconf 77' lang='lat' dir='ltr'>iniistipenes</span> <span class='ocrx_word' id='word_1_525' title='bbox 784 4571 832 4616; x_wconf 91' lang='lat' dir='ltr'>me</span> <span class='ocrx_word' id='word_1_526' title='bbox 849 4553 1063 4618; x_wconf 80' lang='lat' dir='ltr'>confessione</span> <span class='ocrx_word' id='word_1_527' title='bbox 1054 4573 1193 4636; x_wconf 79' lang='lat' dir='ltr'>ingenua.</span> <span class='ocrx_word' id='word_1_528' title='bbox 1222 4553 1343 4618; x_wconf 87' lang='lat' dir='ltr'>Nam</span> <span class='ocrx_word' id='word_1_529' title='bbox 1319 4574 1345 4618; x_wconf 84' lang='grc' dir='ltr'>ιι</span> <span class='ocrx_word' id='word_1_530' title='bbox 1360 4555 1421 4618; x_wconf 88' lang='lat' dir='ltr'>vim</span> <span class='ocrx_word' id='word_1_531' title='bbox 1437 4557 1581 4638; x_wconf 85' lang='lat' dir='ltr'>agnoscis</span> 
     </span>
     <span class='ocr_line' id='line_1_49' title="bbox 230 4642 1582 4726; baseline 0.002 -19"><span class='ocrx_word' id='word_1_532' title='bbox 230 4643 398 4726; x_wconf 87' lang='lat' dir='ltr'>particulae</span> <span class='ocrx_word' id='word_1_533' title='bbox 414 4643 538 4707; x_wconf 64' lang='lat' dir='ltr'>clodus·</span> <span class='ocrx_word' id='word_1_534' title='bbox 559 4650 591 4705; x_wconf 92' lang='lat' dir='ltr'>et</span> <span class='ocrx_word' id='word_1_535' title='bbox 607 4664 633 4705; x_wconf 93' lang='grc' dir='ltr'>ιι</span> <span class='ocrx_word' id='word_1_536' title='bbox 624 4643 706 4708; x_wconf 89' lang='lat' dir='ltr'>&#39;hac</span> <span class='ocrx_word' id='word_1_537' title='bbox 728 4642 826 4706; x_wconf 89' lang='lat' dir='ltr'>iudice</span> <span class='ocrx_word' id='word_1_538' title='bbox 842 4642 880 4705; x_wconf 91' lang='lat' dir='ltr'>de</span> <span class='ocrx_word' id='word_1_539' title='bbox 896 4643 1054 4725; x_wconf 85' lang='lat' dir='ltr'>superfluis</span> <span class='ocrx_word' id='word_1_540' title='bbox 1078 4651 1110 4705; x_wconf 92' lang='grc' dir='ltr'>ιι</span> <span class='ocrx_word' id='word_1_541' title='bbox 1125 4642 1333 4708; x_wconf 87' lang='lat' dir='ltr'>deficientibus</span> <span class='ocrx_word' id='word_1_542' title='bbox 1348 4646 1505 4710; x_wconf 87' lang='lat' dir='ltr'>mensibus</span> <span class='ocrx_word' id='word_1_543' title='bbox 1521 4667 1582 4710; x_wconf 90' lang='lat' dir='ltr'>nou</span> 
     </span>
     <span class='ocr_line' id='line_1_50' title="bbox 232 4731 1581 4818; baseline 0.001 -22"><span class='ocrx_word' id='word_1_544' title='bbox 232 4733 350 4796; x_wconf 86' lang='lat' dir='ltr'>curavit</span> <span class='ocrx_word' id='word_1_545' title='bbox 363 4733 402 4798; x_wconf 89' lang='lat' dir='ltr'>D.</span> <span class='ocrx_word' id='word_1_546' title='bbox 417 4731 534 4808; x_wconf 84' lang='lat' dir='ltr'>Lucas,</span> <span class='ocrx_word' id='word_1_547' title='bbox 551 4731 680 4813; x_wconf 86' lang='lat' dir='ltr'>jamjam</span> <span class='ocrx_word' id='word_1_548' title='bbox 701 4731 831 4814; x_wconf 89' lang='lat' dir='ltr'>suspicio</span> <span class='ocrx_word' id='word_1_549' title='bbox 855 4732 996 4797; x_wconf 88' lang='lat' dir='ltr'>stabilita</span> <span class='ocrx_word' id='word_1_550' title='bbox 1018 4739 1082 4807; x_wconf 88' lang='lat' dir='ltr'>est,</span> <span class='ocrx_word' id='word_1_551' title='bbox 1103 4740 1139 4796; x_wconf 91' lang='lat' dir='ltr'>ut</span> <span class='ocrx_word' id='word_1_552' title='bbox 1153 4752 1191 4795; x_wconf 89' lang='lat' dir='ltr'>ne</span> <span class='ocrx_word' id='word_1_553' title='bbox 1207 4733 1326 4815; x_wconf 89' lang='lat' dir='ltr'>quidem</span> <span class='ocrx_word' id='word_1_554' title='bbox 1349 4733 1386 4797; x_wconf 89' lang='lat' dir='ltr'>de</span> <span class='ocrx_word' id='word_1_555' title='bbox 1406 4755 1467 4798; x_wconf 90' lang='lat' dir='ltr'>uno</span> <span class='ocrx_word' id='word_1_556' title='bbox 1487 4743 1581 4818; x_wconf 86' lang='lat' dir='ltr'>atque</span> 
     </span>
     <span class='ocr_line' id='line_1_51' title="bbox 232 4819 1580 4922; baseline 0.004 -38"><span class='ocrx_word' id='word_1_557' title='bbox 232 4819 330 4886; x_wconf 80' lang='lat' dir='ltr'>altero</span> <span class='ocrx_word' id='word_1_558' title='bbox 345 4840 532 4922; x_wconf 25' lang='lat' dir='ltr'>aunuqsupra</span> <span class='ocrx_word' id='word_1_559' title='bbox 547 4821 596 4884; x_wconf 90' lang='lat' dir='ltr'>vel</span> <span class='ocrx_word' id='word_1_560' title='bbox 611 4821 689 4884; x_wconf 83' lang='lat' dir='ltr'>intra</span> <span class='ocrx_word' id='word_1_561' title='bbox 704 4821 910 4896; x_wconf 84' lang='lat' dir='ltr'>tricenarium,</span> <span class='ocrx_word' id='word_1_562' title='bbox 932 4819 1094 4885; x_wconf 87' lang='lat' dir='ltr'>rotundum</span> <span class='ocrx_word' id='word_1_563' title='bbox 1115 4840 1283 4899; x_wconf 91' lang='lat' dir='ltr'>numerum,</span> <span class='ocrx_word' id='word_1_564' title='bbox 1305 4822 1468 4907; x_wconf 86' lang='lat' dir='ltr'>quidquam</span> <span class='ocrx_word' id='word_1_565' title='bbox 1488 4845 1580 4902; x_wconf 88' lang='lat' dir='ltr'>cura·</span> 
     </span>
    </p>
   </div>
   <div class='ocr_carea' id='block_1_8' title="bbox 0 0 1718 5542">
    <p class='ocr_par' dir='ltr' id='par_1_13' title="bbox 0 0 1718 5542">
     <span class='ocr_line' id='line_1_52' title="bbox 0 0 1718 5542; baseline 0 1"><span class='ocrx_word' id='word_1_566' title='bbox 0 0 1718 5542; x_wconf 95' lang='lat' dir='ltr'> </span> 
     </span>
    </p>
   </div>
  </div>
 </body>
</html>
