3428 5542
677 323 746 378 auva
758 323 944 414 ononimus.
1140 305 1163 376 f
1309 315 1314 325 “
1417 307 1479 407 litt

122 465 290 552 navigasse
306 467 458 547 Romam,
481 469 559 551 quod
581 489 640 531 non
655 478 762 552 posset
783 469 842 532 alio
858 476 994 550 tempore
1009 469 1111 546 fuisse,
1134 490 1222 554 qnam
1237 477 1366 536 exeunte
1383 480 1483 535 sexto.

124 557 231 640 ltaque
253 552 464 640 irruptionem
487 560 670 622 Parthorum
691 560 722 621 iu
747 557 868 642 Syriam
895 567 927 621 et
949 561 1179 641 occupationem
1203 561 1493 643 Hierosolymamm'

128 647 310 710 adscribunt
333 668 415 712 anno
438 655 541 723 sento,
564 649 732 711 confirmati
753 649 785 711 in
806 648 863 730 lroc
885 650 1007 730 insuper
1027 650 1171 712 mendoso
1193 651 1321 733 Josephi
1342 651 1410 715 loco
1432 652 1480 714 De

128 736 205 799 hello
220 737 296 799 Jud.
312 737 384 801 Lib.
399 738 424 812 1,
440 757 504 819 cap.
517 738 566 801 ll.
581 738 632 800 nbi
647 738 759 820 legitur
770 745 844 820 post
858 739 1051 802 bienniumo
1060 761 1174 822 pugno
1189 739 1385 822 Philippico,
1403 760 1479 824 quae

129 826 160 889 in
174 825 202 888 4.
218 827 342 903 incidit,
358 827 412 890 illa
427 828 600 907 contigisse.
641 826 704 890 Sed
718 828 839 891 videtur
854 828 898 890 sic
913 827 1106 909 accipiendus
1121 830 1284 911 Josephus,
1299 829 1399 912 utqui
1415 831 1481 893 He-

130 915 232 978 rodem
256 916 345 980 dicat
370 917 452 979 tristi
474 917 558 980 coelo
575 917 753 998 navigasse,
776 917 834 979 etsi
855 936 980 979 vernum
1002 925 1121 999 tempus
1144 919 1217 982 luit
1253 919 1296 982 Et
1318 919 1482 1000 allegatum
1595 914 1602 926 '

131 1005 285 1072 biennium
302 1005 438 1088 explicat
452 1006 536 1068 locus
552 1007 657 1088 Antiq.
672 1007 760 1081 XIV,
777 1007 827 1080 23,
842 1006 893 1069 ubi
909 1007 1021 1069 rectius
1038 1015 1095 1082 est,
1111 1028 1192 1071 oneo
1209 1005 1317 1072 altero.
1348 1007 1401 1072 Sic
1417 1009 1482 1071 cla-

130 1093 471 1176 demJerosolymamm
480 1095 562 1158 Dion
578 1096 715 1158 conferre
731 1096 851 1158 videtur
866 1096 897 1159 in
913 1115 1023 1158 annum
1038 1097 1068 1158 8.
1085 1097 1139 1160 sub
1156 1098 1233 1160 alios
1249 1098 1398 1172 consules,
1414 1099 1483 1160 dum

128 1183 233 1248 multis
250 1184 503 1260 commemoratis,
519 1203 596 1266 quae
610 1205 690 1248 anno
701 1183 729 1248 8.
745 1204 800 1266 per
809 1185 975 1248 Antonium
991 1193 1081 1266 gesta
1095 1187 1145 1248 vel
1159 1207 1214 1268 per
1224 1185 1346 1252 Sosium
1360 1181 1484 1268 incepta

129 1273 244 1338 diutius
259 1274 529 1355 protractaiuere,
545 1273 698 1337 concludit
706 1275 843 1356 generali
854 1293 932 1350 voce,
945 1272 1016 1337 οὔθ’
1034 1269 1128 1347 οὕτως
1143 1275 1255 1356 tyanaeo
1270 1277 1326 1340 aab
1345 1273 1482 1339 Claudio

127 1370 159 1425 et
172 1363 329 1428 Norbano
353 1362 440 1426 coos.
475 1363 522 1426 At
544 1364 570 1426 si
592 1364 756 1442 contuleris
777 1363 957 1439 historicos,
980 1361 1107 1444 patebit
1121 1365 1275 1447 inceptum
1290 1365 1410 1448 quidem
1423 1366 1482 1430 hoc

127 1471 209 1516 anno
234 1453 349 1516 bellum
373 1452 532 1516 Judaicum
562 1451 749 1516 aRomanis
775 1452 959 1516 exercitibus
983 1451 1073 1516 Sosio
1097 1455 1294 1535 parentibus,
1326 1463 1484 1537 coeptam-

43 1611 48 1628 ·
129 1561 187 1626 que
212 1562 270 1625 per
294 1543 447 1606 Herodem
474 1541 753 1623 Hierosolymorum
783 1533 985 1617 obsidionein,
1019 1543 1072 1604 sed
1101 1543 1219 1607 linitam
1248 1544 1374 1616 tandem
1404 1562 1484 1606 anno

129 1637 297 1714 sequente,
327 1651 384 1717 quo
406 1631 487 1694 Dion
513 1631 558 1694 ait
578 1629 735 1699 Romanos
756 1631 832 1693 nihil
856 1638 1019 1712 praeterea
1034 1633 1229 1696 memorabile
1244 1633 1276 1696 in
1292 1631 1383 1717 Syria
1409 1652 1483 1716 ges·

132 1741 221 1786 sisse.
1168 1741 1170 1746 ·
1385 1758 1386 1764 κ

218 1826 308 1891 Haec
322 1828 416 1909 igitur
430 1828 520 1892 aliter
536 1827 706 1892 confirmari
720 1846 782 1891 non
797 1827 918 1904 debent,
934 1847 1024 1909 qnam
1040 1829 1066 1891 si
1080 1828 1226 1910 probetur
1241 1847 1279 1892 ex
1293 1828 1391 1906 Livio,
1405 1830 1484 1893 Vel·

129 1917 201 1999 lejo,
224 1915 385 1993 Suetonio,
403 1918 512 1994 Dione,
536 1916 698 1993 Strabone,
719 1916 885 1981 Plutarcho
902 1918 1025 2000 ejusque
1041 1916 1229 2000 descriptore
1243 1918 1401 2002 Appiano:
1424 1919 1483 1983 Jo-

127 2007 259 2088 sephum
274 2007 304 2070 in
321 2007 450 2070 historia
464 2008 571 2071 horum
586 2025 731 2070 annorum
745 2007 892 2088 nuspiam,
913 2026 969 2070 neo
983 2008 1016 2070 in
1031 2008 1269 2072 circumstantiis
1283 2029 1340 2072 neo
1356 2009 1387 2073 in
1403 2017 1483 2072 tem-

127 2097 255 2178 poribus
272 2097 311 2159 ab
326 2097 456 2160 historia
469 2096 609 2159 Romana
625 2097 775 2159 aberrare.
802 2094 891 2167 Quod
905 2097 957 2160 ubi
972 2115 1026 2178 per
1042 2097 1142 2160 omnia
1158 2098 1409 2179 deprehendetur,
1419 2099 1486 2179 jam

125 2205 219 2267 porro
235 2193 278 2249 et
299 2185 390 2248 fidem
411 2186 477 2267 ipse
491 2185 646 2267 Josephns
667 2185 846 2260 merebitur,
869 2185 895 2248 si
917 2186 1029 2249 alicubi
1051 2187 1298 2250 circumstantias
1323 2188 1483 2251 nonnullas

127 2275 278 2358 temporis
294 2274 430 2338 solitarie
446 2274 739 2338 commemoraverit:
764 2293 802 2336 ex
824 2275 930 2355 quibus
952 2275 1106 2356 reciproce
1121 2275 1231 2339 Dionis
1253 2295 1376 2340 sensum
1395 2277 1484 2340 unico

127 2365 197 2429 loco
214 2356 377 2428 e'nucleare
393 2365 479 2427 nobis
494 2365 607 2427 licebit

215 2471 317 2553 Igitur
341 2470 435 2534 series
456 2471 604 2536 historiae
625 2470 784 2533 Romanae
806 2449 976 2551 temporum
996 2470 1117 2533 illomm
1138 2471 1227 2551 louge
1251 2471 1327 2546 alia,
1350 2490 1439 2554 qnam
1454 2471 1486 2534 in

127 2560 333 2642 Caspinian0‚
353 2561 491 2624 nimirum
506 2561 582 2623 haec
599 2568 661 2622 est:
685 2566 717 2637 a)
730 2571 817 2625 Bruto
839 2577 869 2624 et
882 2569 977 2625 Cassio
998 2571 1025 2624 in
1038 2569 1198 2642 Philippicis
1212 2570 1392 2640 Macedoniae
1413 2588 1485 2628 cam·

125 2653 167 2722 pis
181 2650 353 2716 interiectis,
374 2651 491 2707 victores
507 2652 610 2707 Caesar
625 2657 655 2706 et
666 2651 804 2706 Antonius
817 2651 970 2708 Romanum
989 2651 1131 2722 imperium
1153 2657 1183 2706 et
1196 2653 1268 2723 quod
1280 2653 1419 2707 residuum
1432 2651 1487 2710 fuit

126 2733 195 2787 belli
210 2733 300 2787 civilia
314 2732 419 2804 partiti,
440 2730 468 2800 b)
484 2733 588 2788 Caesar
601 2733 629 2787 in
644 2733 762 2796 ltaliam,
777 2725 804 2801 c)
818 2732 955 2787 Antonius
969 2732 996 2787 in
1011 2733 1107 2788 Asiam
1120 2732 1311 2788 discesserunt.
1348 2735 1486 2790 Antonius

125 2829 178 2885 per
190 2815 320 2869 civitates
332 2813 418 2869 Asiae
445 2811 475 2882 ct)
496 2815 626 2886 plurimas
647 2813 745 2885 exeffl't
763 2813 901 2884 pecunias.
938 2813 970 2866 ln
992 2813 1087 2868 cilicia
1114 2806 1141 2884 a)
1163 2813 1328 2883 Cleopatrae
1349 2815 1493 2885 amerinus¹

127 2895 267 2960 inretitus,
290 2893 356 2949 anni
371 2893 462 2966 quarti
474 2895 578 2950 Juliani
590 2896 645 2948 fine
658 2895 686 2948 in
698 2899 861 2966 Aegyptum
875 2909 935 2948 cum
948 2892 999 2948 illa
1012 2894 1152 2950 descendit
1171 2894 1262 2966 ibique
1277 2895 1416 2952 hiemavit.
1443 2898 1487 2953 Eo
1586 2889 1605 2906 '¹

127 2983 250 3040 marite,
264 2993 332 3042 rere
346 2975 411 3030 anni
426 2975 520 3046 quinti,
533 2973 565 3049 s)
579 2975 676 3030 Parthi
689 2973 785 3030 Asiam
799 2981 829 3030 st
840 2975 948 3047 Syriam
962 2982 1138 3046 occuparunt,
1152 2971 1181 3048 p)
1195 2976 1274 3032 Saxa
1287 2976 1383 3048 legato
1397 2981 1486 3034 Anto·
1545 3039 1549 3056 .

126 3057 164 3111 nii
178 3057 284 3120 accim
307 3057 336 3112 in
347 3055 509 3111 Palaestina
528 3053 557 3124 t)
571 3058 702 3128 Hyrcano
722 3055 861 3126 deposito,
881 3053 904 3123 i)
918 3056 1090 3128 Antigonum
1107 3057 1215 3128 Regem
1236 3056 1354 3122 induntr
1374 3053 1404 3125 k)
1419 3058 1486 3114 salis
1532 3099 1536 3116 ι

126 3137 217 3209 Tyriis
232 3137 263 3193 iu
275 3137 459 3193 nonnarum
477 3138 530 3191 lide
550 3138 728 3192 manentibus.
770 3137 905 3206 Antonius
927 3151 1020 3192 amore
1045 3137 1192 3207 implicitus
1220 3152 1270 3207 per
1284 3143 1372 3192 totum
1386 3153 1487 3194 aunum

128 3219 256 3289 quintum
276 3217 394 3288 quievit,
415 3217 484 3272 nihil
503 3216 606 3288 adjutis
625 3217 779 3288 prouinciis.
819 3219 1028 3288 riherusactaque
1042 3223 1073 3272 et
1086 3217 1178 3272 altera
1195 3217 1285 3272 hieme
1299 3218 1327 3274 iu
1340 3224 1485 3292 Aegypto,

128 3309 242 3362 andam
261 3321 335 3360 anno
350 3312 432 3362 sexto
445 3307 557 3362 maante
575 3306 720 3378 navigavit
732 3309 841 3379 Tyrum
874 3297 961 3360 Haec
976 3297 1139 3360 Antonius.
1185 3377 1188 3383 Ι

209 3405 360 3460 Gaesarem
373 3419 440 3459 reru
453 3420 472 3460 a
491 3421 586 3478 pugna
598 3405 754 3475 Philippica
766 3411 950 3460 revertentem
971 3405 999 3458 in
1011 3405 1121 3460 italiam
1141 3420 1222 3459 unno-
1229 3405 1255 3460 4.
1275 3405 1384 3460 morbus
1397 3422 1487 3462 remo·

127 3493 205 3541 ratur
221 3491 276 3549 est,
290 3487 401 3540 mndem
413 3487 529 3541 Romam
541 3487 619 3540 venit
632 3487 742 3540 consule
755 3486 839 3541 Lucio
853 3486 967 3540 Antonii
981 3486 1077 3550 fratre
1097 3484 1151 3540 hoc
1164 3491 1209 3541 est
1222 3501 1294 3540 anno
1310 3486 1336 3541 δὲ
1370 3486 1428 3542 Nec
1441 3488 1487 3542 diu

128 3567 216 3630 stetit,
232 3582 294 3620 cum
307 3565 406 3622 Fulvia
417 3583 490 3622 uxor
501 3567 615 3623 Antonii
636 3565 785 3636 consulque
797 3566 897 3622 Lucius
919 3566 1067 3619 Caesarem
1088 3565 1332 3621 obtrectatiom'bus
1353 3573 1485 3623 vexatum

128 3648 246 3718 denique
260 3645 369 3701 hostem
383 3648 516 3702 lecerunt.
544 3647 616 3701 Belli
630 3651 782 3718 apparatus
797 3653 860 3701 tota
873 3645 956 3700 ltalia
969 3662 1020 3716 per
1033 3651 1171 3700 metatam
1183 3645 1269 3701 hiere.
1303 3647 1438 3703 Advocati
1452 3666 1489 3704 ex

128 3727 228 3783 Galliis
243 3727 384 3782 exercitus
398 3727 512 3782 Antonii
525 3729 594 3781 duce
607 3725 734 3781 Ventidio
748 3733 844 3781 conns
857 3729 1013 3782 Caesarem.
1047 3727 1180 3796 Tempore
1201 3727 1322 3781 autumni
1347 3725 1369 3796 l)
1387 3729 1487 3784 Lucius

128 3824 145 3862 a
158 3809 282 3864 Caesare
297 3807 466 3862 concluditur
478 3807 628 3872 Perusiam,
643 3809 706 3861 dum
720 3806 860 3862 obsidatur
872 3806 970 3862 hidria
989 3807 1116 3860 maritum
1129 3821 1181 3876 per
1192 3807 1289 3862 literas
1304 3825 1341 3862 ex
1354 3813 1488 3880 Aegypto

127 3889 247 3944 manat
265 3889 295 3942 iu
306 3887 425 3944 ltaliam.
458 3889 527 3944 Post
540 3889 677 3944 calendas
691 3887 838 3943 ianuarias
857 3887 970 3964 Juliuno
991 3889 1018 3943 6.
1032 3886 1132 3953 Lucius
1153 3887 1228 3942 dedit
1247 3887 1402 3952 Perusiam
1423 3890 1488 3945 Ful·

127 3969 184 4036 riA,
206 3971 278 4025 duce
292 3969 437 4036 Ventidio,
460 3969 531 4042 fuga
545 3987 576 4026 se
591 3985 629 4023 ex
641 3968 725 4024 Italia
737 3968 854 4040 proripit
867 3969 895 4022 in
908 3967 1061 4034 Graeciam,
1083 3968 1125 4022 cui
1138 3968 1256 4024 Athenis
1274 3970 1306 4024 fit
1320 3970 1415 4025 obrius
1429 3975 1487 4026 An·

127 4051 229 4106 tonius.
688 4085 689 4088 =

203 4133 252 4187 Ad
273 4131 379 4203 'Pyrum
400 4129 471 4185 enim
492 4129 613 4200 acceptis
634 4127 729 4184 uxoris
750 4128 850 4191 litania
871 4146 932 4183 cum
953 4134 982 4183 et
1001 4128 1089 4200 impar
1109 4134 1183 4190 esset
1201 4128 1299 4200 Syriae
1320 4123 1487 4194 hherandae,

129 4211 366 4284 chcnmnarigata
385 4211 456 4266 Asia
482 4207 515 4277 n)
534 4216 702 4282 perrexerat
722 4211 750 4264 in
763 4211 880 4266 ltaliam.
921 4209 974 4264 Hic
987 4209 1100 4280 primum
1114 4209 1192 4264 audit
1205 4211 1239 4263 de
1251 4210 1368 4266 Perusia
1381 4209 1487 4270 dedita;

132 4293 180 4350 init
193 4294 284 4367 igitur
304 4293 358 4346 hoc
378 4307 471 4348 mense
484 4291 633 4346 Februario
648 4291 762 4345 circiter.
804 4292 896 4354 Quare
917 4286 955 4357 m)
975 4291 1083 4345 hostem
1097 4289 1246 4344 Gaesarem
1263 4290 1345 4354 facit,
1367 4293 1487 4344 streete

129 4375 263 4450 navigans
280 4373 310 4428 in
324 4371 436 4428 Italiam
448 4371 627 4427 Brundusium
649 4371 761 4426 obsidet.
793 4371 847 4426 Sed
867 4372 1023 4425 interventu
1037 4371 1215 4426 communium
1235 4371 1380 4425 amicornm
1394 4367 1488 4423 statim

131 4457 290 4512 conrihatur
310 4453 425 4508 Caesari
447 4459 511 4507 tunc
539 4469 577 4507 ex
597 4451 695 4507 Galliis
715 4451 856 4516 redeunti,
883 4448 915 4517 a)
936 4453 964 4505 in
985 4467 1052 4522 quas
1070 4451 1163 4505 dedita
1181 4450 1297 4506 Perusia
1318 4453 1487 4504 excurrerat.

128 4539 260 4593 Antonius
276 4551 353 4591 nora
367 4533 474 4604 imperii
494 4531 642 4604 partitione
656 4549 716 4587 cum
730 4533 861 4587 orientem
874 4537 971 4587 namura
991 4537 1080 4596 esset,
1102 4531 1245 4585 confestim
1258 4531 1343 4584 mittit
1363 4526 1391 4594 o)
1411 4527 1486 4580 Ven-

127 4617 212 4675 tidium
236 4619 266 4673 in
290 4615 391 4670 Asiam
412 4619 508 4669 contra
526 4613 652 4669 Parthos.
677 4610 710 4686 p)
732 4613 776 4669 Sic
796 4611 876 4666 amici
895 4613 962 4666 fanti
982 4612 1086 4666 Caesar
1107 4618 1136 4665 et
1157 4611 1308 4674 Munius,
1330 4605 1359 4681 q)
1373 4607 1487 4663 maan

125 4702 235 4756 veniunt
249 4699 330 4754 circa
343 4691 672 4766 rernnm'aequinoctium
685 4694 750 4748 anni
765 4692 847 4748 sexti.
869 4693 1004 4747 Antonius
1017 4691 1171 4762 provincias
1185 4706 1248 4744 suas
1261 4688 1362 4760 partim
1375 4686 1486 4757 legatis,
1512 4735 1514 4746 ‚

122 4784 217 4855 partim
232 4785 267 4837 et
281 4777 403 4849 regibus
417 4774 567 4830 tributariis
582 4775 725 4841 distribuit,
741 4774 812 4829 inter
826 4779 932 4829 ceteros
952 4770 978 4841 r)
1000 4773 1103 4828 Herodi
1117 4773 1272 4827 Idumaeam
1286 4773 1315 4821 et
1328 4765 1488 4832 Samariam,

120 4861 143 4933 a)
161 4869 269 4923 senatu
292 4858 385 4932 ipsius
406 4863 471 4911 acta
490 4861 553 4912 rata
571 4855 700 4914 hahema
741 4855 809 4912 Inde
829 4867 927 4926 pacem
944 4853 1080 4911 Anmniua
1093 4859 1131 4908 et
1152 4853 1255 4906 Caesar
1274 4863 1338 4924 cunr
1354 4847 1498 4918 Pompeio*
