3406 5542
657 309 794 386 meavi.
817 318 943 374 meare
1402 301 1469 371 299

123 459 218 534 rebat,
232 460 283 522 vel
299 479 321 523 a
335 463 468 526 consciis
484 465 531 526 vel
556 481 595 526 ex
609 463 689 526 actis
701 461 830 546 publicis
845 455 982 527 obtinere
1004 463 1082 528 citra
1096 465 1215 528 erroris
1221 467 1345 542 aleam,
1358 465 1467 570 qnibqs

122 547 261 612 veritatis
277 550 500 615 adminiculis
491 571 557 635 ipsa
577 560 684 616 oontm
698 553 868 635 Appionem
889 553 1047 634 plurimum
1061 553 1217 635 gloriatur.
1255 552 1314 627 Qui
1330 555 1467 638 quamvis

121 640 153 701 in
168 639 374 720 descriptione
390 657 490 704 rerum
503 642 703 706 vetustiorum
715 639 877 704 interdurn
888 642 1051 706 dissentiat
1074 667 1093 708 a
1113 644 1198 707 libris
1212 643 1336 708 Biblicis
1351 643 1466 707 veteris

123 729 315 791 Testamenti
336 737 370 792 et
392 750 412 793 a
435 729 633 812 scriptoribus
654 730 799 807 Graecis,
820 749 877 795 uec
895 731 1004 813 ubique
1027 733 1160 798 calculus
1183 751 1327 796 annorum
1348 730 1391 796 illi
1413 751 1465 796 re—

124 818 277 899 spondeat
292 818 332 881 ad
348 819 504 882 amussim:
534 827 569 882 at
582 839 679 901 neque
695 817 807 883 Graeci
821 819 880 901 ipsi
901 827 974 884 sunt
986 821 1068 886 inter
1084 841 1117 885 se
1139 823 1221 885 circa
1235 839 1285 884 res
1300 822 1369 886 illas
1389 841 1465 890 ecn-

124 905 233 970 cordes
249 915 283 970 et
298 907 407 971 alicubi
422 908 586 972 Bibliornm
601 909 740 989 exempla
754 909 920 984 variarunt,
935 909 1016 973 aliud
1033 911 1184 975 Hebraica
1198 911 1361 986 habebant,
1384 911 1467 973 aliud

123 997 322 1078 septuaginta
330 997 529 1077 interpretes:
545 1005 595 1061 est
609 998 718 1060 obires
732 998 841 1079 gentis,
858 998 912 1061 sub
921 999 1083 1063 Persarum
1096 1001 1258 1083 praecipue
1273 999 1467 1074 dominatum,
1602 1012 1607 1020 '

123 1085 283 1150 servitutis
299 1087 640 1169 asperitateneglectae
654 1089 686 1150 in
701 1088 828 1150 obscuro
844 1089 1007 1163 latuerunt,
1021 1089 1072 1152 nbi
1086 1090 1239 1171 Josephus
1253 1089 1303 1152 vel
1319 1088 1466 1151 communi

123 1193 227 1238 errore
243 1175 344 1256 gentis
359 1177 408 1238 vel
423 1176 493 1257 quia
507 1177 594 1240 nefas
606 1183 731 1256 putaret
747 1197 765 1238 a
780 1176 970 1239 sacerdotum
986 1179 1150 1242 traditione
1171 1178 1332 1240 dissentire
1346 1177 1464 1240 verita-

124 1271 186 1326 tem
202 1265 285 1345 apud
295 1263 432 1328 Graecos
446 1265 602 1328 inventam
611 1266 725 1328 eminus
740 1265 926 1347 praeterivit
950 1267 987 1330 In
1002 1266 1138 1332 historiis
1152 1286 1224 1330 vero
1240 1249 1467 1358 recentioribus,

124 1371 202 1434 qnae
219 1371 329 1416 novum
338 1355 567 1417 Testamentum
582 1355 629 1417 vel
645 1362 877 1436 praecesserunt
891 1356 1083 1435 proximare}
1094 1357 1342 1437 complectuntur,
1358 1345 1467 1436 quibus

124 1452 194 1505 erat
209 1450 315 1504 aetate
328 1444 466 1524 propior,
489 1450 610 1508 tantum
623 1444 693 1506 idei
708 1451 841 1506 meretur
854 1452 998 1525 quantum
1018 1447 1174 1528 quisquam
1190 1445 1275 1508 alius.
1319 1444 1466 1526 Equidem

124 1533 191 1612 ejus
213 1549 290 1612 opus
313 1531 349 1594 de
372 1528 451 1594 bello
473 1532 600 1596 Judaico
625 1534 861 1618 commentarius
879 1533 1096 1614 quedammodo
1119 1543 1169 1597 ιιι
1188 1533 1217 1596 ιι
1239 1534 1411 1615 Prophetas
1436 1541 1470 1595 et

121 1621 356 1702 Evangelistas3
381 1620 515 1703 adeoque
531 1623 575 1685 sic
590 1619 699 1685 censeo
716 1623 860 1703 singulari
874 1622 1065 1704 providsnua
1079 1624 1139 1688 Dei
1161 1625 1291 1694 factum,
1313 1631 1349 1686 ut
1369 1621 1468 1686 inille
1491 1651 1498 1662 ·

124 1729 179 1772 suo
196 1727 289 1791 specu
299 1712 505 1786 subterraneo,
521 1729 586 1774 cum
598 1711 842 1776 omnibusmodis
859 1719 1096 1776 consentaneum
1111 1720 1204 1786 esset,
1220 1713 1385 1794 peritumm
1401 1729 1466 1772 cum

123 1799 247 1872 ceteris,
264 1799 515 1862 absurdissimum
525 1819 597 1862 vero
613 1819 787 1874 evasurum,
811 1802 922 1863 ceteris
938 1801 1074 1866 omnibus
1090 1802 1216 1875 enectis,
1240 1809 1343 1864 tamen
1359 1817 1467 1863 serva·

124 1896 211 1952 retur
232 1887 263 1950 in
285 1887 365 1951 hunc
387 1889 492 1964 inem,
515 1897 550 1952 ut
573 1890 638 1970 ipse
660 1891 847 1970 professione
868 1888 1021 1965 Judaeus,
1037 1912 1057 1953 a
1086 1890 1320 1955 Christianismo
1342 1889 1468 1962 alienus,

122 1977 284 2040 historiam
299 1976 380 2051 belli,
397 1979 481 2059 cujus
495 1986 652 2061 spectator
662 1987 694 2041 et
707 1986 849 2060 patrator
857 1979 923 2052 hit
937 1982 1017 2043 bono
1025 1979 1259 2047 Christianismi
1276 1997 1362 2061 qnam
1377 1978 1468 2041 odere

124 2067 247 2138 iudaei,
258 2066 457 2129 describeret
488 2077 542 2144 (ιιι.
552 2083 635 2128 tanat
649 2073 704 2139 22.)

212 2155 310 2235 liujus
321 2156 478 2237 scriptoris
494 2165 525 2219 et
540 2153 761 2244 diligentissimi
778 2164 811 2219 et
819 2157 1023 2220 Romanarum
1038 2176 1137 2221 rerum
1147 2157 1324 2239 peritissimi
1339 2155 1469 2218 historia

126 2263 194 2308 cum
209 2245 299 2307 hodie
315 2245 569 2308 divinobenelicio
586 2248 730 2326 supersit.
747 2247 852 2310 mirum
862 2247 999 2328 equidem
1009 2255 1066 2322 est,
1083 2267 1140 2329 que
1150 2248 1215 2310 lato
1224 2247 1294 2319 iat,
1309 2251 1343 2308 ιι
1354 2243 1464 2308 Chris-

124 2335 200 2396 tiani
223 2335 359 2397 homines
378 2336 479 2416 potius
501 2335 544 2399 illi
559 2334 647 2398 fidem
663 2337 818 2417 derogent,
833 2355 892 2417 quc
907 2337 1067 2398 rotundum
1082 2337 1299 2416 Euangelistae
1315 2351 1469 2396 numerum

124 2425 255 2503 triginta
270 2442 415 2486 annorum
436 2425 532 2505 rigide
548 2432 705 2499 tueantur,
728 2425 811 2487 nulla
821 2425 948 2505 jubente
964 2425 1165 2499 necessitate,
1186 2433 1223 2486 nt
1244 2441 1333 2504 quam
1352 2439 1469 2489 emnem

123 2514 187 2576 illis
200 2513 332 2576 remittit
347 2513 469 2592 adjecta
482 2514 634 2594 particula
656 2515 793 2576 circiter:
817 2533 906 2596 quarn
921 2522 955 2576 ut
970 2533 1009 2574 ex
1029 2513 1088 2576 fide
1103 2514 1231 2595 Josephi
1255 2513 1348 2575 etiam
1361 2511 1469 2574 Evan-

126 2602 305 2682 gelistarum
319 2601 410 2664 fidem
431 2603 468 2664 de
485 2602 600 2666 Christi
615 2603 778 2665 nativitate
800 2603 995 2666 scribentium
1010 2603 1049 2665 ad
1071 2611 1195 2666 exteros
1211 2601 1343 2683 gentiles
1364 2608 1397 2663 ιι
1410 2600 1470 2662 Ju-

126 2692 221 2755 dacos
230 2690 361 2772 Josephi
374 2691 568 2766 contribules,
583 2691 689 2774 quibus
703 2699 806 2754 tamen
817 2691 992 2772 disputandi
1008 2693 1211 2756 conditionem
1220 2686 1369 2764 delerent,
1382 2690 1469 2752 lucu-

125 2781 211 2843 lente
227 2789 261 2842 et
275 2780 455 2860 penetrabili
471 2787 648 2861 argumento
665 2782 881 2844 commendent

75 2905 80 2912 ·
213 2871 260 2931 'lh
274 2888 348 2932 vero
363 2871 462 2932 lector
477 2870 600 2934 (lhristu
617 2869 719 2933 dedite
734 2871 778 2932 sic
793 2879 894 2933 tecum
909 2877 1046 2945 statuas,
1068 2886 1135 2930 cum
1148 2867 1367 2948 Evangelistae
1382 2865 1470 2928 Mat-

126 2959 238 3022 thaeus
261 2965 294 3020 et
314 2959 416 3021 Lucas
437 2960 468 3022 iu
490 2960 693 3040 descriptione
715 2959 886 3024 nativitatis
909 2957 1026 3023 Christi
1048 2959 1232 3021 mentionem
1253 2957 1369 3020 saciant
1389 2955 1471 3034 regis

124 3048 267 3122 Herodis,
282 3065 319 3110 eo
333 3049 402 3129 ipso
417 3056 448 3110 te
464 3048 599 3129 ablegari
616 3049 838 3130 adJosephum,
852 3049 1000 3112 historiae
1016 3047 1146 3110 Herodis
1160 3045 1356 3108 vernaculum
1371 3043 1471 3124 serip-

126 3145 239 3210 torcm,
262 3137 360 3219 adque
383 3155 433 3199 ιιι
447 3137 619 3214 Romanas,
641 3139 747 3220 quibus
764 3140 893 3220 scriptor
907 3139 968 3202 iste
982 3137 1129 3202 Judaicas
1145 3135 1308 3198 connexuit
1313 3153 1322 3208 ;
1346 3134 1391 3196 uti
1407 3133 1472 3214 ejus
1578 3145 1597 3228 ,⁸

124 3223 287 3288 historiam
308 3227 347 3288 ad
372 3227 492 3289 literam
513 3227 700 3291 intellectam
724 3223 830 3302 adeas,
853 3235 1030 3309 tempusque
1054 3225 1229 3288 nativitatis
1252 3222 1368 3290 Christi
1392 3223 1473 3286 inter

127 3335 224 3378 annos
239 3315 372 3378 Herodis
389 3333 531 3398 quaeras:
554 3327 610 3379 ne'c
626 3324 739 3380 temere
753 3317 793 3380 ab
806 3317 859 3380 ille
874 3317 1037 3391 desciscas,
1057 3315 1115 3378 nisi
1132 3314 1227 3376 sicubi
1244 3311 1473 3376 evidentissima

125 3425 158 3467 ιι
174 3405 307 3468 oderant
322 3412 501 3485 argumenta
517 3405 697 3488 sphalmatis
713 3405 864 3487 scriptorii
880 3413 934 3468 aut
948 3406 1053 3487 lapsus
1067 3403 1246 3490 memoriam
1268 3421 1328 3484 qua
1341 3401 1473 3464 hnmana

124 3493 298 3560 conmuona
313 3494 413 3558 nudus
427 3513 558 3576 nuquam
573 3495 657 3570 liber,
671 3495 770 3558 nullus
786 3495 917 3575 scriptor
932 3501 1071 3556 exemtus
1085 3493 1151 3556 fnit

686 3847 805 3948 Caput
831 3846 913 3921 VH

166 4029 226 4094 Do
230 4027 375 4166 ἀιυπιιι
389 4027 465 4092 arari
477 4025 647 4110 principiae
661 4026 749 4178 cpqd
763 4021 1089 4178 dicereqqtscrdpterca
1105 4043 1237 4106 psoram
1246 4022 1431 4090 emanata

672 4133 713 4178 ιιι
732 4135 761 4178 ιι
776 4132 854 4196 opus

210 4296 312 4377 Hujus
328 4311 445 4378 queque
460 4247 571 4375 capitis
592 4311 720 4374 magnus
743 4294 802 4356 erit
815 4311 904 4366 usus,
925 4290 985 4354 hoc
999 4291 1078 4354 enim
1100 4292 1186 4356 velut
1199 4291 1352 4356 Ariadnes
1367 4290 1417 4352 filo
1434 4305 1473 4350 ex

126 4387 227 4450 multis
244 4385 505 4488 computationum
519 4382 702 4466 labyrinthis
717 4401 773 4446 nos
789 4381 1013 4446 extricabimus.
1050 4381 1100 4444 Et
1114 4382 1164 4444 hic
1178 4399 1295 4464 quoqne
1312 4379 1377 4442 dies
1393 4377 1473 4438 diem

127 4477 240 4540 decuit.
264 4493 369 4538 monui
360 4473 533 4576 quaedam
548 4481 620 4538 ante
637 4491 733 4536 annes
749 4479 833 4546 octc;
849 4471 899 4534 hic
910 4471 989 4534 addo
1006 4471 1044 4534 de
1059 4489 1138 4544 novo
1154 4469 1291 4535 cautelas
1306 4483 1470 4548 perneces-

126 4568 230 4641 sarias,
246 4573 322 4628 tunc
339 4563 477 4625 omissas.

209 4653 281 4726 Quo
298 4661 438 4732 tempere
449 4649 590 4716 Christus
599 4659 691 4714 natus
707 4658 764 4726 est,
779 4651 936 4731 imperinm
951 4648 1047 4712 totins
1062 4667 1141 4729 pene
1157 4645 1238 4712 orbis
1251 4642 1471 4727 penesRoma-

123 4763 175 4808 nos
195 4747 266 4810 mit
310 4743 385 4806 Non
400 4749 502 4804 ιιιιιιι
524 4742 661 4804 omnibus
682 4739 855 4804 nationibus
875 4739 1031 4806 uniformis
1055 4738 1156 4818 aliqua
1179 4732 1370 4815 computandi
1392 4732 1472 4796 ratio

121 4836 218 4916 potnit
246 4831 378 4915 imponi.
420 4829 493 4895 Dixi
517 4849 609 4912 snpra
640 4831 678 4894 de
702 4829 831 4894 diversis
855 4827 1033 4904 numerspdi
1062 4823 1327 4892 consuetudinibus
1357 4821 1472 4903 aliquas
