3406 5542
539 393 543 402 ,
674 317 810 386 emm
831 252 993 388 oroma

727 639 846 740 Caput
870 639 934 715 IV.
1052 605 1079 706 ι
1184 671 1188 680 ·

195 817 316 886 Am
328 826 474 884 ιιωιιιιι
486 816 629 882 samem
642 825 724 882 certo
738 837 802 884 acc
822 818 974 908 cffiraqm
995 839 1113 886 uranon
1130 821 1305 888 ιιιιιιιαιὶι
1321 819 1458 898 Christi:
1494 879 1500 886 .

637 915 667 971 et
680 915 896 992 crematam
910 909 1022 992 cpmir.

241 1083 361 1158 Quodsi
375 1103 449 1168 ergo
470 1093 585 1150 certum
600 1105 711 1150 aunum
732 1086 906 1150 nativitatis
922 1084 1215 1176 Christildeaignare
1238 1089 1442 1171 temporisque
1463 1091 1502 1154 ab

152 1175 205 1242 illo
220 1177 262 1238 ad
276 1195 333 1238 nos
348 1195 443 1258 nsque
464 1175 543 1257 lapsi
559 1176 885 1242 summamaddisoere
901 1177 1049 1259 cupimus,
1069 1176 1102 1239 id
1117 1194 1229 1258 operae
1245 1179 1376 1242 dandum
1392 1186 1449 1254 est,
1468 1187 1504 1242 ut

153 1272 284 1348 quatuor
299 1265 391 1328 dictis
405 1265 623 1341 monumentis,
645 1285 686 1328 ιι.
701 1262 847 1347 principio
870 1273 903 1328 et
916 1265 969 1328 lini
982 1265 1231 1346 regniHerodis,
1252 1275 1287 1330 ιι
1303 1267 1402 1331 edicto
1420 1267 1502 1334 Cae-

153 1353 387 1434 sarisAngusti,
401 1363 436 1417 ut
451 1355 594 1420 adventui
603 1373 765 1438 ⁴magorum
780 1361 813 1416 ιι
827 1354 1025 1430 infanticidio,
1041 1361 1077 1418 nt
1092 1354 1220 1436 denique
1238 1356 1288 1420 lo.
1297 1356 1411 1420 'liberii
1421 1377 1501 1422 anno

153 1463 226 1508 suas
242 1443 332 1506 sedes
348 1451 450 1508 certas
466 1443 654 1524 assignemus
669 1444 700 1507 in
716 1443 816 1526 aliqua
831 1463 913 1518 aera,
927 1443 1013 1506 verbi
1028 1461 1122 1508 causa
1136 1445 1167 1508 in
1182 1464 1255 1508 asra
1270 1453 1378 1512 nostra
1392 1447 1500 1522 usuali,

152 1532 239 1614 cnjus
254 1533 305 1596 hic
320 1551 413 1614 supra
427 1533 617 1598 millesimum
632 1533 885 1598 sexcentesimum
899 1539 1075 1596 numeretur
1089 1541 1216 1614 quartus
1232 1534 1374 1598 decimus.
1474 1588 1478 1598 .

240 1621 365 1685 Dixerit
378 1623 428 1686 hic
451 1623 574 1704 aliquis,
595 1622 669 1686 nihil
692 1640 768 1702 opus
783 1641 852 1686 esse
875 1621 992 1686 calculo
1006 1622 1056 1685 vel
1077 1622 1244 1688 locatione:
1268 1643 1428 1688 numerare
1444 1645 1502 1690 nos
1587 1681 1592 1688 .

151 1711 209 1774 hos
227 1710 312 1775 1614
337 1731 433 1775 ιιιοι
452 1733 473 1774 a
488 1710 604 1776 Christi
625 1711 802 1776 nativitate:
826 1718 931 1774 tenere
954 1729 1027 1794 ergo
1048 1712 1246 1777 nativitatem
1267 1714 1361 1777 istem
1383 1713 1500 1778 Christi

151 1807 246 1881 caput
260 1799 464 1880 hujusserae,
479 1801 558 1866 banc
574 1801 677 1864 sedem
693 1800 767 1881 ejus,
782 1807 815 1864 et
827 1800 906 1864 hanc
922 1819 1068 1864 annorum
1079 1821 1229 1868 summam
1249 1822 1327 1866 esse.
1370 1803 1498 1886 Nequa-

151 1907 243 1974 quam
267 1907 340 1953 vero
364 1890 410 1952 ita
433 1890 543 1953 habet:
577 1889 640 1953 ista
660 1908 788 1972 namque
811 1907 956 1953 annornm
981 1909 1113 1966 summa,
1135 1891 1210 1957 licet
1230 1892 1443 1974 receptissima
1467 1901 1501 1957 et

149 1978 273 2064 publius
293 1997 350 2042 usu
370 1979 510 2044 stabilita
532 1978 589 2054 sit,
615 1979 747 2042 brevior-
763 1987 867 2043 tamen
889 1985 954 2055 est,
980 1998 1070 2061 quam
1093 1988 1129 2044 nt
1151 2001 1170 2043 a
1192 1981 1357 2046 nativitate
1381 1981 1501 2046 Christi
1623 2007 1627 2020 ¹

151 2067 336 2132 descendat:
360 2067 511 2132 deiectum
531 2068 667 2132 fatentur
681 2067 834 2149 pleriquec
849 2087 935 2132 mnes
955 2087 996 2132 ex
1016 2070 1229 2134 hodiernorum
1250 2071 1502 2154 chronologorum

151 2155 253 2232 turba,
269 2156 391 2240 quidam
405 2177 495 2220 unum
510 2177 630 2232 annum,
645 2157 767 2238 qnidam
780 2157 932 2222 biennium
948 2157 1171 2224 desiderantes:
1189 2168 1225 2224 ιι
1240 2160 1277 2224 de
1297 2161 1335 2223 iis
1345 2161 1411 2240 jam
1425 2159 1499 2226 nihil

150 2246 268 2321 dicam
289 2247 340 2328 qni
355 2247 395 2309 ad
411 2254 605 2327 quartumet
626 2245 762 2327 quintum
782 2265 876 2329 usque
898 2247 1147 2328 progrediuntur,
1169 2266 1293 2330 qnorum
1313 2250 1363 2314 hic
1377 2251 1499 2331 proprie

150 2353 277 2398 cansam
292 2354 360 2417 ago.
396 2335 467 2400 Etsi
481 2335 561 2400 enim
577 2355 660 2400 error
675 2335 734 2398 iste
756 2336 950 2417 tecitovulgi
972 2355 1122 2400 consensa
1142 2338 1254 2402 sensim
1272 2338 1414 2402 invaluit:
1438 2358 1500 2403 uon

150 2431 225 2488 suut
239 2432 342 2488 temen
361 2424 443 2489 illins
458 2444 569 2488 causae
585 2443 757 2488 communes
778 2425 915 2488 omnibus
937 2443 1088 2508 exaequo
1105 2423 1305 2502 Christianis,
1328 2428 1382 2491 sed
1398 2429 1497 2500 exsti-

134 2514 394 2594 teruntpassim,
410 2515 460 2594 qui
475 2533 607 2578 errorem
621 2515 810 2595 detegerent.
840 2511 930 2586 Quod
943 2521 979 2578 ut
994 2523 1144 2598 appareat
1158 2522 1249 2598 utque
1264 2517 1362 2598 magis
1377 2518 1408 2580 in
1423 2536 1498 2598 pro·

147 2603 261 2684 patulo
274 2603 325 2678 sit,
340 2602 411 2685 quid
426 2603 616 2684 potissimum
631 2603 663 2666 in
678 2602 855 2685 quaestione
870 2610 1013 2686 versetur,
1030 2611 1063 2686 et
1077 2623 1135 2686 qno
1151 2623 1219 2668 com
1234 2605 1408 2670 adversario
1423 2605 1497 2670 mihi

147 2711 200 2756 rea
215 2693 273 2758 sit:
296 2693 445 2774 quaedam
458 2692 561 2756 bicen
577 2691 717 2774 sequenti
731 2691 831 2774 capite
849 2693 899 2756 14.
921 2693 1118 2775 anticipandae
1132 2693 1245 2776 perque
1267 2696 1414 2778 sriptores
1430 2715 1497 2760 om-

147 2782 232 2846 nium
247 2780 417 2848 seculorum
435 2781 562 2846 eundum
581 2789 638 2846 est
1419 2798 1425 2806 ·

239 2867 428 2952 Quamquam
444 2872 602 2938 fecerimus
618 2889 728 2953 operae
743 2870 951 2953 compendium
972 2871 1061 2936 unius
1075 2871 1199 2936 Eusebii
1216 2871 1375 2936 citatione:
1399 2872 1498 2954 quiin

39 2955 41 2958 ’
149 2978 270 3024 canone
285 2959 499 3044 chronologico
515 2962 615 3026 citans
624 2962 736 3025 Patres
752 2959 979 3024 ecclesiasticos
994 2961 1221 3038 antecedentes,
1237 2981 1312 3044 quos
1327 2963 1495 3027 interTer-

141 3048 306 3126 ἰἰι111ιιιι,
322 3043 463 3114 Clemens
475 3049 711 3126 Alexandrinus,
726 3051 869 3114 Ireneaus
879 3051 941 3126 hc,
956 3069 996 3114 ex
1012 3069 1114 3115 eorum
1128 3051 1282 3116 sententie
1301 3052 1497 3116 nativitatem

149 3137 268 3202 Christi
284 3139 416 3204 collocat
431 3139 470 3202 ad
485 3132 602 3203 41.'vel
616 3141 668 3204 42.
678 3139 824 3221 Augusti:
853 3157 920 3203 cum
935 3148 1038 3204 ιιιιιι
1060 3159 1133 3205 aere
1155 3149 1263 3221 nostra
1282 3140 1430 3206 hodierna
1444 3141 1495 3204 in·

148 3227 245 3310 cipiat
267 3228 385 3291 demum
408 3227 492 3292 244.
506 3230 640 3311 Augusti
659 3249 752 3293 anno:
775 3231 878 3311 itaque
900 3229 996 3294 series
1017 3249 1164 3294 annorum
1187 3230 1304 3294 Christi
1325 3231 1356 3298 in
1379 3243 1494 3296 canone

149 3316 279 3381 Elusebii
294 3325 344 3381 est
357 3317 476 3381 unitate
499 3319 627 3394 auctior,
648 3338 738 3400 quam
760 3319 854 3383 series
874 3338 968 3382 aerae
988 3319 1163 3382 hodiernae.
1191 3319 1356 3397 Eusebium
1371 3327 1495 3384 secntns

147 3407 418 3489 estffrercnymus,
433 3407 649 3490 Hieronymum
657 3409 798 3489 Prosper,
813 3409 917 3470 omnes
932 3427 991 3472 uno
1008 3415 1088 3472 tnnc
1103 3408 1172 3490 plns
1187 3417 1390 3484 numerantes,
1406 3429 1495 3492 qoam

147 3495 259 3578 vulgus
274 3496 372 3560 hodie.
398 3495 532 3567 Quorum
547 3495 721 3560 nhmerandi
736 3497 885 3560 radonem
900 3515 938 3560 ex
953 3497 1107 3560 hodiernis
1122 3497 1314 3579 chronologis
1330 3506 1496 3580 sequuntur

149 3583 330 3650 Gerbardns
344 3585 514 3660 Mercator,
534 3586 709 3667 Buntingns
725 3593 757 3649 et
773 3586 832 3648 alii.
869 3586 915 3648 At
929 3604 1001 3648 vero
1017 3605 1077 3649 non
1093 3587 1230 3650 contenti
1252 3586 1311 3650 hac
1325 3587 1495 3652 differentia

149 3671 355 3738 Cassiodorus
372 3683 405 3737 et
420 3673 568 3757 Sulpitins
583 3674 730 3749 Severus,
746 3675 800 3738 sed
814 3675 926 3738 Patres
941 3675 1166 3757 antiquissimos
1182 3675 1316 3756 pressius
1330 3675 1495 3742 imitandos

148 3765 219 3840 rati,
233 3763 287 3828 ille
301 3783 369 3839 uuo,
383 3763 433 3828 ιιι
449 3764 564 3828 dnobus
580 3764 667 3828 annis
689 3763 781 3827 altius
804 3782 892 3846 qoam
906 3763 1055 3827 Eusebius
1077 3765 1271 3829 nativitatem
1288 3763 1403 3829 Christi
1427 3767 1493 3830 col·

147 3853 268 3928 locant,
292 3853 412 3917 biennio
435 3861 468 3916 et
481 3853 612 3918 triennio
627 3854 695 3935 plns
710 3851 875 3928 hebentes,
897 3871 986 3936 qnam
1010 3853 1119 3934 vulgus
1132 3853 1231 3934 hodie.
1276 3853 1494 3919 Cassiodorum

149 3943 430 4024 allegatblarianus
439 3941 562 4018 Scotns,
578 3943 712 4024 sequitur
727 3960 808 4016 vero,
824 3942 995 4017 ntvidetur‚
1010 3943 1106 4024 primo
1117 3941 1272 4020 Severum,
1288 3943 1396 4009 deinde
1412 3943 1492 4008 Cas·
1530 3935 1533 3950 '

149 4031 301 4096 sicdorum
316 4031 417 4114 aliqu'o
431 4051 536 4114 usqne,
553 4031 676 4096 tandem
691 4045 757 4096 cum
766 4031 898 4094 Eusebio
912 4031 1032 4098 reditiu
1041 4031 1172 4113 gratiam
1188 4033 1311 4116 ejusque
1326 4033 1377 4098 iilo
1391 4033 1494 4117 pergit

148 4140 242 4204 usqne
257 4121 298 4184 ad
314 4128 449 4184 aetatem
464 4141 558 4198 suam,
573 4140 684 4185 annum
705 4120 815 4184 abhinc
836 4121 1115 4203 quingentesimum,
1137 4141 1256 4204 semper
1271 4141 1438 4196 annocho,
1460 4123 1492 4186 in

148 4210 368 4293 antiquioribus
390 4211 483 4274 etiam
503 4211 623 4275 biennio
644 4211 712 4293 plps
734 4229 910 4286 numerans,
931 4229 1020 4292 quam
1035 4212 1178 4294 aequqles
1193 4212 1272 4292 ejas,
1294 4231 1369 4295 quos
1383 4211 1492 4291 vulgus

149 4307 285 4367 nostrum
311 4299 456 4382 sequitur.
499 4302 588 4365 Hunc
611 4301 704 4382 igitur
726 4299 858 4363 Mariani
881 4306 1036 4364 auctorem
1060 4299 1276 4367 Cassiodorom
1306 4307 1429 4367 tuentur
1452 4317 1492 4370 ex

149 4389 304 4454 hodiernis
318 4389 474 4470 Josephus
489 4388 629 4472 Scaliger
644 4389 766 4471 ejusque
780 4388 917 4452 imitator
932 4387 1046 4454 Sethns
1062 4387 1224 4456 Calvisius
1586 4464 1592 4476 ,

230 4481 351 4545 Verum
366 4477 518 4542 enimvero
531 4481 563 4544 in
578 4480 636 4543 hoc
650 4478 752 4542 libello
768 4478 840 4542 mibi
855 4497 915 4542 non
929 4481 1090 4563 praecipue
1105 4500 1171 4544 eum
1185 4480 1244 4545 hcc
1263 4479 1384 4544 delectu
1398 4497 1489 4544 aerae

145 4579 266 4635 metrae
282 4568 413 4642 nsuahs,
430 4567 480 4649 qui
496 4577 545 4632 est
557 4569 646 4632 unius
661 4567 711 4631 vel
729 4567 854 4632 duorum
870 4587 1023 4644 annorum,
1037 4589 1087 4633 res
1101 4578 1164 4633 est:
1181 4569 1279 4652 utqui
1293 4567 1490 4634 satiemultos

143 4660 235 4726 habet
244 4679 286 4725 ea
301 4656 461 4736 veteribus
470 4662 504 4719 et
511 4657 671 4733 modernis,
686 4658 737 4740 qui
752 4675 819 4721 eum
833 4657 1028 4740 redarguant,
1042 4659 1150 4740 quibus
1165 4659 1301 4722 omnibus
1316 4665 1349 4720 et
1363 4659 1489 4739 singolis

141 4752 203 4836 ipae
214 4767 342 4838 quoque
359 4745 517 4810 subscribo
532 4747 689 4824 hactenus,
705 4747 803 4828 quoad
819 4748 1017 4830 antiquiorem
1032 4749 1148 4814 faciunt
1157 4745 1271 4811 Christi
1285 4746 1489 4812 nativitatem.

134 4845 179 4912 a:
192 4845 227 4912 in
242 4833 427 4908 delinienda
447 4836 618 4918 quantitate
640 4837 776 4902 delectus
795 4835 885 4919 huius
905 4837 966 4902 nou
979 4829 1049 4902 illos
1062 4844 1198 4912 tantum,
1220 4834 1270 4918 qui
1283 4853 1376 4900 unum
1390 4843 1424 4902 et
1438 4839 1488 4921 qui
