3400 5538
645 257 754 321 Eelopae
777 257 924 306 Chronieae.
1383 257 1444 317 481

120 454 262 520 quorum
292 431 393 515 aliqui
424 430 585 496 Christum
615 453 747 518 passum
778 437 928 497 asserunt
957 451 1042 495 anrro
1073 449 1121 510 eo,
1153 432 1208 514 qui
1236 433 1389 516 competit
1416 433 1448 496 in

120 525 287 591 «Iulianum
316 525 369 601 to,
399 518 500 602 aliqui
526 541 636 588 manse
663 521 796 599 hlsrti03
828 519 963 586 accedat
993 519 1203 586 consideratio
1230 541 1358 598 causae,
1391 541 1449 584 cur

117 613 239 695 reliqui
268 631 388 678 annum
419 613 470 673 78.
502 617 534 674 et
563 611 706 694 Aprilem
737 611 888 688 dixerint,
919 609 994 692 quia
1017 609 1085 674 scil.
1109 615 1275 693 putarunt,
1308 609 1449 675 Judaeos

120 704 219 787 plane
249 709 450 766 astronomos
479 696 578 764 luisse
607 699 750 783 nihilque
780 701 947 764 aberrasse
970 721 1044 764 cum
1068 699 1163 783 cyclis
1186 699 1267 764 suis:
1299 701 1447 776 inveniet,

122 813 243 857 annum
282 794 334 855 78.
374 793 407 852 et
435 787 581 870 Aprilem
618 789 678 854 soli
705 791 938 878 astronomiae,
969 789 1069 854 ueluti
1098 789 1238 872 perfecte
1267 810 1288 853 a
1318 790 1336 854 J
1341 789 1450 854 udaeis

121 881 316 946 observatae
349 877 451 960 (quod
484 899 543 960 per
574 899 607 943 se
635 879 795 943 incertum
825 883 890 958 est,
923 877 1020 941 etiam
1050 878 1118 942 sine
1149 880 1311 944 contrario
1341 880 1448 958 teste),

120 969 223 1050 inniti,
249 987 353 1051 exque
375 985 414 1030 ea
436 985 554 1045 omnes,
579 986 662 1048 quae
685 968 917 1051 producuntur,
940 967 1148 1031 auctoritates
1160 965 1305 1047 fluxisse3
1330 987 1451 1032 annum

121 1079 197 1123 sero
235 1063 286 1123 76.
324 1061 357 1120 et
393 1055 720 1120 mensem'Martium
752 1056 898 1120 omnibus
929 1057 1045 1121 ceteris
1075 1056 1327 1120 auctoritatibus
1356 1055 1452 1120 inniti

123 1148 281 1230 nullaque
311 1166 347 1210 re
374 1144 563 1227 impugnari,
595 1145 657 1210 nisi
679 1145 820 1228 perlecta
842 1146 1047 1225 astronomia,
1077 1165 1173 1228 quem
1197 1151 1305 1210 tamen
1329 1145 1450 1208 nodum

122 1238 216 1313 solvit
239 1235 448 1319 Epiphanius.
606 1301 610 1318 Ι

202 1333 405 1385 Herwartus
431 1329 584 1398 Keplero
605 1328 631 1382 S.
656 1327 699 1382 19.
721 1328 834 1382 Januar.
860 1329 942 1384 1609.
968 1329 1218 1399 (epistolatim.)
1250 1327 1327 1390 Quod
1349 1327 1451 1382 attinet

122 1409 321 1484 dubitationem
341 1409 375 1462 de
397 1425 466 1461 anno
488 1407 620 1478 passionis
642 1407 753 1471 Christi,
774 1410 874 1462 nubem
895 1415 1036 1462 auctorum
1057 1425 1257 1470 commemoras,
1279 1425 1346 1478 quos
1364 1410 1449 1461 addu-

122 1497 169 1546 cat
188 1489 351 1551 nasarius,
378 1487 425 1559 qni
450 1495 594 1550 testentur,
622 1487 758 1542 Christum
779 1505 849 1542 anno
870 1488 980 1542 Juliano
1003 1489 1047 1544 76.
1069 1505 1187 1557 passum.
1219 1487 1258 1554 (in
1277 1508 1358 1560 marg.
1378 1495 1449 1558 Kep-

122 1578 205 1628 lerus:
233 1571 305 1636 Quos
331 1585 415 1638 supra
434 1567 553 1638 produxi
573 1567 651 1636 epist.
672 1563 768 1647 XVI).
788 1569 826 1622 Et
846 1568 909 1621 novi
928 1569 1043 1638 quidem,
1065 1569 1128 1638 quid
1151 1575 1199 1621 aut
1220 1585 1287 1638 qnos
1309 1570 1363 1630 ille,
1387 1567 1446 1632 (sou

121 1650 213 1720 potius
234 1651 284 1702 sub
304 1663 423 1719 persona
442 1647 537 1702 Poloni
556 1645 728 1717 personatus)
756 1647 782 1700 in
802 1647 934 1710 thesibus,
960 1665 1028 1718 quas
1049 1649 1147 1708 habeo,
1170 1648 1284 1718 alleget.
1324 1653 1363 1703 At
1385 1664 1447 1702 cum

121 1731 265 1799 probabile
286 1728 351 1782 mihi
371 1728 414 1790 sit,
436 1727 511 1782 illum
531 1729 637 1782 interea
655 1729 748 1798 plures
769 1727 903 1782 invenisse
919 1728 1022 1800 tibique
1048 1728 1273 1796 communicasse:
1306 1744 1384 1798 rogo,
1414 1735 1446 1780 ut

122 1811 184 1864 illos
205 1809 270 1864 mihi
291 1808 476 1870 eommunices,
505 1814 554 1860 aut
574 1807 712 1878 epistolas,
733 1791 801 1878 esuas
822 1809 875 1861 hac
896 1810 930 1861 de
950 1826 981 1862 re
1002 1810 1036 1861 ad
1058 1815 1086 1861 te
1108 1797 1265 1876 scripsit⁴').
1376 1858 1382 1889 Ι

202 1891 402 1944 Hermartus
429 1887 577 1956 Keplero
604 1889 631 1941 S.
662 1887 707 1942 28.
734 1893 799 1958 Apr.
829 1889 912 1943 1611.
943 1889 1068 1958 (Epistola
1084 1892 1208 1954 XXXVI.)
1244 1884 1447 1956 Clrronologica

123 1971 196 2040 quod
222 1969 329 2030 attinet,
356 1973 467 2038 gratum
493 1967 557 2021 mihi
583 1975 625 2021 est
651 1967 755 2030 auditu,
781 1977 809 2021 te
830 1967 929 2021 seriam
951 1968 977 2022 in
999 1967 1030 2020 iis
1051 1984 1163 2036 operam
1184 1967 1327 2021 collocare.
1370 1965 1448 2028 Quod

121 2067 189 2102 sero
210 2065 285 2102 meas
306 2047 333 2102 in
353 2049 443 2116 specie
463 2048 558 2102 literas
580 2049 687 2110 attinet,
716 2048 845 2120 indignae
866 2048 973 2119 quidem
994 2063 1045 2100 eae
1066 2054 1137 2110 sunt,
1166 2063 1237 2118 quae
1258 2047 1447 2115 publicentur:

124 2147 213 2200 eoque
233 2128 350 2182 fortasse
371 2133 497 2196 praestat
515 2145 613 2182 nomen
634 2145 722 2182 meum
742 2128 840 2181 omitti.

204 2253 369 2323 Sequitur
403 2269 443 2305 ex
479 2252 526 2305 Je.
561 2251 717 2306 Mariana
745 2252 897 2321 Hispano
931 2251 1070 2304 Jesuita
1103 2251 1347 2320 fragmentum,
1384 2266 1448 2321 qno

123 2333 308 2405 detegitur
328 2331 429 2402 origo
450 2331 693 2400 transpositae
714 2331 895 2412 memoriae
915 2330 1091 2399 passionis
1114 2331 1254 2390 Christi.

205 2431 304 2486 Statno
331 2445 414 2499 ergo,
448 2427 584 2482 Christum
610 2444 721 2499 passum
747 2433 818 2482 anno
846 2415 947 2482 aetatis
975 2429 1021 2482 34.
1049 2427 1191 2490 inchoato,
1222 2434 1287 2481 tune
1314 2428 1448 2481 iacobum

124 2513 286 2582 Apostolum
306 2511 342 2563 ab
357 2509 467 2562 Herode
482 2509 599 2562 occisum
619 2515 716 2562 octavo
736 2515 799 2577 post
815 2521 894 2572 anno,
915 2525 968 2562 non
989 2507 1113 2576 amplius,
1135 2507 1299 2562 Christian.
1321 2507 1447 2577 Denique

124 2593 239 2646 Petrum
264 2591 424 2658 Apostolum
451 2589 564 2641 Ιιοιιιιιι
590 2588 697 2641 venisse
723 2597 786 2658 post
812 2587 948 2641 biennium
976 2589 1106 2649 alterum,
1141 2603 1211 2640 anno
1239 2586 1340 2640 Christi
1368 2585 1446 2648 44⁸).

205 2671 334 2724 Poteram
360 2668 468 2740 quidem
493 2666 595 2721 Christi
619 2673 731 2721 mortem
759 2683 814 2724 unu
838 2683 909 2721 anno
930 2683 1107 2736 praeponere,
1134 2667 1316 2720 recentiorum
1337 2673 1448 2719 secutus

127 2750 301 2811 sententiam,
322 2748 367 2819 qui
388 2748 524 2801 Christum
546 2747 682 2804 affirmant
702 2753 793 2801 actum
814 2746 841 2800 in
861 2763 968 2801 erucem
989 2746 1035 2801 33.
1056 2747 1225 2810 ritaeanno,
1246 2746 1348 2815 Aprilis
1364 2745 1446 2799 niet.

125 2832 216 2894 Quam
241 2829 376 2882 rationem
403 2827 503 2896 primus
531 2825 637 2880 invexit
656 2825 827 2898 Rogflerius
848 2827 1000 2886 Baehon,
1027 2825 1144 2895 epistola
1169 2829 1204 2879 od
1225 2826 1392 2880 Clementem
1412 2823 1447 2879 V.

126 2913 205 2965 Rom.
232 2909 310 2963 Pont
337 2909 452 2962 Secutus
485 2913 528 2960 est
557 2907 630 2960 haud
656 2909 740 2976 longo
766 2907 906 2976 proximus
934 2907 1078 2960 intervallo
1103 2907 1208 2960 Paulus
1231 2905 1384 2976 Burgensis
1411 2907 1446 2958 ad

124 3009 148 3044 c.
189 2989 286 3043 biattla
325 2988 371 3042 26.
403 2987 486 3048 lacta,
517 2987 558 3040 uti
588 2987 646 3056 ipse
678 2987 804 3048 affirmat,
820 2987 930 3040 ·Luuae
960 2987 1141 3040 calculatione
1167 3003 1228 3039 enm
1253 2987 1445 3040 Hebraeorum

124 3069 232 3140 peritis,
259 3069 330 3139 quod
350 3067 488 3123 Allousum
508 3067 666 3121 Tonstatum
693 3066 861 3136 provocarit,
888 3073 919 3119 ut
939 3065 1010 3119 senis
1032 3065 1059 3119 iu
1079 3066 1219 3126 Hetruria.
1248 3065 1294 3119 ubi
1315 3065 1446 3118 Pontifex

125 3159 194 3204 tune
214 3155 283 3210 erat,
305 3147 376 3201 inter
396 3162 477 3212 unam
498 3154 527 3199 et
546 3147 644 3218 viginti
664 3148 765 3210 theses,
787 3162 856 3217 quas
876 3162 949 3199 more
970 3144 1340 3215 peripateticodisputandas
1351 3144 1446 3214 junior

126 3228 277 3300 proposuit,
303 3227 330 3281 id
356 3227 442 3295 ipsum
467 3233 599 3282 tueretur.
642 3227 760 3281 offendit
780 3227 911 3297 quosdam
926 3241 1019 3280 norae
1039 3225 1113 3278 eoois
1135 3233 1164 3278 et
1183 3225 1279 3294 placiti
1300 3223 1447 3278 insolentia

125 3319 210 3380 atque
243 3307 314 3361 inter
345 3307 412 3361 alios
438 3306 517 3360 Joan.
547 3307 782 3360 Turrecrematam
809 3305 994 3367 Cardinalem,
1021 3305 1143 3376 quamvis
1170 3323 1206 3358 ex
1234 3307 1332 3358 eadem
1358 3311 1444 3376 gente

124 3391 285 3458 Hispanum,
311 3403 399 3457 neque
418 3383 494 3456 prius
514 3386 627 3449 destitit,
648 3403 729 3457 qnam
749 3401 784 3438 ea
803 3385 967 3440 thesiinter
988 3386 1057 3438 alias
1078 3386 1209 3454 quasdam
1226 3384 1330 3452 judicio
1351 3383 1445 3438 Ponti·

123 3469 183 3524 licis
207 3468 367 3536 reprobata;
394 3483 465 3538 quae
490 3466 595 3520 occasio
617 3465 724 3519 exstitit
744 3465 850 3520 auctori
870 3465 968 3519 edendi
988 3464 1142 3526 defensorii,
1164 3481 1217 3534 quo
1238 3465 1307 3518 libro
1329 3463 1443 3518 liberius

125 3564 208 3620 quam
228 3563 279 3616 par
299 3554 372 3600 esset
392 3546 419 3599 iu
439 3545 574 3600 Pontificio
596 3545 787 3599 auctoritatem
808 3551 838 3596 et
856 3559 988 3613 responsa
1006 3543 1151 3597 inuehitur.
1192 3544 1270 3605 Quod
1287 3543 1445 3597 severitatis

125 3630 281 3696 exemplum
302 3642 354 3680 non
375 3627 508 3680 deterruit
526 3625 700 3695 posteriores,
721 3641 773 3696 quo
794 3625 880 3677 minus
901 3639 962 3678 eam
979 3623 1130 3692 opinionem
1147 3630 1341 3693 aequoreorum
1363 3625 1444 3677 Joan.

124 3707 285 3764 Sttsserinus
299 3706 327 3760 in
342 3722 390 3760 auo
405 3705 575 3768 Calendario,
596 3706 657 3760 Job.
672 3705 793 3764 Lundus‚
814 3704 913 3758 Petrus
927 3703 1036 3758 Pitatua
1050 3703 1215 3758 Veronensis
1230 3719 1263 3757 so
1278 3703 1446 3775 reliquorum

125 3789 272 3858 applausu,
292 3785 341 3839 rix
365 3793 396 3840 ut
416 3785 558 3857 quisquam
578 3787 694 3838 auderet
713 3783 1032 3856 diversamlsententiam
1052 3781 1132 3836 tueri.
1173 3783 1229 3836 Nos
1245 3783 1354 3855 quidem
1369 3791 1446 3838 certe

125 3874 259 3937 separata
277 3865 460 3934 disputatione
481 3881 528 3918 eos
548 3881 639 3918 omnes
659 3863 718 3919 falti
739 3863 766 3917 in
787 3863 843 3916 suis
863 3862 1013 3916 rationibus
1034 3862 1125 3916 multis
1146 3863 1317 3933 argumentis
1334 3864 1445 3917 demon·

124 3947 286 4010 stravimus,
315 3962 387 4016 quae
412 3953 444 4000 ut
469 3945 521 3998 hoe
547 3946 606 3998 loce
635 3943 820 4013 explicentur,
851 3957 953 4011 operae
978 3957 1033 3996 non
1059 3948 1114 3995 est:
1144 3942 1212 3998 illud
1238 3950 1348 3998 constat
1369 3944 1444 3996 haud

125 4026 246 4088 dubium,
273 4032 380 4078 veteres
407 4033 509 4093 patres,
536 4031 594 4078 tum
618 4025 738 4084 Graecos
764 4032 821 4076 turn
846 4021 968 4084 Latinos,
996 4023 1032 4076 ad
1058 4037 1141 4076 unum
1166 4039 1287 4078 mensem
1312 4021 1445 4077 Martium

124 4105 229 4160 Christi
253 4111 367 4159 mortem
391 4103 574 4174 descripsisse,
596 4103 718 4174 quamvis
738 4103 773 4156 de
793 4102 837 4156 die
858 4102 1063 4172 discrepuerint.
1105 4101 1205 4156 Graeci
1227 4103 1298 4156 enirn
1318 4102 1377 4154 iere
1399 4101 1445 4154 23.

124 4186 186 4256 ejus
207 4185 306 4239 mensis
327 4184 397 4238 diem
417 4183 570 4255 designaut.
591 4183 684 4240 Latini
705 4183 749 4237 ⁸25).
772 4183 801 4235 ld
819 4181 1019 4252 martyrologia
1033 4181 1152 4252 laetique
1168 4176 1347 4236 ecclesiastici
1358 4179 1446 4233 secuti

125 4273 192 4320 sunt
211 4265 273 4335 pari
292 4281 433 4328 consensu,
454 4271 529 4318 certe
549 4265 651 4325 Bedae,
672 4271 747 4316 certe
759 4262 884 4324 Usuardi,
906 4269 935 4314 et
948 4262 1061 4332 propria
1074 4263 1245 4332 singularum
1260 4261 1446 4320 ecclesiarum,

124 4347 173 4400 sed
200 4352 230 4399 et
249 4346 400 4399 Romanum
425 4351 503 4398 retus
529 4343 555 4398 id
581 4360 741 4413 expressum
762 4360 794 4395 eo
815 4342 908 4396 Martii
929 4341 973 4395 die
994 4342 1058 4397 olim
1078 4343 1185 4406 habuit,
1206 4343 1278 4413 quod
1299 4341 1361 4394 nori
1383 4357 1445 4393 eon·

123 4425 309 4480 sarcinatores
333 4429 444 4493 propter
464 4430 574 4479 enatam
594 4439 692 4477 noram
712 4421 864 4493 opinionem
883 4429 1087 4492 expunxerunt,
1110 4423 1150 4476 ita
1169 4429 1271 4483 tamen,
1292 4426 1324 4473 ut
1345 4419 1445 4488 impru-

196 4591 224 4655 ιι)
256 4591 375 4658 Sequitur
398 4602 485 4640 aeram
507 4589 689 4653 Dionysianam
712 4590 738 4638 iu
762 4590 894 4638 nativitate
913 4587 1015 4645 Christi,
1039 4589 1157 4638 atillam
1176 4589 1261 4636 aeram
1278 4584 1353 4635 hodie
1371 4585 1446 4648 vulgo

124 4667 280 4730 intelligunt
317 4662 350 4712 m
373 4662 515 4726 passionem
538 4675 586 4710 nec
608 4663 635 4712 in
652 4655 695 4710 76.
714 4659 766 4710 Jul.
785 4661 882 4710 coniert
899 4675 946 4709 aec
965 4661 990 4709 ia
1008 4654 1051 4717 78,
1071 4659 1116 4708 sed
1134 4661 1159 4707 in
1177 4651 1220 4716 79,
1238 4664 1268 4706 ut
1285 4663 1312 4706 et
1329 4656 1374 4704 alii
1391 4657 1446 4720 qui-

123 4737 191 4796 dam,
218 4735 264 4785 sed
287 4745 428 4799 perperam.
466 4731 542 4798 Origo
568 4740 594 4782 et
618 4734 714 4782 novitas
733 4733 855 4796 opinionis
874 4733 904 4782 de
923 4733 1038 4798 passione
1057 4729 1150 4780 Christi
1168 4729 1193 4777 in
1213 4742 1279 4777 mne
1297 4739 1373 4778 aerae
1392 4725 1446 4778 vul·
1480 4722 1491 4748 ⁴

122 4810 192 4874 paris
212 4805 256 4857 33.
276 4820 326 4856 non
343 4801 387 4860 31,
405 4803 460 4852 seii.
479 4805 505 4853 in
523 4817 588 4854 auno
606 4803 657 4854 tol.
676 4798 719 4853 78.
739 4817 788 4852 non
807 4797 850 4860 76,
868 4809 895 4852 et
912 4801 936 4852 3.
948 4802 1042 4868 Aprilis
1060 4805 1109 4850 non
1127 4797 1170 4849 23.
1184 4799 1278 4852 Martii.
1366 4849 1380 4867 ,

230 4897 315 4951 raras
328 4895 393 4963 ope:
406 4893 440 4938 rr.
501 4953 507 4972 ι
1202 4885 1235 4937 31
