3390 5542
1221 6 1275 8 --.-
1298 4 1404 12 -.-.-.-.,,
1427 7 1541 17 „—-..,..
1676 10 1691 12 ..

565 243 741 334 Stereometqis
757 247 826 298 Dalii
845 249 979 298 Austriaci.
1253 205 1257 212 Ι
1366 253 1429 312 tlt

207 423 260 480 Vel
282 423 441 496 quodidem
463 431 518 488 est,
543 441 682 480 numerum
707 425 834 497 quadrati
854 426 964 496 majoris
983 417 1141 496 multiplica
1154 427 1181 482 io
1201 428 1361 484 diametrum
1382 431 1430 488 mi·

117 521 212 560 norom
238 513 267 558 ot
293 505 344 568 sao,
365 511 545 558 utrumnam
571 507 765 574 quadratorum
784 509 819 560 ad
850 507 1030 561 differentiam
1056 507 1248 562 diametrorum
1275 509 1431 574 transisit

116 585 220 640 factum
243 587 277 638 ad
298 590 430 655 quartum,
452 583 497 654 qui
519 584 571 638 erit
591 587 753 656 quadratum
773 574 867 646 CG.⁸⁸)

209 663 436 734 Corollariurn
460 665 508 719 ΙΙΙ.
554 665 583 720 Si
608 667 770 735 quadratum
795 667 845 720 AG
871 667 905 734 qd
934 669 1096 737 quadratum
1116 666 1161 722 AG
1190 673 1233 720 est
1256 675 1288 721 nt
1311 670 1323 723 1
1348 671 1383 722 ad
1405 670 1431 732 2.

116 745 171 800 DV
199 753 242 798 est
264 747 380 798 ‘duarum
405 743 581 798 medietatum
610 744 841 798 arithmeticamnr
868 745 939 800 inter
966 747 1023 809 TC,
1048 747 1098 802 AV
1124 745 1222 816 mayorq
1249 748 1310 800 hinc
1336 749 1431 816 praxis

118 825 242 878 brevior:

546 902 681 962 ornnem
723 885 767 958 r'o.
789 905 835 959 20.
857 905 903 1038 laq.
927 905 972 960 22.

452 1145 458 1162 ,
769 1113 772 1124 ·
832 1082 889 1136 399
911 1083 1073 1152 quadratum
1094 1082 1147 1136 60.

207 1157 439 1213 Corollariunr
464 1159 510 1213 IV.
557 1159 633 1214 Sicut
659 1177 689 1214 se
718 1160 901 1214 habet-basis
926 1163 1011 1216 rninor
1036 1163 1124 1215 trunci
1151 1164 1186 1215 ad
1206 1163 1286 1216 basin
1307 1163 1431 1232 cylindri,

118 1247 170 1294 aut
195 1242 359 1310 quadratum
384 1239 478 1292 lateris
510 1239 618 1294 moliris
645 1240 733 1293 trunci
762 1243 796 1294 ad
826 1243 989 1311 quadratum
1018 1241 1169 1295 altitudinis
1195 1242 1318 1312 cylindri,
1345 1243 1383 1296 sic
1403 1259 1432 1296 se

118 1319 207 1373 hahet
226 1320 359 1372 diammm
378 1319 487 1371 minoris
508 1319 581 1373 hosis
601 1322 635 1375 ad
657 1320 830 1404 compositam
849 1321 910 1376 DV.

634 1429 808 1510 Theorema
829 1429 913 1496 VIII.

119 1535 161 1600 In
183 1533 326 1618 cylindro
348 1541 377 1598 et
399 1539 507 1599 trunco
531 1537 634 1600 conico
661 1538 838 1618 conjnyotis
865 1537 1072 1602 altitudinum
1093 1537 1256 1619 proportio
1278 1540 1434 1618 componi·

119 1631 173 1688 tnr
206 1644 245 1687 ec
277 1627 477 1704 proportione
504 1625 725 1688 diametrorum
754 1627 788 1688 in
817 1625 957 1707 imitus,
987 1628 1104 1690 minori
1130 1627 1229 1721 coqrici
1261 1627 1373 1704 trnnci,
1405 1631 1435 1692 et

117 1719 256 1795 ntroqne
296 1711 447 1795 cylindri,
489 1716 519 1776 et
549 1733 587 1776 cc
627 1714 827 1866 propotrrtqqrqi
866 1715 1097 1796 perpendiculi
1121 1716 1164 1780 nd
1197 1715 1283 1834 totns
1319 1715 1435 1780 acclive

207 1909 245 1973 ln
274 1906 432 1973 schemate
459 1911 510 1971 24.
534 1907 598 1972 sint
619 1907 741 1992 figurae
764 1911 951 1993 conjugatae
974 1907 1087 1974 CGAX
1109 1914 1142 1974 ct
1164 1907 1282 1988 CTAV,
1305 1909 1340 1972 in
1362 1909 1432 1993 qui·

119 1995 182 2062 bus
206 1995 351 2061 diametri
372 1995 501 2078 baseon,
525 1996 657 2079 cylindri
681 1997 744 2074 GG,
761 1997 826 2078 XA,
851 1998 954 2064 trunci
975 1998 1078 2063 minor
1094 1998 1155 2078 CT,
1171 2000 1273 2081 major
1290 1997 1356 2076 VA,
1379 1998 1434 2062 sit·

122 2107 188 2168 que
218 2084 478 2168 perpendiculum
506 2086 612 2148 trunci
642 2085 704 2164 TR,
735 2085 820 2152 latus
849 2086 967 2151 acclive
990 2087 1052 2152 TA.
1098 2087 1176 2152 Dico
1198 2087 1435 2170 proportionem

121 2174 332 2240 altitudinum
361 2173 493 2256 cylindri
521 2173 578 2239 GA
600 2174 642 2239 ad
664 2177 770 2239 trunci
792 2174 846 2239 ΤΒ
868 2177 1011 2258 componi
1029 2196 1067 2240 ex
1089 2175 1293 2259 proportione
1316 2173 1370 2240 60
1392 2173 1435 2238 ad

121 2263 175 2328 CT
205 2268 297 2327 etex
323 2263 526 2346 proportione
555 2261 610 2327 AT
632 2263 674 2327 ad
703 2265 770 2330 ΤΒ.
814 2263 1029 2328 Theorematis
1058 2263 1158 2347 ipsius
1187 2263 1287 2327 facilis
1310 2269 1359 2326 est
1381 2262 1434 2326 de·

120 2351 326 2430 monstratio,
349 2371 408 2416 nec
429 2352 532 2415 minus
555 2355 663 2417 tamen
686 2353 857 2436 separatim
877 2351 937 2416 suit
957 2353 1124 2428 tradenda,
1148 2350 1381 2416 ob'corollarr'a
1404 2358 1436 2415 ct

121 2440 306 2522 analogiam
334 2437 517 2504 notabilem.
571 2440 650 2506 Cum
677 2441 759 2504 enim
787 2441 828 2505 sit
858 2440 911 2505 06
941 2441 984 2505 ad
1014 2439 1070 2503 GA
1099 2441 1182 2505 sicut
1213 2439 1263 2505 GT
1294 2440 1336 2503 ad
1369 2439 1434 2519 TA,

120 2529 327 2612 permutatim
357 2528 454 2611 igitur
489 2529 549 2592 erit
579 2527 632 2592 GC
659 2530 701 2594 ad
725 2529 776 2595 CT
797 2535 833 2594 ut
856 2528 913 2592 GA
934 2529 977 2594 ad
999 2529 1062 2594 AT.
1108 2529 1170 2594 Sed
1192 2529 1356 2611 proportio
1378 2527 1436 2592 GA

121 2617 165 2682 ad
189 2616 244 2681 TR
265 2617 440 2699 composita
461 2621 510 2681 est
531 2638 570 2680 ex
585 2619 789 2702 proportione
817 2617 874 2684 GA
896 2617 938 2681 nd
960 2619 1014 2682 AT
1037 2622 1070 2682 et
1092 2639 1131 2682 ex
1152 2617 1358 2701 proportione
1380 2616 1435 2683 AT

122 2703 194 2770 TR:
219 2726 291 2788 ergo
315 2705 410 2771 etiarn
432 2726 472 2769 ex
494 2705 547 2770 GC
569 2706 612 2770 ad
635 2705 697 2785 CT,
719 2710 752 2770 ct
773 2727 812 2771 ex
833 2705 887 2771 AT
910 2706 952 2772 ad
974 2705 1038 2771 ΤΒ.

210 2816 440 2871 Corollarlurrr
467 2822 501 2870 et
524 2817 648 2885 praxis
675 2820 898 2888 quaerendae
919 2817 1129 2873 altitudinis.
1169 2815 1250 2871 Datis
1272 2815 1316 2886 CT
1336 2822 1365 2869 et
1383 2817 1435 2871 VA

121 2913 173 2966 per
190 2897 375 2965 praemissam,
397 2899 478 2950 datur
504 2897 587 2951 etiam
612 2899 775 2966 quadratum
800 2898 883 2967 ipsius
904 2897 964 2962 CG;
985 2899 1052 2952 data
1070 2913 1137 2951 nero
1156 2897 1332 2966 proportione
1352 2894 1435 2963 hujus

122 2977 251 3048 quadrati
280 2975 327 3029 CG
356 2978 390 3029 ad
420 2977 582 3047 quadratum
603 2979 660 3040 GA,
688 2978 770 3030 datur
790 2978 873 3032 etiarn
893 2979 1055 3049 quadratum
1075 2978 1124 3032 611
1145 2983 1174 3029 et
1194 2977 1356 3046 quadratum
1377 2976 1432 3029 TA.

122 3057 178 3111 Sed
203 3063 232 3109 et
257 3034 410 3109 differOotia
436 3056 555 3125 ipsarum
581 3056 640 3121 CT,
666 3058 717 3111 VA
741 3063 808 3111 nota
832 3063 882 3121 est,
903 3075 939 3111 sc.
960 3059 1022 3112 BA:
1049 3062 1078 3109 et
1098 3056 1260 3126 quadratum
1280 3057 1326 3109 TA
1347 3053 1434 3122 majus

123 3145 167 3189 est
186 3139 320 3205 quadrato
347 3136 395 3191 Tlt
418 3141 499 3205 parte
523 3143 624 3206 quarta
650 3137 776 3206 quadrati
796 3139 844 3193 BA
864 3136 892 3190 in
912 3137 983 3190 ornni
1003 3135 1202 3205 conjugatione.
1242 3133 1344 3205 anguli
1366 3133 1437 3186 enirn

123 3218 159 3269 ad
181 3216 201 3268 0
222 3223 251 3268 et
271 3217 292 3269 T
313 3216 441 3284 aequales
462 3221 532 3278 sunt,
554 3221 583 3269 et
603 3215 654 3277 CT,
675 3218 723 3269 VB
737 3219 867 3288 aequales
888 3233 925 3270 ex
946 3217 1101 3286 hypothesi,
1122 3221 1204 3285 atque
1219 3214 1301 3268 etiarn
1316 3214 1435 3282 paralle-

122 3298 182 3349 lae:
203 3295 332 3348 connexis
352 3295 438 3364 igitur
462 3296 493 3358 B,
513 3297 544 3356 Τ,
574 3295 627 3348 erit
646 3296 691 3349 ΒΤ
718 3297 840 3366 aequalis
862 3296 911 3365 ipsi
938 3296 999 3357 CV;
1021 3298 1067 3348 sed
1088 3295 1158 3350 haec
1178 3301 1221 3347 est
1240 3293 1364 3363 aequalis
1385 3291 1437 3361 ipsi

123 3376 171 3430 TA
191 3391 229 3428 ex
247 3375 407 3444 hypothesi,
428 3391 496 3444 ergo
517 3375 587 3428 BTA
608 3368 734 3429 isos'oeles
761 3382 816 3438 est,
851 3375 927 3444 cujus
948 3375 995 3430 Tlt
1015 3374 1248 3444 perpendiculum:
1275 3373 1369 3442 itaquo
1388 3373 1437 3424 Blt

123 3461 167 3507 est
187 3455 310 3525 aequalis
332 3453 382 3523 ipsi
402 3455 460 3516 RA,
482 3470 567 3524 eoque
588 3456 750 3523 quadratum
769 3456 817 3509 ΒΑ
837 3456 1018 3524 quadruplum
1039 3454 1122 3522 ipsius
1142 3453 1200 3506 Ra.
1229 3453 1333 3506 Ablata
1353 3451 1439 3522 igitur

122 3541 204 3604 parte
225 3541 324 3604 quarta
344 3533 473 3603 quadrati
492 3535 542 3587 BA
562 3549 580 3585 a
595 3535 728 3602 quadrato
749 3534 804 3596 TA,
825 3541 912 3587 restat
926 3535 1088 3603 quadratum
1108 3533 1155 3586 ΤΒ
1170 3531 1320 3586 altitudinis
1340 3530 1437 3594 trunci,

123 3615 194 3686 quod
216 3621 403 3683 comparatum
425 3629 484 3666 cunr
505 3613 638 3683 quadrato
660 3615 709 3667 GA
728 3613 868 3668 constituit
888 3613 1039 3683 quaesitam
1059 3611 1266 3681 proportionem

682 3719 879 3789 Exempla

212 3817 255 3872 Sit
279 3817 322 3871 70
351 3818 402 3881 19,
428 3817 480 3871 AV
506 3816 551 3870 22.
598 3816 700 3878 Quodsi
727 3819 889 3888 quadrat-mn
914 3816 959 3870 60
989 3815 1072 3868 hrerit
1089 3815 1131 3868 ud
1159 3815 1208 3868 GA
1234 3815 1358 3883 duplum,
1384 3811 1437 3866 erit

123 3899 288 3968 quadratum
308 3896 353 3950 GC
374 3903 406 3950 ut
424 3895 498 3965 prius
510 3896 574 3950 399.
605 3895 667 3949 Erit
687 3897 771 3966 igitur
792 3899 955 3966 quadratum
965 3896 1015 3950 Ga
1024 3895 1082 3948 399
1095 3893 1217 3948 semisses
1227 3896 1270 3948 vel
1293 3893 1349 3948 798
1370 3907 1436 3961 qua·

124 3981 250 4032 draates:
271 3977 383 4046 proinde
404 3993 464 4030 cunr
481 3973 646 4045 'quadratum
666 3978 700 4029 de
724 3977 759 4030 19
785 3977 821 4030 sit
841 3975 907 4039 361,
928 3975 982 4029 erit
1002 3975 1084 4028 etiarn
1104 3975 1150 4029 TA
1171 3973 1224 4028 361
1250 3973 1372 4027 semisses
1393 3945 1442 4024 rei

126 4058 184 4113 722
205 4059 378 4126 quadrantes.
426 4056 551 4125 Denique
578 4071 637 4109 cunr
663 4057 816 4118 differentia
841 4055 885 4110 CT
911 4061 939 4108 et
959 4056 1017 4118 VA,
1044 4071 1079 4107 so.
1104 4055 1139 4108 19
1160 4059 1188 4106 et
1209 4054 1245 4108 22
1268 4053 1303 4104 sit
1322 4051 1348 4114 3,
1370 4065 1436 4120 qua-

125 4140 233 4191 dratum
255 4137 282 4199 9,
301 4153 366 4206 pars
387 4147 487 4206 quarta
507 4137 525 4190 9
552 4137 730 4206 quadrantes:
758 4135 836 4189 auter
861 4135 910 4188 hos
936 4151 956 4188 a
982 4134 1047 4198 722,
1067 4141 1173 4187 restant
1194 4133 1247 4188 713
1270 4132 1436 4200 quadrantes

125 4234 175 4287 pro
202 4219 337 4286 quadrato
363 4217 419 4270 Tlt
465 4218 510 4270 Ita
535 4215 707 4270 constituitur
731 4215 869 4285 proportio
896 4214 1023 4285 quadrati
1052 4214 1101 4270 Ga
1126 4215 1162 4268 ad
1195 4213 1357 4282 quadratum
1381 4209 1438 4271 TR,

145 4313 198 4350 uae
221 4297 278 4351 798
301 4298 337 4349 ad
359 4290 423 4350 713.

125 4316 144 4443 q,
205 4375 248 4430 Sit
274 4392 339 4429 vero
366 4376 422 4428 alia
446 4373 616 4445 conjugatio,
644 4377 780 4446 quadrata
800 4391 836 4428 so.
856 4373 915 4438 AG,
937 4373 982 4428 60
1004 4373 1140 4443 aequalia,
1161 4369 1247 4423 etsie
1267 4367 1435 4437 etiamque·

126 4459 209 4510 drata
228 4456 284 4518 AT,
305 4454 362 4508 TC:
384 4461 412 4508 et
431 4462 541 4508 maneat
561 4454 605 4507 CT
628 4457 671 4516 19,
691 4455 742 4510 VA
763 4455 809 4508 22.
838 4454 900 4507 Erit
919 4456 1080 4524 quadratum
1102 4454 1147 4506 TA
1166 4448 1241 4503 1444
1261 4449 1436 4518 quadrantes,

127 4553 215 4606 eoque
244 4536 407 4606 quadratum
432 4534 479 4587 TR
511 4534 584 4589 1435
606 4536 779 4606 quadrantes.
820 4535 858 4587 Et
883 4534 1020 4602 proportio
1047 4528 1173 4602 quadrati
1193 4529 1243 4583 Gn
1263 4530 1298 4581 ad
1319 4528 1436 4598 quadra·

128 4623 186 4670 tum
206 4615 255 4670 ra
274 4631 345 4685 quae
369 4613 444 4668 1596
465 4615 500 4666 ad
523 4615 607 4677 1435,
627 4614 719 4670 velia
738 4614 851 4668 minimis
871 4629 942 4685 qnae
964 4613 1021 4668 228
1042 4614 1077 4665 ad
1098 4609 1163 4665 205.

214 4695 298 4751 Aliud
323 4694 489 4762 exemplum:
517 4693 553 4747 sit
577 4695 620 4749 TC
653 4695 697 4758 19,
721 4695 773 4750 AV
803 4693 855 4756 20,
882 4710 943 4759 seu„
970 4694 1039 4764 quod
1070 4691 1139 4744 idem
1159 4693 1209 4748 est.
1231 4687 1267 4742 57
1289 4692 1318 4739 et
1338 4688 1385 4749 60,
1405 4689 1438 4740 ut

127 4775 324 4832 communicent
344 4789 403 4828 cunr
420 4775 538 4830 ternario
558 4782 670 4846 proptor
690 4789 754 4828 usus
780 4781 927 4830 secuturos.
967 4772 1072 4830 Deinde
1097 4768 1133 4822 sit
1153 4768 1314 4838 quadratum
1335 4765 1380 4820 60
1402 4766 1437 4819 od
