<?xml version="1.0" encoding="UTF-8"?>
<!DOCTYPE html PUBLIC "-//W3C//DTD XHTML 1.0 Transitional//EN"
    "http://www.w3.org/TR/xhtml1/DTD/xhtml1-transitional.dtd">
<html xmlns="http://www.w3.org/1999/xhtml" xml:lang="en" lang="en">
 <head>
  <title>
</title>
<meta http-equiv="Content-Type" content="text/html;charset=utf-8" />
  <meta name='ocr-system' content='tesseract 3.04.00' />
  <meta name='ocr-capabilities' content='ocr_page ocr_carea ocr_par ocr_line ocrx_word'/>
</head>
<body>
  <div class='ocr_page' id='page_1' title='image "./joanniskepleria00unkngoog_0205.png"; bbox 0 0 3428 5542; ppageno 0'>
   <div class='ocr_carea' id='block_1_1' title="bbox 240 287 1026 394">
    <p class='ocr_par' dir='ltr' id='par_1_1' title="bbox 240 287 1026 394">
     <span class='ocr_line' id='line_1_1' title="bbox 240 287 1026 394; baseline 0.006 -40"><span class='ocrx_word' id='word_1_1' title='bbox 240 287 304 355; x_wconf 84' lang='lat' dir='ltr'>roo</span> <span class='ocrx_word' id='word_1_2' title='bbox 449 336 451 344; x_wconf 92' lang='lat'><em>.</em></span> <span class='ocrx_word' id='word_1_3' title='bbox 662 325 663 330; x_wconf 19' lang='grc' dir='ltr'><strong><em>κ</em></strong></span> <span class='ocrx_word' id='word_1_4' title='bbox 792 305 1026 394; x_wconf 60' lang='lat' dir='ltr'>¹aaaron</span> 
     </span>
    </p>
   </div>
   <div class='ocr_carea' id='block_1_2' title="bbox 235 439 1588 846">
    <p class='ocr_par' dir='ltr' id='par_1_2' title="bbox 235 439 1588 846">
     <span class='ocr_line' id='line_1_2' title="bbox 238 439 1587 523; baseline -0.007 -16"><span class='ocrx_word' id='word_1_5' title='bbox 238 453 355 517; x_wconf 69' lang='lat' dir='ltr'>raama</span> <span class='ocrx_word' id='word_1_6' title='bbox 370 459 401 508; x_wconf 74' lang='lat' dir='ltr'>oo</span> <span class='ocrx_word' id='word_1_7' title='bbox 413 449 435 521; x_wconf 78' lang='lat' dir='ltr'>o)</span> <span class='ocrx_word' id='word_1_8' title='bbox 456 458 587 510; x_wconf 72' lang='lat' dir='ltr'>cumano</span> <span class='ocrx_word' id='word_1_9' title='bbox 600 451 804 523; x_wconf 66' lang='lat' dir='ltr'>propinquante</span> <span class='ocrx_word' id='word_1_10' title='bbox 816 451 952 508; x_wconf 72' lang='lat' dir='ltr'>ananius</span> <span class='ocrx_word' id='word_1_11' title='bbox 967 450 1037 506; x_wconf 75' lang='lat' dir='ltr'>aaut</span> <span class='ocrx_word' id='word_1_12' title='bbox 1049 455 1145 505; x_wconf 77' lang='lat' dir='ltr'>oonuo</span> <span class='ocrx_word' id='word_1_13' title='bbox 1157 448 1284 512; x_wconf 68' lang='lat' dir='ltr'>Pauca,</span> <span class='ocrx_word' id='word_1_14' title='bbox 1303 439 1335 516; x_wconf 76' lang='lat' dir='ltr'>o)</span> <span class='ocrx_word' id='word_1_15' title='bbox 1348 443 1483 500; x_wconf 74' lang='lat' dir='ltr'>hiemavit</span> <span class='ocrx_word' id='word_1_16' title='bbox 1495 447 1587 498; x_wconf 74' lang='lat' dir='ltr'>mom</span> 
     </span>
     <span class='ocr_line' id='line_1_3' title="bbox 238 524 1587 605; baseline -0.009 -17"><span class='ocrx_word' id='word_1_17' title='bbox 238 533 365 589; x_wconf 82' lang='lat' dir='ltr'>Athenis.</span> <span class='ocrx_word' id='word_1_18' title='bbox 405 535 447 589; x_wconf 92' lang='lat' dir='ltr'>lbi</span> <span class='ocrx_word' id='word_1_19' title='bbox 459 534 573 605; x_wconf 89' lang='lat' dir='ltr'>primum</span> <span class='ocrx_word' id='word_1_20' title='bbox 587 532 713 586; x_wconf 89' lang='lat' dir='ltr'>nuncium</span> <span class='ocrx_word' id='word_1_21' title='bbox 727 533 828 603; x_wconf 88' lang='lat' dir='ltr'>accipit</span> <span class='ocrx_word' id='word_1_22' title='bbox 840 533 874 587; x_wconf 86' lang='lat' dir='ltr'>de</span> <span class='ocrx_word' id='word_1_23' title='bbox 893 529 925 598; x_wconf 81' lang='lat' dir='ltr'>c)</span> <span class='ocrx_word' id='word_1_24' title='bbox 939 531 1060 586; x_wconf 86' lang='lat' dir='ltr'>Ventidii</span> <span class='ocrx_word' id='word_1_25' title='bbox 1078 530 1168 604; x_wconf 78' lang='lat' dir='ltr'>legati</span> <span class='ocrx_word' id='word_1_26' title='bbox 1188 529 1231 585; x_wconf 89' lang='lat' dir='ltr'>sui</span> <span class='ocrx_word' id='word_1_27' title='bbox 1247 527 1380 590; x_wconf 73' lang='lat' dir='ltr'>victoriis3</span> <span class='ocrx_word' id='word_1_28' title='bbox 1402 524 1448 596; x_wconf 90' lang='lat' dir='ltr'>qui</span> <span class='ocrx_word' id='word_1_29' title='bbox 1459 539 1513 594; x_wconf 88' lang='lat' dir='ltr'>per</span> <span class='ocrx_word' id='word_1_30' title='bbox 1525 538 1587 577; x_wconf 86' lang='lat' dir='ltr'>aes·</span> 
     </span>
     <span class='ocr_line' id='line_1_4' title="bbox 236 603 1588 686; baseline -0.008 -18"><span class='ocrx_word' id='word_1_31' title='bbox 236 619 324 670; x_wconf 68' lang='lat' dir='ltr'>aum</span> <span class='ocrx_word' id='word_1_32' title='bbox 343 614 408 670; x_wconf 90' lang='lat' dir='ltr'>anni</span> <span class='ocrx_word' id='word_1_33' title='bbox 428 613 503 670; x_wconf 84' lang='lat' dir='ltr'>sexti</span> <span class='ocrx_word' id='word_1_34' title='bbox 517 610 548 686; x_wconf 78' lang='lat' dir='ltr'>p)</span> <span class='ocrx_word' id='word_1_35' title='bbox 562 613 760 684; x_wconf 78' lang='lat' dir='ltr'>Pharnapatcn</span> <span class='ocrx_word' id='word_1_36' title='bbox 780 613 920 667; x_wconf 79' lang='lat' dir='ltr'>deleverat</span> <span class='ocrx_word' id='word_1_37' title='bbox 932 613 1104 684; x_wconf 84' lang='lat' dir='ltr'>Parthosque</span> <span class='ocrx_word' id='word_1_38' title='bbox 1125 618 1155 665; x_wconf 87' lang='lat' dir='ltr'>et</span> <span class='ocrx_word' id='word_1_39' title='bbox 1174 611 1269 664; x_wconf 83' lang='lat' dir='ltr'>ducein</span> <span class='ocrx_word' id='word_1_40' title='bbox 1289 623 1381 663; x_wconf 86' lang='lat' dir='ltr'>eonrm</span> <span class='ocrx_word' id='word_1_41' title='bbox 1406 603 1433 673; x_wconf 79' lang='lat' dir='ltr'>s)</span> <span class='ocrx_word' id='word_1_42' title='bbox 1453 605 1588 660; x_wconf 85' lang='lat' dir='ltr'>Pacorum</span> 
     </span>
     <span class='ocr_line' id='line_1_5' title="bbox 235 677 1586 766; baseline -0.009 -16"><span class='ocrx_word' id='word_1_43' title='bbox 235 694 317 766; x_wconf 75' lang='lat' dir='ltr'>Syria</span> <span class='ocrx_word' id='word_1_44' title='bbox 330 695 485 765; x_wconf 85' lang='lat' dir='ltr'>expulerat,</span> <span class='ocrx_word' id='word_1_45' title='bbox 497 691 563 750; x_wconf 80' lang='lat' dir='ltr'>Anti</span> <span class='ocrx_word' id='word_1_46' title='bbox 587 710 646 758; x_wconf 90' lang='lat' dir='ltr'>ono,</span> <span class='ocrx_word' id='word_1_47' title='bbox 660 693 783 748; x_wconf 77' lang='lat' dir='ltr'>iudaeae</span> <span class='ocrx_word' id='word_1_48' title='bbox 795 709 872 764; x_wconf 76' lang='lat' dir='ltr'>rege,</span> <span class='ocrx_word' id='word_1_49' title='bbox 886 709 936 764; x_wconf 91' lang='lat' dir='ltr'>per</span> <span class='ocrx_word' id='word_1_50' title='bbox 956 686 996 760; x_wconf 79' lang='lat' dir='ltr'>A)</span> <span class='ocrx_word' id='word_1_51' title='bbox 1010 691 1129 747; x_wconf 87' lang='lat' dir='ltr'>Silonem</span> <span class='ocrx_word' id='word_1_52' title='bbox 1142 691 1169 745; x_wconf 92' lang='lat' dir='ltr'>in</span> <span class='ocrx_word' id='word_1_53' title='bbox 1184 690 1302 746; x_wconf 87' lang='lat' dir='ltr'>ordinem</span> <span class='ocrx_word' id='word_1_54' title='bbox 1314 687 1425 742; x_wconf 88' lang='lat' dir='ltr'>redacto</span> <span class='ocrx_word' id='word_1_55' title='bbox 1446 677 1491 754; x_wconf 91' lang='lat' dir='ltr'>B)</span> <span class='ocrx_word' id='word_1_56' title='bbox 1503 701 1586 754; x_wconf 88' lang='lat' dir='ltr'>pecu·</span> 
     </span>
     <span class='ocr_line' id='line_1_6' title="bbox 236 771 1341 846; baseline 0 -20"><span class='ocrx_word' id='word_1_57' title='bbox 236 772 341 846; x_wconf 86' lang='lat' dir='ltr'>niisque</span> <span class='ocrx_word' id='word_1_58' title='bbox 356 775 392 828; x_wconf 88' lang='lat' dir='ltr'>ab</span> <span class='ocrx_word' id='word_1_59' title='bbox 406 773 453 830; x_wconf 91' lang='lat' dir='ltr'>illo</span> <span class='ocrx_word' id='word_1_60' title='bbox 467 779 497 827; x_wconf 88' lang='lat' dir='ltr'>et</span> <span class='ocrx_word' id='word_1_61' title='bbox 510 790 528 828; x_wconf 90' lang='lat' dir='ltr'>a</span> <span class='ocrx_word' id='word_1_62' title='bbox 590 773 700 830; x_wconf 85' lang='lat' dir='ltr'>Malcho</span> <span class='ocrx_word' id='word_1_63' title='bbox 714 773 880 829; x_wconf 87' lang='lat' dir='ltr'>Nabatheae</span> <span class='ocrx_word' id='word_1_64' title='bbox 893 789 960 844; x_wconf 75' lang='lat' dir='ltr'>rege</span> <span class='ocrx_word' id='word_1_65' title='bbox 974 771 1099 827; x_wconf 86' lang='lat' dir='ltr'>extortis.</span> <span class='ocrx_word' id='word_1_66' title='bbox 1338 803 1341 810; x_wconf 89' lang='lat'>·</span> 
     </span>
    </p>
   </div>
   <div class='ocr_carea' id='block_1_3' title="bbox 319 849 1588 943">
    <p class='ocr_par' dir='ltr' id='par_1_3' title="bbox 319 849 1588 943">
     <span class='ocr_line' id='line_1_7' title="bbox 319 849 1588 943; baseline -0.01 -17"><span class='ocrx_word' id='word_1_67' title='bbox 319 869 468 943; x_wconf 75' lang='lat' dir='ltr'><strong>Incipiente</strong></span> <span class='ocrx_word' id='word_1_68' title='bbox 483 888 548 926; x_wconf 79' lang='lat' dir='ltr'>rere</span> <span class='ocrx_word' id='word_1_69' title='bbox 561 873 627 926; x_wconf 90' lang='lat' dir='ltr'>anni</span> <span class='ocrx_word' id='word_1_70' title='bbox 641 870 749 943; x_wconf 85' lang='lat' dir='ltr'>septimi</span> <span class='ocrx_word' id='word_1_71' title='bbox 762 869 912 928; x_wconf 79' lang='lat' dir='ltr'>Antonium</span> <span class='ocrx_word' id='word_1_72' title='bbox 925 871 953 924; x_wconf 93' lang='lat' dir='ltr'>in</span> <span class='ocrx_word' id='word_1_73' title='bbox 966 871 1084 926; x_wconf 82' lang='lat' dir='ltr'>Parthos</span> <span class='ocrx_word' id='word_1_74' title='bbox 1098 869 1197 924; x_wconf 87' lang='lat' dir='ltr'>iturum</span> <span class='ocrx_word' id='word_1_75' title='bbox 1202 849 1321 924; x_wconf 57' lang='lat' dir='ltr'>Athenis</span> <span class='ocrx_word' id='word_1_76' title='bbox 1333 863 1476 920; x_wconf 75' lang='lat' dir='ltr'>revocarit</span> <span class='ocrx_word' id='word_1_77' title='bbox 1484 859 1588 916; x_wconf 81' lang='lat' dir='ltr'>Caesar</span> 
     </span>
    </p>
   </div>
   <div class='ocr_carea' id='block_1_4' title="bbox 123 941 1587 1026">
    <p class='ocr_par' dir='ltr' id='par_1_4' title="bbox 123 941 1587 1026">
     <span class='ocr_line' id='line_1_8' title="bbox 123 941 1587 1026; baseline -0.009 -17"><span class='ocrx_word' id='word_1_78' title='bbox 123 1001 127 1009; x_wconf 94' lang='lat'>.</span> <span class='ocrx_word' id='word_1_79' title='bbox 237 952 266 1006; x_wconf 87' lang='lat' dir='ltr'>in</span> <span class='ocrx_word' id='word_1_80' title='bbox 285 951 409 1022; x_wconf 81' lang='lat' dir='ltr'>ltaliam,</span> <span class='ocrx_word' id='word_1_81' title='bbox 432 952 503 1024; x_wconf 88' lang='lat' dir='ltr'>quod</span> <span class='ocrx_word' id='word_1_82' title='bbox 516 949 664 1022; x_wconf 87' lang='lat' dir='ltr'>Pompejus</span> <span class='ocrx_word' id='word_1_83' title='bbox 684 968 739 1006; x_wconf 88' lang='lat' dir='ltr'>nou</span> <span class='ocrx_word' id='word_1_84' title='bbox 760 957 848 1007; x_wconf 89' lang='lat' dir='ltr'>staret</span> <span class='ocrx_word' id='word_1_85' title='bbox 866 941 969 1026; x_wconf 79' lang='lat' dir='ltr'>pactie;</span> <span class='ocrx_word' id='word_1_86' title='bbox 995 951 1133 1006; x_wconf 80' lang='lat' dir='ltr'>Antonius</span> <span class='ocrx_word' id='word_1_87' title='bbox 1154 966 1219 1004; x_wconf 79' lang='lat' dir='ltr'>vero</span> <span class='ocrx_word' id='word_1_88' title='bbox 1239 947 1315 1002; x_wconf 77' lang='lat' dir='ltr'>brevi</span> <span class='ocrx_word' id='word_1_89' title='bbox 1335 961 1463 1001; x_wconf 78' lang='lat' dir='ltr'>reversus</span> <span class='ocrx_word' id='word_1_90' title='bbox 1487 949 1532 997; x_wconf 85' lang='lat' dir='ltr'>est</span> <span class='ocrx_word' id='word_1_91' title='bbox 1552 959 1587 996; x_wconf 86' lang='lat' dir='ltr'>ex</span> 
     </span>
    </p>
   </div>
   <div class='ocr_carea' id='block_1_5' title="bbox 237 1023 1587 1097">
    <p class='ocr_par' dir='ltr' id='par_1_5' title="bbox 237 1023 1587 1097">
     <span class='ocr_line' id='line_1_9' title="bbox 237 1023 1587 1097; baseline -0.01 -9"><span class='ocrx_word' id='word_1_92' title='bbox 237 1031 320 1088; x_wconf 82' lang='lat' dir='ltr'>Italia</span> <span class='ocrx_word' id='word_1_93' title='bbox 333 1032 361 1085; x_wconf 89' lang='lat' dir='ltr'>in</span> <span class='ocrx_word' id='word_1_94' title='bbox 376 1031 532 1096; x_wconf 76' lang='lat' dir='ltr'><strong>Graeciam,</strong></span> <span class='ocrx_word' id='word_1_95' title='bbox 553 1030 615 1085; x_wconf 90' lang='lat' dir='ltr'>inde</span> <span class='ocrx_word' id='word_1_96' title='bbox 628 1048 740 1086; x_wconf 80' lang='lat' dir='ltr'>movens</span> <span class='ocrx_word' id='word_1_97' title='bbox 759 1031 787 1085; x_wconf 93' lang='lat' dir='ltr'>in</span> <span class='ocrx_word' id='word_1_98' title='bbox 799 1031 902 1088; x_wconf 86' lang='lat' dir='ltr'>Asiam.</span> <span class='ocrx_word' id='word_1_99' title='bbox 937 1032 1047 1086; x_wconf 84' lang='lat' dir='ltr'>Interea</span> <span class='ocrx_word' id='word_1_100' title='bbox 1059 1030 1169 1086; x_wconf 83' lang='lat' dir='ltr'>Parthis</span> <span class='ocrx_word' id='word_1_101' title='bbox 1190 1024 1498 1097; x_wconf 72' lang='lat' dir='ltr'>bellumneparantiuus</span> <span class='ocrx_word' id='word_1_102' title='bbox 1512 1023 1587 1076; x_wconf 76' lang='lat' dir='ltr'>Ven-</span> 
     </span>
    </p>
   </div>
   <div class='ocr_carea' id='block_1_6' title="bbox 236 1103 1703 1182">
    <p class='ocr_par' dir='ltr' id='par_1_6' title="bbox 236 1103 1703 1182">
     <span class='ocr_line' id='line_1_10' title="bbox 236 1103 1703 1182; baseline -0.007 -16"><span class='ocrx_word' id='word_1_103' title='bbox 236 1111 317 1167; x_wconf 86' lang='lat' dir='ltr'>tidius</span> <span class='ocrx_word' id='word_1_104' title='bbox 328 1111 457 1175; x_wconf 86' lang='lat' dir='ltr'>occurrit;</span> <span class='ocrx_word' id='word_1_105' title='bbox 478 1105 523 1180; x_wconf 91' lang='lat' dir='ltr'>D)</span> <span class='ocrx_word' id='word_1_106' title='bbox 538 1128 674 1182; x_wconf 86' lang='lat' dir='ltr'>caesoque</span> <span class='ocrx_word' id='word_1_107' title='bbox 688 1113 913 1168; x_wconf 88' lang='lat' dir='ltr'>ductorePacoro</span> <span class='ocrx_word' id='word_1_108' title='bbox 927 1106 968 1181; x_wconf 83' lang='lat' dir='ltr'>E)</span> <span class='ocrx_word' id='word_1_109' title='bbox 982 1111 1177 1168; x_wconf 88' lang='lat' dir='ltr'>ParthosAsia</span> <span class='ocrx_word' id='word_1_110' title='bbox 1191 1116 1220 1164; x_wconf 93' lang='lat' dir='ltr'>et</span> <span class='ocrx_word' id='word_1_111' title='bbox 1232 1108 1313 1179; x_wconf 80' lang='lat' dir='ltr'>syrio</span> <span class='ocrx_word' id='word_1_112' title='bbox 1326 1107 1416 1162; x_wconf 83' lang='lat' dir='ltr'>exuit:</span> <span class='ocrx_word' id='word_1_113' title='bbox 1430 1103 1586 1158; x_wconf 77' lang='lat' dir='ltr'>victoriam-</span> <span class='ocrx_word' id='word_1_114' title='bbox 1702 1115 1703 1118; x_wconf 71' lang='grc'>’</span> 
     </span>
    </p>
   </div>
   <div class='ocr_carea' id='block_1_7' title="bbox 233 1183 1586 1584">
    <p class='ocr_par' dir='ltr' id='par_1_7' title="bbox 233 1183 1586 1584">
     <span class='ocr_line' id='line_1_11' title="bbox 234 1183 1586 1264; baseline -0.007 -18"><span class='ocrx_word' id='word_1_115' title='bbox 234 1209 288 1262; x_wconf 90' lang='lat' dir='ltr'>que</span> <span class='ocrx_word' id='word_1_116' title='bbox 301 1197 462 1262; x_wconf 85' lang='lat' dir='ltr'>persecutus</span> <span class='ocrx_word' id='word_1_117' title='bbox 483 1193 518 1245; x_wconf 85' lang='lat' dir='ltr'>a&#39;d</span> <span class='ocrx_word' id='word_1_118' title='bbox 531 1193 704 1262; x_wconf 84' lang='lat' dir='ltr'>Euphratem</span> <span class='ocrx_word' id='word_1_119' title='bbox 722 1193 817 1264; x_wconf 76' lang='lat' dir='ltr'>pergit</span> <span class='ocrx_word' id='word_1_120' title='bbox 829 1193 1046 1264; x_wconf 70' lang='lat' dir='ltr'><strong>Antiochumque</strong></span> <span class='ocrx_word' id='word_1_121' title='bbox 1068 1191 1175 1246; x_wconf 87' lang='lat' dir='ltr'>obsidet</span> <span class='ocrx_word' id='word_1_122' title='bbox 1194 1191 1223 1244; x_wconf 92' lang='lat' dir='ltr'>in</span> <span class='ocrx_word' id='word_1_123' title='bbox 1235 1187 1386 1245; x_wconf 72' lang='lat' dir='ltr'><strong>Samosatis</strong></span> <span class='ocrx_word' id='word_1_124' title='bbox 1407 1191 1437 1240; x_wconf 89' lang='lat' dir='ltr'>et</span> <span class='ocrx_word' id='word_1_125' title='bbox 1451 1183 1586 1251; x_wconf 82' lang='lat' dir='ltr'>cumipse</span> 
     </span>
     <span class='ocr_line' id='line_1_12' title="bbox 234 1263 1586 1344; baseline -0.006 -18"><span class='ocrx_word' id='word_1_126' title='bbox 234 1274 269 1326; x_wconf 90' lang='lat' dir='ltr'>de</span> <span class='ocrx_word' id='word_1_127' title='bbox 283 1272 419 1326; x_wconf 85' lang='lat' dir='ltr'>deditione</span> <span class='ocrx_word' id='word_1_128' title='bbox 431 1271 592 1343; x_wconf 89' lang='lat' dir='ltr'>paciscitur:</span> <span class='ocrx_word' id='word_1_129' title='bbox 607 1287 666 1327; x_wconf 90' lang='lat' dir='ltr'>curu</span> <span class='ocrx_word' id='word_1_130' title='bbox 675 1267 1107 1344; x_wconf 71' lang='lat' dir='ltr'>eisubitoauperreuithntoriius</span> <span class='ocrx_word' id='word_1_131' title='bbox 1121 1277 1150 1326; x_wconf 89' lang='lat' dir='ltr'>et</span> <span class='ocrx_word' id='word_1_132' title='bbox 1163 1269 1262 1341; x_wconf 86' lang='lat' dir='ltr'>spretis</span> <span class='ocrx_word' id='word_1_133' title='bbox 1271 1267 1469 1322; x_wconf 81' lang='lat' dir='ltr'>conditiombus</span> <span class='ocrx_word' id='word_1_134' title='bbox 1483 1263 1586 1320; x_wconf 81' lang='lat' dir='ltr'>arctius</span> 
     </span>
     <span class='ocr_line' id='line_1_13' title="bbox 234 1343 1586 1423; baseline -0.007 -16"><span class='ocrx_word' id='word_1_135' title='bbox 234 1346 274 1420; x_wconf 78' lang='lat' dir='ltr'>F)</span> <span class='ocrx_word' id='word_1_136' title='bbox 288 1347 435 1408; x_wconf 82' lang='lat' dir='ltr'>Samosata</span> <span class='ocrx_word' id='word_1_137' title='bbox 455 1352 575 1415; x_wconf 83' lang='lat' dir='ltr'>obsidet;</span> <span class='ocrx_word' id='word_1_138' title='bbox 597 1354 646 1407; x_wconf 83' lang='lat' dir='ltr'>aed</span> <span class='ocrx_word' id='word_1_139' title='bbox 664 1368 761 1422; x_wconf 86' lang='lat' dir='ltr'>parum</span> <span class='ocrx_word' id='word_1_140' title='bbox 774 1354 887 1423; x_wconf 86' lang='lat' dir='ltr'>proiicit,</span> <span class='ocrx_word' id='word_1_141' title='bbox 908 1359 1015 1423; x_wconf 82' lang='lat' dir='ltr'>tempus</span> <span class='ocrx_word' id='word_1_142' title='bbox 1030 1353 1157 1420; x_wconf 78' lang='lat' dir='ltr'>trahitur,</span> <span class='ocrx_word' id='word_1_143' title='bbox 1179 1345 1218 1420; x_wconf 78' lang='lat' dir='ltr'>G)</span> <span class='ocrx_word' id='word_1_144' title='bbox 1232 1349 1336 1404; x_wconf 83' lang='lat' dir='ltr'>damnis</span> <span class='ocrx_word' id='word_1_145' title='bbox 1349 1347 1487 1404; x_wconf 75' lang='lat' dir='ltr'>Automm</span> <span class='ocrx_word' id='word_1_146' title='bbox 1500 1343 1586 1415; x_wconf 89' lang='lat' dir='ltr'>pluri·</span> 
     </span>
     <span class='ocr_line' id='line_1_14' title="bbox 233 1423 1586 1504; baseline -0.005 -17"><span class='ocrx_word' id='word_1_147' title='bbox 233 1431 284 1487; x_wconf 85' lang='lat' dir='ltr'>mis</span> <span class='ocrx_word' id='word_1_148' title='bbox 297 1433 438 1488; x_wconf 83' lang='lat' dir='ltr'>multatur.</span> <span class='ocrx_word' id='word_1_149' title='bbox 471 1432 597 1504; x_wconf 88' lang='lat' dir='ltr'>Denique</span> <span class='ocrx_word' id='word_1_150' title='bbox 607 1431 669 1502; x_wconf 85' lang='lat' dir='ltr'>jam</span> <span class='ocrx_word' id='word_1_151' title='bbox 682 1433 795 1488; x_wconf 81' lang='lat' dir='ltr'>Claudio</span> <span class='ocrx_word' id='word_1_152' title='bbox 817 1441 846 1488; x_wconf 88' lang='lat' dir='ltr'>et</span> <span class='ocrx_word' id='word_1_153' title='bbox 858 1435 988 1490; x_wconf 85' lang='lat' dir='ltr'>Norbano</span> <span class='ocrx_word' id='word_1_154' title='bbox 1003 1434 1078 1488; x_wconf 83' lang='lat' dir='ltr'>Cosa.</span> <span class='ocrx_word' id='word_1_155' title='bbox 1097 1433 1150 1487; x_wconf 90' lang='lat' dir='ltr'>hoc</span> <span class='ocrx_word' id='word_1_156' title='bbox 1168 1437 1213 1486; x_wconf 88' lang='lat' dir='ltr'>est</span> <span class='ocrx_word' id='word_1_157' title='bbox 1231 1423 1279 1498; x_wconf 85' lang='lat' dir='ltr'>H)</span> <span class='ocrx_word' id='word_1_158' title='bbox 1300 1445 1372 1484; x_wconf 89' lang='lat' dir='ltr'>anno</span> <span class='ocrx_word' id='word_1_159' title='bbox 1392 1429 1420 1486; x_wconf 82' lang='lat'>8.</span> <span class='ocrx_word' id='word_1_160' title='bbox 1433 1425 1586 1482; x_wconf 76' lang='lat' dir='ltr'>levioribus</span> 
     </span>
     <span class='ocr_line' id='line_1_15' title="bbox 233 1504 1586 1584; baseline -0.006 -17"><span class='ocrx_word' id='word_1_161' title='bbox 233 1511 430 1568; x_wconf 88' lang='lat' dir='ltr'>conditionibus</span> <span class='ocrx_word' id='word_1_162' title='bbox 449 1504 630 1580; x_wconf 75' lang='lat' dir='ltr'>Ddedunbrr</span> <span class='ocrx_word' id='word_1_163' title='bbox 642 1513 796 1570; x_wconf 85' lang='lat' dir='ltr'>Samosata.</span> <span class='ocrx_word' id='word_1_164' title='bbox 816 1514 953 1570; x_wconf 83' lang='lat' dir='ltr'>Antonius</span> <span class='ocrx_word' id='word_1_165' title='bbox 963 1530 1017 1584; x_wconf 83' lang='lat' dir='ltr'>pro</span> <span class='ocrx_word' id='word_1_166' title='bbox 1026 1512 1153 1568; x_wconf 88' lang='lat' dir='ltr'>Ventidio</span> <span class='ocrx_word' id='word_1_167' title='bbox 1173 1505 1217 1579; x_wconf 85' lang='lat' dir='ltr'>K)</span> <span class='ocrx_word' id='word_1_168' title='bbox 1231 1510 1336 1568; x_wconf 85' lang='lat' dir='ltr'>Sosiam</span> <span class='ocrx_word' id='word_1_169' title='bbox 1343 1509 1470 1580; x_wconf 81' lang='lat' dir='ltr'>praeficit</span> <span class='ocrx_word' id='word_1_170' title='bbox 1477 1505 1586 1578; x_wconf 81' lang='lat' dir='ltr'>Syriae.</span> 
     </span>
    </p>
   </div>
   <div class='ocr_carea' id='block_1_8' title="bbox 233 1587 1689 1665">
    <p class='ocr_par' dir='ltr' id='par_1_8' title="bbox 233 1587 1689 1665">
     <span class='ocr_line' id='line_1_16' title="bbox 233 1587 1689 1665; baseline -0.017 -2"><span class='ocrx_word' id='word_1_171' title='bbox 233 1594 278 1664; x_wconf 80' lang='lat' dir='ltr'>uui</span> <span class='ocrx_word' id='word_1_172' title='bbox 291 1592 408 1649; x_wconf 69' lang='lat' dir='ltr'>Aradios</span> <span class='ocrx_word' id='word_1_173' title='bbox 423 1600 578 1665; x_wconf 67' lang='lat' dir='ltr'>expugnat</span> <span class='ocrx_word' id='word_1_174' title='bbox 590 1592 759 1665; x_wconf 55' lang='lat' dir='ltr'>acapnum</span> <span class='ocrx_word' id='word_1_175' title='bbox 772 1595 968 1660; x_wconf 74' lang='lat' dir='ltr'>Palaestinam,</span> <span class='ocrx_word' id='word_1_176' title='bbox 988 1587 1029 1660; x_wconf 81' lang='lat' dir='ltr'>s)</span> <span class='ocrx_word' id='word_1_177' title='bbox 1045 1593 1091 1664; x_wconf 81' lang='lat' dir='ltr'>qur</span> <span class='ocrx_word' id='word_1_178' title='bbox 1102 1591 1242 1664; x_wconf 75' lang='lat' dir='ltr'>praesidio</span> <span class='ocrx_word' id='word_1_179' title='bbox 1254 1593 1388 1656; x_wconf 62' lang='lat' dir='ltr'>amona</span> <span class='ocrx_word' id='word_1_180' title='bbox 1406 1604 1479 1660; x_wconf 79' lang='lat' dir='ltr'>quoe</span> <span class='ocrx_word' id='word_1_181' title='bbox 1494 1587 1524 1641; x_wconf 78' lang='lat' dir='ltr'>sn</span> <span class='ocrx_word' id='word_1_182' title='bbox 1537 1602 1588 1642; x_wconf 75' lang='lat' dir='ltr'>ouo</span> <span class='ocrx_word' id='word_1_183' title='bbox 1682 1601 1689 1620; x_wconf 93' lang='lat'><strong>·</strong></span> 
     </span>
    </p>
   </div>
   <div class='ocr_carea' id='block_1_9' title="bbox 148 1659 1587 3365">
    <p class='ocr_par' dir='ltr' id='par_1_9' title="bbox 148 1659 1587 3365">
     <span class='ocr_line' id='line_1_17' title="bbox 233 1659 1586 1745; baseline -0.004 -18"><span class='ocrx_word' id='word_1_184' title='bbox 233 1672 335 1728; x_wconf 79' lang='lat' dir='ltr'>ditione</span> <span class='ocrx_word' id='word_1_185' title='bbox 349 1679 436 1745; x_wconf 73' lang='lat' dir='ltr'>erant,</span> <span class='ocrx_word' id='word_1_186' title='bbox 451 1674 601 1740; x_wconf 82' lang='lat' dir='ltr'>deleverat,</span> <span class='ocrx_word' id='word_1_187' title='bbox 620 1664 668 1741; x_wconf 83' lang='lat' dir='ltr'>M)</span> <span class='ocrx_word' id='word_1_188' title='bbox 681 1667 786 1744; x_wconf 85' lang='lat' dir='ltr'>proelio</span> <span class='ocrx_word' id='word_1_189' title='bbox 801 1675 884 1730; x_wconf 82' lang='lat' dir='ltr'>vincit</span> <span class='ocrx_word' id='word_1_190' title='bbox 896 1681 926 1728; x_wconf 88' lang='lat' dir='ltr'>et</span> <span class='ocrx_word' id='word_1_191' title='bbox 945 1665 1184 1744; x_wconf 78' lang='lat' dir='ltr'>NJJerosolymas</span> <span class='ocrx_word' id='word_1_192' title='bbox 1198 1669 1451 1744; x_wconf 76' lang='lat' dir='ltr'>lug&#39;ereoompehlit</span> <span class='ocrx_word' id='word_1_193' title='bbox 1478 1659 1586 1735; x_wconf 81' lang='lat' dir='ltr'>O)An·</span> 
     </span>
     <span class='ocr_line' id='line_1_18' title="bbox 199 1751 1585 1824; baseline -0.003 -16"><span class='ocrx_word' id='word_1_194' title='bbox 199 1811 202 1816; x_wconf 16' lang='grc' dir='ltr'><strong>Α</strong></span> <span class='ocrx_word' id='word_1_195' title='bbox 232 1753 322 1809; x_wconf 78' lang='lat' dir='ltr'>tonius</span> <span class='ocrx_word' id='word_1_196' title='bbox 336 1753 452 1808; x_wconf 81' lang='lat' dir='ltr'>reditum</span> <span class='ocrx_word' id='word_1_197' title='bbox 464 1761 548 1824; x_wconf 87' lang='lat' dir='ltr'>parat</span> <span class='ocrx_word' id='word_1_198' title='bbox 559 1754 588 1808; x_wconf 89' lang='lat' dir='ltr'>in</span> <span class='ocrx_word' id='word_1_199' title='bbox 601 1754 716 1810; x_wconf 88' lang='lat' dir='ltr'>ltaliam.</span> <span class='ocrx_word' id='word_1_200' title='bbox 739 1760 820 1811; x_wconf 83' lang='lat' dir='ltr'>Anno</span> <span class='ocrx_word' id='word_1_201' title='bbox 835 1757 861 1811; x_wconf 88' lang='grc'>9.</span> <span class='ocrx_word' id='word_1_202' title='bbox 877 1756 964 1810; x_wconf 89' lang='lat' dir='ltr'>eundo</span> <span class='ocrx_word' id='word_1_203' title='bbox 978 1754 1006 1808; x_wconf 89' lang='lat' dir='ltr'>in</span> <span class='ocrx_word' id='word_1_204' title='bbox 1018 1754 1131 1813; x_wconf 82' lang='lat' dir='ltr'>Italiam</span> <span class='ocrx_word' id='word_1_205' title='bbox 1144 1760 1174 1808; x_wconf 92' lang='lat' dir='ltr'>et</span> <span class='ocrx_word' id='word_1_206' title='bbox 1185 1754 1322 1806; x_wconf 90' lang='lat' dir='ltr'>redeundo</span> <span class='ocrx_word' id='word_1_207' title='bbox 1336 1752 1364 1805; x_wconf 93' lang='lat' dir='ltr'>in</span> <span class='ocrx_word' id='word_1_208' title='bbox 1377 1751 1486 1822; x_wconf 79' lang='lat' dir='ltr'>Syriam</span> <span class='ocrx_word' id='word_1_209' title='bbox 1498 1753 1585 1804; x_wconf 74' lang='lat' dir='ltr'>soum</span> 
     </span>
     <span class='ocr_line' id='line_1_19' title="bbox 231 1825 1585 1907; baseline -0.004 -20"><span class='ocrx_word' id='word_1_210' title='bbox 231 1847 333 1888; x_wconf 87' lang='lat' dir='ltr'>annum</span> <span class='ocrx_word' id='word_1_211' title='bbox 346 1833 486 1898; x_wconf 78' lang='lat' dir='ltr'>consumit,</span> <span class='ocrx_word' id='word_1_212' title='bbox 500 1833 568 1889; x_wconf 88' lang='lat' dir='ltr'>nihil</span> <span class='ocrx_word' id='word_1_213' title='bbox 588 1825 710 1906; x_wconf 79' lang='lat' dir='ltr'>insyria</span> <span class='ocrx_word' id='word_1_214' title='bbox 724 1837 838 1898; x_wconf 80' lang='lat' dir='ltr'>ellect03</span> <span class='ocrx_word' id='word_1_215' title='bbox 859 1835 912 1896; x_wconf 83' lang='lat' dir='ltr'>nisi</span> <span class='ocrx_word' id='word_1_216' title='bbox 931 1836 1001 1907; x_wconf 89' lang='lat' dir='ltr'>quod</span> <span class='ocrx_word' id='word_1_217' title='bbox 1016 1851 1082 1906; x_wconf 79' lang='lat' dir='ltr'>ego,</span> <span class='ocrx_word' id='word_1_218' title='bbox 1094 1833 1211 1893; x_wconf 81' lang='lat' dir='ltr'>Dionem</span> <span class='ocrx_word' id='word_1_219' title='bbox 1224 1833 1409 1904; x_wconf 84' lang='lat' dir='ltr'>interpretans</span> <span class='ocrx_word' id='word_1_220' title='bbox 1424 1847 1462 1885; x_wconf 85' lang='lat' dir='ltr'>ex</span> <span class='ocrx_word' id='word_1_221' title='bbox 1480 1846 1512 1883; x_wconf 90' lang='lat' dir='ltr'>sc</span> <span class='ocrx_word' id='word_1_222' title='bbox 1526 1828 1585 1898; x_wconf 88' lang='lat' dir='ltr'>ipso</span> 
     </span>
     <span class='ocr_line' id='line_1_20' title="bbox 232 1907 1586 1987; baseline -0.002 -20"><span class='ocrx_word' id='word_1_223' title='bbox 232 1919 262 1967; x_wconf 90' lang='lat' dir='ltr'>et</span> <span class='ocrx_word' id='word_1_224' title='bbox 282 1931 319 1969; x_wconf 87' lang='lat' dir='ltr'>ex</span> <span class='ocrx_word' id='word_1_225' title='bbox 332 1913 468 1983; x_wconf 79' lang='lat' dir='ltr'>Josephto,</span> <span class='ocrx_word' id='word_1_226' title='bbox 489 1907 531 1982; x_wconf 86' lang='lat' dir='ltr'>P)</span> <span class='ocrx_word' id='word_1_227' title='bbox 545 1914 781 1986; x_wconf 72' lang='lat' dir='ltr'>expugnationem</span> <span class='ocrx_word' id='word_1_228' title='bbox 800 1916 1032 1987; x_wconf 76' lang='lat' dir='ltr'>ierosolymamm</span> <span class='ocrx_word' id='word_1_229' title='bbox 1053 1915 1081 1969; x_wconf 90' lang='lat' dir='ltr'>in</span> <span class='ocrx_word' id='word_1_230' title='bbox 1100 1915 1173 1968; x_wconf 87' lang='lat' dir='ltr'>huna</span> <span class='ocrx_word' id='word_1_231' title='bbox 1193 1929 1294 1970; x_wconf 84' lang='lat' dir='ltr'>annum</span> <span class='ocrx_word' id='word_1_232' title='bbox 1312 1917 1480 1983; x_wconf 86' lang='lat' dir='ltr'>protractam</span> <span class='ocrx_word' id='word_1_233' title='bbox 1500 1909 1586 1964; x_wconf 79' lang='lat' dir='ltr'>fluisse</span> 
     </span>
     <span class='ocr_line' id='line_1_21' title="bbox 232 1990 1586 2068; baseline 0.003 -20"><span class='ocrx_word' id='word_1_234' title='bbox 232 1993 345 2048; x_wconf 80' lang='lat' dir='ltr'>affirmo.</span> <span class='ocrx_word' id='word_1_235' title='bbox 368 1995 457 2050; x_wconf 83' lang='lat' dir='ltr'>Exeo</span> <span class='ocrx_word' id='word_1_236' title='bbox 467 1995 539 2049; x_wconf 86' lang='lat' dir='ltr'>enim</span> <span class='ocrx_word' id='word_1_237' title='bbox 547 1995 698 2068; x_wconf 79' lang='lat' dir='ltr'>intelligas,</span> <span class='ocrx_word' id='word_1_238' title='bbox 722 1990 761 2064; x_wconf 79' lang='lat' dir='ltr'>Q)</span> <span class='ocrx_word' id='word_1_239' title='bbox 776 1997 931 2052; x_wconf 86' lang='lat' dir='ltr'>diuturnam</span> <span class='ocrx_word' id='word_1_240' title='bbox 940 1995 1207 2058; x_wconf 78' lang='lat' dir='ltr'>iuiuscobsidionam,</span> <span class='ocrx_word' id='word_1_241' title='bbox 1222 1994 1586 2065; x_wconf 77' lang='lat' dir='ltr'>quodnionoonmemorat</span> 
     </span>
     <span class='ocr_line' id='line_1_22' title="bbox 230 2075 993 2160; baseline 0.004 -30"><span class='ocrx_word' id='word_1_242' title='bbox 230 2075 318 2130; x_wconf 86' lang='lat' dir='ltr'>multa</span> <span class='ocrx_word' id='word_1_243' title='bbox 331 2075 431 2130; x_wconf 82' lang='lat' dir='ltr'>domno</span> <span class='ocrx_word' id='word_1_244' title='bbox 443 2075 555 2151; x_wconf 68' lang='lat' dir='ltr'>»Iudaeis</span> <span class='ocrx_word' id='word_1_245' title='bbox 568 2075 657 2140; x_wconf 83' lang='lat' dir='ltr'>illata,</span> <span class='ocrx_word' id='word_1_246' title='bbox 671 2078 759 2132; x_wconf 89' lang='lat' dir='ltr'>multa</span> <span class='ocrx_word' id='word_1_247' title='bbox 772 2076 856 2160; x_wconf 69' lang='lat' dir='ltr'>etiam</span> <span class='ocrx_word' id='word_1_248' title='bbox 870 2083 993 2147; x_wconf 85' lang='lat' dir='ltr'>accepta.</span> 
     </span>
     <span class='ocr_line' id='line_1_23' title="bbox 308 2167 1587 2246; baseline -0.001 -19"><span class='ocrx_word' id='word_1_249' title='bbox 308 2171 484 2243; x_wconf 73' lang='lat' dir='ltr'>ierosolymis</span> <span class='ocrx_word' id='word_1_250' title='bbox 505 2173 603 2228; x_wconf 88' lang='lat' dir='ltr'>deditis</span> <span class='ocrx_word' id='word_1_251' title='bbox 629 2167 673 2244; x_wconf 84' lang='lat' dir='ltr'>It)</span> <span class='ocrx_word' id='word_1_252' title='bbox 694 2175 819 2230; x_wconf 84' lang='lat' dir='ltr'>Herodes</span> <span class='ocrx_word' id='word_1_253' title='bbox 839 2175 1008 2246; x_wconf 78' lang='lat' dir='ltr'>praeficitur:</span> <span class='ocrx_word' id='word_1_254' title='bbox 1027 2191 1095 2231; x_wconf 57' lang='lat' dir='ltr'>mex</span> <span class='ocrx_word' id='word_1_255' title='bbox 1122 2167 1157 2243; x_wconf 73' lang='grc' dir='ltr'>Β)</span> <span class='ocrx_word' id='word_1_256' title='bbox 1177 2173 1350 2246; x_wconf 72' lang='lat' dir='ltr'>Antigonus,</span> <span class='ocrx_word' id='word_1_257' title='bbox 1378 2172 1414 2226; x_wconf 88' lang='lat' dir='ltr'>ad</span> <span class='ocrx_word' id='word_1_258' title='bbox 1433 2169 1587 2226; x_wconf 73' lang='lat' dir='ltr'>Ananim</span> 
     </span>
     <span class='ocr_line' id='line_1_24' title="bbox 229 2252 1586 2328; baseline -0.001 -21"><span class='ocrx_word' id='word_1_259' title='bbox 229 2252 335 2315; x_wconf 75' lang='lat' dir='ltr'>missus,</span> <span class='ocrx_word' id='word_1_260' title='bbox 349 2252 433 2324; x_wconf 79' lang='lat' dir='ltr'>virgis</span> <span class='ocrx_word' id='word_1_261' title='bbox 447 2253 576 2317; x_wconf 77' lang='lat' dir='ltr'>caedium,</span> <span class='ocrx_word' id='word_1_262' title='bbox 590 2255 662 2310; x_wconf 79' lang='lat' dir='ltr'>crorci</span> <span class='ocrx_word' id='word_1_263' title='bbox 676 2255 810 2328; x_wconf 81' lang='lat' dir='ltr'>alligatus</span> <span class='ocrx_word' id='word_1_264' title='bbox 825 2263 855 2311; x_wconf 86' lang='lat' dir='ltr'>ct</span> <span class='ocrx_word' id='word_1_265' title='bbox 867 2256 983 2327; x_wconf 90' lang='lat' dir='ltr'>denique</span> <span class='ocrx_word' id='word_1_266' title='bbox 997 2256 1085 2312; x_wconf 86' lang='lat' dir='ltr'>securi</span> <span class='ocrx_word' id='word_1_267' title='bbox 1102 2255 1262 2326; x_wconf 80' lang='lat' dir='ltr'>percutitur,</span> <span class='ocrx_word' id='word_1_268' title='bbox 1281 2257 1401 2309; x_wconf 82' lang='lat' dir='ltr'>exeunte</span> <span class='ocrx_word' id='word_1_269' title='bbox 1415 2267 1490 2306; x_wconf 89' lang='lat' dir='ltr'>anno</span> <span class='ocrx_word' id='word_1_270' title='bbox 1504 2267 1586 2306; x_wconf 89' lang='lat' dir='ltr'>nono.</span> 
     </span>
     <span class='ocr_line' id='line_1_25' title="bbox 158 2326 1585 2407; baseline 0.001 -23"><span class='ocrx_word' id='word_1_271' title='bbox 158 2381 160 2384; x_wconf 86' lang='lat'>.</span> <span class='ocrx_word' id='word_1_272' title='bbox 227 2333 343 2388; x_wconf 87' lang='lat' dir='ltr'>Postero</span> <span class='ocrx_word' id='word_1_273' title='bbox 357 2349 429 2386; x_wconf 85' lang='lat' dir='ltr'>anno</span> <span class='ocrx_word' id='word_1_274' title='bbox 445 2326 481 2400; x_wconf 80' lang='lat' dir='ltr'>l)</span> <span class='ocrx_word' id='word_1_275' title='bbox 494 2335 631 2390; x_wconf 81' lang='lat' dir='ltr'>Antonius</span> <span class='ocrx_word' id='word_1_276' title='bbox 646 2335 780 2390; x_wconf 84' lang='lat' dir='ltr'>infelicem</span> <span class='ocrx_word' id='word_1_277' title='bbox 794 2337 995 2406; x_wconf 72' lang='lat' dir='ltr'>expeditionem</span> <span class='ocrx_word' id='word_1_278' title='bbox 1009 2335 1122 2407; x_wconf 89' lang='lat' dir='ltr'>suscipit</span> <span class='ocrx_word' id='word_1_279' title='bbox 1135 2335 1163 2389; x_wconf 89' lang='lat' dir='ltr'>in</span> <span class='ocrx_word' id='word_1_280' title='bbox 1174 2335 1294 2391; x_wconf 88' lang='lat' dir='ltr'>Parthos</span> <span class='ocrx_word' id='word_1_281' title='bbox 1308 2339 1338 2390; x_wconf 90' lang='lat' dir='ltr'>et</span> <span class='ocrx_word' id='word_1_282' title='bbox 1349 2335 1445 2390; x_wconf 87' lang='lat' dir='ltr'>bledos</span> <span class='ocrx_word' id='word_1_283' title='bbox 1457 2331 1585 2405; x_wconf 85' lang='lat' dir='ltr'>reditque</span> 
     </span>
     <span class='ocr_line' id='line_1_26' title="bbox 227 2412 1104 2487; baseline 0.001 -19"><span class='ocrx_word' id='word_1_284' title='bbox 227 2412 316 2468; x_wconf 88' lang='lat' dir='ltr'>hieme</span> <span class='ocrx_word' id='word_1_285' title='bbox 330 2412 358 2468; x_wconf 89' lang='lat' dir='ltr'>in</span> <span class='ocrx_word' id='word_1_286' title='bbox 371 2417 540 2485; x_wconf 80' lang='lat' dir='ltr'>Aegyptum.</span> <span class='ocrx_word' id='word_1_287' title='bbox 901 2421 905 2426; x_wconf 90' lang='grc'><em>“</em></span> <span class='ocrx_word' id='word_1_288' title='bbox 1100 2479 1104 2487; x_wconf 34' lang='grc' dir='ltr'>Ι</span> 
     </span>
     <span class='ocr_line' id='line_1_27' title="bbox 190 2507 1587 2594; baseline -0.001 -23"><span class='ocrx_word' id='word_1_289' title='bbox 190 2520 193 2528; x_wconf 92' lang='grc'><em>·</em></span> <span class='ocrx_word' id='word_1_290' title='bbox 318 2507 424 2592; x_wconf 83' lang='lat' dir='ltr'>Atque</span> <span class='ocrx_word' id='word_1_291' title='bbox 439 2511 517 2574; x_wconf 87' lang='lat' dir='ltr'>haec</span> <span class='ocrx_word' id='word_1_292' title='bbox 533 2517 583 2573; x_wconf 84' lang='lat' dir='ltr'>est</span> <span class='ocrx_word' id='word_1_293' title='bbox 598 2511 693 2575; x_wconf 82' lang='lat' dir='ltr'>aeriae</span> <span class='ocrx_word' id='word_1_294' title='bbox 703 2511 849 2589; x_wconf 74' lang='lat' dir='ltr'>hhtoriae</span> <span class='ocrx_word' id='word_1_295' title='bbox 858 2511 1025 2588; x_wconf 84' lang='lat' dir='ltr'>Romanae,</span> <span class='ocrx_word' id='word_1_296' title='bbox 1039 2511 1071 2576; x_wconf 91' lang='lat' dir='ltr'>iu</span> <span class='ocrx_word' id='word_1_297' title='bbox 1087 2532 1147 2594; x_wconf 86' lang='lat' dir='ltr'>qua</span> <span class='ocrx_word' id='word_1_298' title='bbox 1162 2531 1198 2574; x_wconf 87' lang='lat' dir='ltr'>ea</span> <span class='ocrx_word' id='word_1_299' title='bbox 1213 2511 1312 2584; x_wconf 87' lang='lat' dir='ltr'>retuli,</span> <span class='ocrx_word' id='word_1_300' title='bbox 1327 2528 1403 2593; x_wconf 85' lang='lat' dir='ltr'>quae</span> <span class='ocrx_word' id='word_1_301' title='bbox 1413 2515 1587 2590; x_wconf 87' lang='lat' dir='ltr'>temporum</span> 
     </span>
     <span class='ocr_line' id='line_1_28' title="bbox 148 2597 1586 2684; baseline -0.001 -23"><span class='ocrx_word' id='word_1_302' title='bbox 148 2627 153 2632; x_wconf 93' lang='lat'>·</span> <span class='ocrx_word' id='word_1_303' title='bbox 231 2597 377 2662; x_wconf 74' lang='lat' dir='ltr'>articulos</span> <span class='ocrx_word' id='word_1_304' title='bbox 393 2599 540 2680; x_wconf 89' lang='lat' dir='ltr'>produnt,</span> <span class='ocrx_word' id='word_1_305' title='bbox 563 2607 617 2664; x_wconf 89' lang='lat' dir='ltr'>aut</span> <span class='ocrx_word' id='word_1_306' title='bbox 633 2601 789 2684; x_wconf 84' lang='lat' dir='ltr'>ceteroqui</span> <span class='ocrx_word' id='word_1_307' title='bbox 804 2601 844 2666; x_wconf 86' lang='lat' dir='ltr'>ad</span> <span class='ocrx_word' id='word_1_308' title='bbox 859 2621 924 2666; x_wconf 90' lang='lat' dir='ltr'>rem</span> <span class='ocrx_word' id='word_1_309' title='bbox 938 2601 1069 2676; x_wconf 85' lang='lat' dir='ltr'>iaciunt,</span> <span class='ocrx_word' id='word_1_310' title='bbox 1092 2608 1215 2664; x_wconf 85' lang='lat' dir='ltr'>secutus</span> <span class='ocrx_word' id='word_1_311' title='bbox 1229 2599 1413 2681; x_wconf 87' lang='lat' dir='ltr'>Appianum,</span> <span class='ocrx_word' id='word_1_312' title='bbox 1434 2597 1488 2661; x_wconf 91' lang='lat' dir='ltr'>ubi</span> <span class='ocrx_word' id='word_1_313' title='bbox 1502 2597 1586 2662; x_wconf 91' lang='lat' dir='ltr'>Dion</span> 
     </span>
     <span class='ocr_line' id='line_1_29' title="bbox 228 2687 1585 2773; baseline -0.001 -21"><span class='ocrx_word' id='word_1_314' title='bbox 228 2687 320 2770; x_wconf 85' lang='lat' dir='ltr'>paulo</span> <span class='ocrx_word' id='word_1_315' title='bbox 336 2688 489 2752; x_wconf 83' lang='lat' dir='ltr'>confiraior</span> <span class='ocrx_word' id='word_1_316' title='bbox 504 2695 537 2752; x_wconf 87' lang='lat' dir='ltr'>et</span> <span class='ocrx_word' id='word_1_317' title='bbox 551 2689 757 2754; x_wconf 88' lang='lat' dir='ltr'>indistinctior</span> <span class='ocrx_word' id='word_1_318' title='bbox 771 2691 855 2756; x_wconf 70' lang='lat' dir='ltr'>nens</span> <span class='ocrx_word' id='word_1_319' title='bbox 865 2698 924 2767; x_wconf 86' lang='lat' dir='ltr'>eet,</span> <span class='ocrx_word' id='word_1_320' title='bbox 940 2692 1165 2773; x_wconf 77' lang='lat' dir='ltr'>capieruntque</span> <span class='ocrx_word' id='word_1_321' title='bbox 1181 2695 1375 2765; x_wconf 83' lang='lat' dir='ltr'>connectens,</span> <span class='ocrx_word' id='word_1_322' title='bbox 1389 2707 1468 2770; x_wconf 87' lang='lat' dir='ltr'>quae</span> <span class='ocrx_word' id='word_1_323' title='bbox 1484 2706 1585 2750; x_wconf 90' lang='lat' dir='ltr'>rerum</span> 
     </span>
     <span class='ocr_line' id='line_1_30' title="bbox 228 2775 1584 2861; baseline -0.001 -21"><span class='ocrx_word' id='word_1_324' title='bbox 228 2777 378 2858; x_wconf 86' lang='lat' dir='ltr'>ipsarum,</span> <span class='ocrx_word' id='word_1_325' title='bbox 400 2797 461 2840; x_wconf 89' lang='lat' dir='ltr'>non</span> <span class='ocrx_word' id='word_1_326' title='bbox 483 2797 560 2860; x_wconf 85' lang='lat' dir='ltr'>quae</span> <span class='ocrx_word' id='word_1_327' title='bbox 576 2785 745 2861; x_wconf 87' lang='lat' dir='ltr'>temporum</span> <span class='ocrx_word' id='word_1_328' title='bbox 761 2781 838 2844; x_wconf 84' lang='lat' dir='ltr'>serie</span> <span class='ocrx_word' id='word_1_329' title='bbox 855 2781 1029 2846; x_wconf 83' lang='lat' dir='ltr'>cohaerent.</span> <span class='ocrx_word' id='word_1_330' title='bbox 1064 2780 1146 2845; x_wconf 87' lang='lat' dir='ltr'>Vide</span> <span class='ocrx_word' id='word_1_331' title='bbox 1162 2799 1241 2844; x_wconf 85' lang='lat' dir='ltr'>nnnc</span> <span class='ocrx_word' id='word_1_332' title='bbox 1259 2797 1440 2842; x_wconf 83' lang='lat' dir='ltr'>consensum</span> <span class='ocrx_word' id='word_1_333' title='bbox 1453 2775 1584 2857; x_wconf 85' lang='lat' dir='ltr'>Joeephi</span> 
     </span>
     <span class='ocr_line' id='line_1_31' title="bbox 230 2866 1584 2953; baseline 0 -25"><span class='ocrx_word' id='word_1_334' title='bbox 230 2866 500 2948; x_wconf 81' lang='lat' dir='ltr'>exquisitissimum</span> <span class='ocrx_word' id='word_1_335' title='bbox 528 2868 559 2930; x_wconf 92' lang='lat' dir='ltr'>iu</span> <span class='ocrx_word' id='word_1_336' title='bbox 581 2869 679 2950; x_wconf 82' lang='lat' dir='ltr'>gestie</span> <span class='ocrx_word' id='word_1_337' title='bbox 699 2869 845 2947; x_wconf 79' lang='lat' dir='ltr'>Antonii3</span> <span class='ocrx_word' id='word_1_338' title='bbox 876 2870 928 2953; x_wconf 88' lang='lat' dir='ltr'>qui</span> <span class='ocrx_word' id='word_1_339' title='bbox 950 2871 1080 2934; x_wconf 84' lang='lat' dir='ltr'>alterum</span> <span class='ocrx_word' id='word_1_340' title='bbox 1102 2869 1221 2950; x_wconf 88' lang='lat' dir='ltr'>imperii</span> <span class='ocrx_word' id='word_1_341' title='bbox 1244 2867 1375 2932; x_wconf 84' lang='lat' dir='ltr'>Romani</span> <span class='ocrx_word' id='word_1_342' title='bbox 1400 2874 1497 2948; x_wconf 87' lang='lat' dir='ltr'>caput</span> <span class='ocrx_word' id='word_1_343' title='bbox 1520 2873 1584 2928; x_wconf 86' lang='lat' dir='ltr'>tam</span> 
     </span>
     <span class='ocr_line' id='line_1_32' title="bbox 230 2955 1584 3041; baseline 0.002 -24"><span class='ocrx_word' id='word_1_344' title='bbox 230 2955 336 3022; x_wconf 84' lang='lat' dir='ltr'>crabro</span> <span class='ocrx_word' id='word_1_345' title='bbox 351 2955 443 3018; x_wconf 84' lang='lat' dir='ltr'>rebus</span> <span class='ocrx_word' id='word_1_346' title='bbox 457 2956 596 3020; x_wconf 85' lang='lat' dir='ltr'>Judaioia</span> <span class='ocrx_word' id='word_1_347' title='bbox 612 2959 826 3036; x_wconf 85' lang='lat' dir='ltr'>concurrebat,</span> <span class='ocrx_word' id='word_1_348' title='bbox 847 2965 956 3041; x_wconf 86' lang='lat' dir='ltr'>utpote</span> <span class='ocrx_word' id='word_1_349' title='bbox 979 2959 1127 3022; x_wconf 88' lang='lat' dir='ltr'>orientem</span> <span class='ocrx_word' id='word_1_350' title='bbox 1143 2967 1259 3021; x_wconf 86' lang='lat' dir='ltr'>tenens.</span> <span class='ocrx_word' id='word_1_351' title='bbox 1300 2968 1419 3024; x_wconf 81' lang='lat' dir='ltr'>Primum</span> <span class='ocrx_word' id='word_1_352' title='bbox 1444 2965 1584 3036; x_wconf 82' lang='lat' dir='ltr'>Jooephas</span> 
     </span>
     <span class='ocr_line' id='line_1_33' title="bbox 228 3037 1586 3126; baseline 0.001 -26"><span class='ocrx_word' id='word_1_353' title='bbox 228 3051 332 3110; x_wconf 83' lang='lat' dir='ltr'>narrat,</span> <span class='ocrx_word' id='word_1_354' title='bbox 353 3037 386 3114; x_wconf 80' lang='lat' dir='ltr'>o)</span> <span class='ocrx_word' id='word_1_355' title='bbox 400 3047 486 3102; x_wconf 85' lang='lat' dir='ltr'>Bruto</span> <span class='ocrx_word' id='word_1_356' title='bbox 502 3053 532 3102; x_wconf 84' lang='lat' dir='ltr'>et</span> <span class='ocrx_word' id='word_1_357' title='bbox 544 3041 639 3103; x_wconf 82' lang='lat' dir='ltr'>cassio</span> <span class='ocrx_word' id='word_1_358' title='bbox 654 3049 725 3104; x_wconf 80' lang='lat' dir='ltr'>circa</span> <span class='ocrx_word' id='word_1_359' title='bbox 737 3051 879 3123; x_wconf 89' lang='lat' dir='ltr'>Philippos</span> <span class='ocrx_word' id='word_1_360' title='bbox 892 3049 1051 3114; x_wconf 86' lang='lat' dir='ltr'>interiectis,</span> <span class='ocrx_word' id='word_1_361' title='bbox 1071 3044 1100 3126; x_wconf 84' lang='lat' dir='ltr'>b)</span> <span class='ocrx_word' id='word_1_362' title='bbox 1115 3050 1262 3105; x_wconf 84' lang='lat' dir='ltr'>Caesarem</span> <span class='ocrx_word' id='word_1_363' title='bbox 1275 3050 1329 3104; x_wconf 91' lang='lat' dir='ltr'>isse</span> <span class='ocrx_word' id='word_1_364' title='bbox 1341 3049 1368 3102; x_wconf 95' lang='lat' dir='ltr'>in</span> <span class='ocrx_word' id='word_1_365' title='bbox 1380 3047 1502 3110; x_wconf 78' lang='lat' dir='ltr'>ltaliam,</span> <span class='ocrx_word' id='word_1_366' title='bbox 1513 3051 1586 3117; x_wconf 80' lang='lat' dir='ltr'>puta</span> 
     </span>
     <span class='ocr_line' id='line_1_34' title="bbox 177 3119 1581 3206; baseline 0 -25"><span class='ocrx_word' id='word_1_367' title='bbox 177 3193 180 3206; x_wconf 19' lang='grc' dir='ltr'>Ὺ</span> <span class='ocrx_word' id='word_1_368' title='bbox 229 3140 304 3181; x_wconf 87' lang='lat' dir='ltr'>anno</span> <span class='ocrx_word' id='word_1_369' title='bbox 318 3127 345 3180; x_wconf 83' lang='lat'>4.</span> <span class='ocrx_word' id='word_1_370' title='bbox 361 3133 391 3180; x_wconf 91' lang='lat' dir='ltr'>et</span> <span class='ocrx_word' id='word_1_371' title='bbox 405 3126 431 3182; x_wconf 82' lang='lat'>5.</span> <span class='ocrx_word' id='word_1_372' title='bbox 452 3119 485 3194; x_wconf 77' lang='lat' dir='ltr'>a)</span> <span class='ocrx_word' id='word_1_373' title='bbox 500 3129 564 3182; x_wconf 88' lang='lat' dir='ltr'>etin</span> <span class='ocrx_word' id='word_1_374' title='bbox 575 3125 690 3194; x_wconf 82' lang='lat' dir='ltr'>Gallias,</span> <span class='ocrx_word' id='word_1_375' title='bbox 704 3137 774 3202; x_wconf 84' lang='lat' dir='ltr'>puta</span> <span class='ocrx_word' id='word_1_376' title='bbox 787 3132 863 3187; x_wconf 77' lang='lat' dir='ltr'>initio</span> <span class='ocrx_word' id='word_1_377' title='bbox 877 3131 942 3186; x_wconf 91' lang='lat' dir='ltr'>anni</span> <span class='ocrx_word' id='word_1_378' title='bbox 956 3133 981 3194; x_wconf 83' lang='grc'>6,</span> <span class='ocrx_word' id='word_1_379' title='bbox 992 3133 1141 3186; x_wconf 70' lang='lat' dir='ltr'>Anwniunr</span> <span class='ocrx_word' id='word_1_380' title='bbox 1152 3145 1218 3186; x_wconf 81' lang='lat' dir='ltr'>sero</span> <span class='ocrx_word' id='word_1_381' title='bbox 1228 3129 1408 3186; x_wconf 79' lang='lat' dir='ltr'>circumivisse</span> <span class='ocrx_word' id='word_1_382' title='bbox 1428 3121 1456 3198; x_wconf 86' lang='lat' dir='ltr'>o)</span> <span class='ocrx_word' id='word_1_383' title='bbox 1470 3127 1581 3184; x_wconf 76' lang='lat' dir='ltr'>Asiam</span> 
     </span>
     <span class='ocr_line' id='line_1_35' title="bbox 229 3205 1584 3284; baseline 0.003 -24"><span class='ocrx_word' id='word_1_384' title='bbox 229 3213 259 3262; x_wconf 86' lang='lat' dir='ltr'>et</span> <span class='ocrx_word' id='word_1_385' title='bbox 271 3206 358 3278; x_wconf 86' lang='lat' dir='ltr'>primo</span> <span class='ocrx_word' id='word_1_386' title='bbox 373 3205 401 3259; x_wconf 93' lang='lat' dir='ltr'>in</span> <span class='ocrx_word' id='word_1_387' title='bbox 413 3207 554 3279; x_wconf 74' lang='lat' dir='ltr'>Bithynia,</span> <span class='ocrx_word' id='word_1_388' title='bbox 568 3209 667 3265; x_wconf 87' lang='lat' dir='ltr'>iterum</span> <span class='ocrx_word' id='word_1_389' title='bbox 680 3211 754 3282; x_wconf 76' lang='lat' dir='ltr'>Tyri,</span> <span class='ocrx_word' id='word_1_390' title='bbox 769 3205 802 3281; x_wconf 79' lang='lat' dir='ltr'>d)</span> <span class='ocrx_word' id='word_1_391' title='bbox 817 3212 955 3283; x_wconf 85' lang='lat' dir='ltr'>accepisse</span> <span class='ocrx_word' id='word_1_392' title='bbox 970 3213 1005 3266; x_wconf 88' lang='lat' dir='ltr'>ab</span> <span class='ocrx_word' id='word_1_393' title='bbox 1019 3212 1128 3266; x_wconf 86' lang='lat' dir='ltr'>Herode</span> <span class='ocrx_word' id='word_1_394' title='bbox 1141 3213 1275 3284; x_wconf 78' lang='lat' dir='ltr'>grandem</span> <span class='ocrx_word' id='word_1_395' title='bbox 1286 3211 1420 3282; x_wconf 81' lang='lat' dir='ltr'>pecuniae</span> <span class='ocrx_word' id='word_1_396' title='bbox 1433 3223 1584 3272; x_wconf 70' lang='lat' dir='ltr'>summanr</span> 
     </span>
     <span class='ocr_line' id='line_1_36' title="bbox 229 3280 1586 3365; baseline 0.002 -25"><span class='ocrx_word' id='word_1_397' title='bbox 229 3287 257 3341; x_wconf 93' lang='lat' dir='ltr'>in</span> <span class='ocrx_word' id='word_1_398' title='bbox 277 3285 372 3341; x_wconf 83' lang='lat' dir='ltr'>Cilicia</span> <span class='ocrx_word' id='word_1_399' title='bbox 391 3280 418 3355; x_wconf 84' lang='lat' dir='ltr'>o)</span> <span class='ocrx_word' id='word_1_400' title='bbox 431 3287 563 3344; x_wconf 86' lang='lat' dir='ltr'>habuisse</span> <span class='ocrx_word' id='word_1_401' title='bbox 581 3291 689 3346; x_wconf 71' lang='lat' dir='ltr'>obviam</span> <span class='ocrx_word' id='word_1_402' title='bbox 702 3293 893 3363; x_wconf 82' lang='lat' dir='ltr'>Cleopatram,</span> <span class='ocrx_word' id='word_1_403' title='bbox 914 3292 1028 3365; x_wconf 84' lang='lat' dir='ltr'>ejusque</span> <span class='ocrx_word' id='word_1_404' title='bbox 1042 3308 1133 3348; x_wconf 86' lang='lat' dir='ltr'>amore</span> <span class='ocrx_word' id='word_1_405' title='bbox 1148 3299 1258 3363; x_wconf 84' lang='lat' dir='ltr'>captum</span> <span class='ocrx_word' id='word_1_406' title='bbox 1274 3291 1302 3346; x_wconf 88' lang='lat' dir='ltr'>ei</span> <span class='ocrx_word' id='word_1_407' title='bbox 1318 3291 1438 3362; x_wconf 89' lang='lat' dir='ltr'>turpiter</span> <span class='ocrx_word' id='word_1_408' title='bbox 1457 3289 1586 3345; x_wconf 80' lang='lat' dir='ltr'>servisse.</span> 
     </span>
    </p>
   </div>
   <div class='ocr_carea' id='block_1_10' title="bbox 229 3365 1703 3446">
    <p class='ocr_par' dir='ltr' id='par_1_10' title="bbox 229 3365 1703 3446">
     <span class='ocr_line' id='line_1_37' title="bbox 229 3365 1703 3446; baseline 0.001 -24"><span class='ocrx_word' id='word_1_409' title='bbox 229 3368 326 3422; x_wconf 81' lang='lat' dir='ltr'>Altero</span> <span class='ocrx_word' id='word_1_410' title='bbox 341 3367 438 3422; x_wconf 85' lang='lat' dir='ltr'>deinde</span> <span class='ocrx_word' id='word_1_411' title='bbox 453 3384 524 3424; x_wconf 87' lang='lat' dir='ltr'>auno</span> <span class='ocrx_word' id='word_1_412' title='bbox 540 3365 628 3439; x_wconf 83' lang='lat' dir='ltr'>(rides</span> <span class='ocrx_word' id='word_1_413' title='bbox 643 3386 743 3426; x_wconf 88' lang='lat' dir='ltr'>anuum</span> <span class='ocrx_word' id='word_1_414' title='bbox 758 3365 798 3442; x_wconf 91' lang='grc'>5.)</span> <span class='ocrx_word' id='word_1_415' title='bbox 818 3366 851 3443; x_wconf 82' lang='lat' dir='ltr'>f)</span> <span class='ocrx_word' id='word_1_416' title='bbox 866 3373 972 3444; x_wconf 83' lang='lat' dir='ltr'>Spriam</span> <span class='ocrx_word' id='word_1_417' title='bbox 992 3389 1139 3444; x_wconf 75' lang='lat' dir='ltr'>occupem</span> <span class='ocrx_word' id='word_1_418' title='bbox 1152 3374 1282 3437; x_wconf 86' lang='lat' dir='ltr'>Parthos,</span> <span class='ocrx_word' id='word_1_419' title='bbox 1301 3365 1521 3446; x_wconf 77' lang='lat' dir='ltr'>p)Sa1aDidio</span> <span class='ocrx_word' id='word_1_420' title='bbox 1541 3385 1585 3424; x_wconf 92' lang='lat' dir='ltr'>oc·</span> <span class='ocrx_word' id='word_1_421' title='bbox 1702 3407 1703 3414; x_wconf 49' lang='lat'>,</span> 
     </span>
    </p>
   </div>
   <div class='ocr_carea' id='block_1_11' title="bbox 201 3443 1585 3687">
    <p class='ocr_par' dir='ltr' id='par_1_11' title="bbox 201 3443 1585 3687">
     <span class='ocr_line' id='line_1_38' title="bbox 232 3443 1585 3525; baseline 0.001 -24"><span class='ocrx_word' id='word_1_422' title='bbox 232 3447 356 3512; x_wconf 83' lang='lat' dir='ltr'>ciso„ubi</span> <span class='ocrx_word' id='word_1_423' title='bbox 369 3447 492 3504; x_wconf 87' lang='lat' dir='ltr'>nominat</span> <span class='ocrx_word' id='word_1_424' title='bbox 508 3443 541 3522; x_wconf 77' lang='lat' dir='ltr'>y)</span> <span class='ocrx_word' id='word_1_425' title='bbox 557 3458 587 3506; x_wconf 91' lang='lat' dir='ltr'>et</span> <span class='ocrx_word' id='word_1_426' title='bbox 599 3452 825 3521; x_wconf 84' lang='lat' dir='ltr'>Barnapharnem</span> <span class='ocrx_word' id='word_1_427' title='bbox 846 3459 986 3524; x_wconf 83' lang='lat' dir='ltr'>satrapam</span> <span class='ocrx_word' id='word_1_428' title='bbox 1007 3461 1037 3510; x_wconf 89' lang='lat' dir='ltr'>et</span> <span class='ocrx_word' id='word_1_429' title='bbox 1056 3446 1085 3522; x_wconf 80' lang='lat' dir='ltr'>a)</span> <span class='ocrx_word' id='word_1_430' title='bbox 1098 3455 1232 3510; x_wconf 83' lang='lat' dir='ltr'>Pacorum</span> <span class='ocrx_word' id='word_1_431' title='bbox 1244 3454 1319 3525; x_wconf 79' lang='lat' dir='ltr'>regia</span> <span class='ocrx_word' id='word_1_432' title='bbox 1332 3453 1431 3515; x_wconf 88' lang='lat' dir='ltr'>filium,</span> <span class='ocrx_word' id='word_1_433' title='bbox 1452 3451 1585 3522; x_wconf 84' lang='lat' dir='ltr'>illumque</span> 
     </span>
     <span class='ocr_line' id='line_1_39' title="bbox 201 3525 1585 3608; baseline 0.007 -25"><span class='ocrx_word' id='word_1_434' title='bbox 201 3539 204 3548; x_wconf 93' lang='grc'><strong>’</strong></span> <span class='ocrx_word' id='word_1_435' title='bbox 229 3527 399 3584; x_wconf 76' lang='lat' dir='ltr'>Ptolemaide</span> <span class='ocrx_word' id='word_1_436' title='bbox 414 3535 444 3584; x_wconf 88' lang='lat' dir='ltr'>et</span> <span class='ocrx_word' id='word_1_437' title='bbox 455 3528 554 3585; x_wconf 86' lang='lat' dir='ltr'>Sidene</span> <span class='ocrx_word' id='word_1_438' title='bbox 567 3539 717 3602; x_wconf 88' lang='lat' dir='ltr'>receptum,</span> <span class='ocrx_word' id='word_1_439' title='bbox 737 3525 767 3602; x_wconf 84' lang='lat' dir='ltr'>lc)</span> <span class='ocrx_word' id='word_1_440' title='bbox 783 3535 925 3590; x_wconf 81' lang='lat' dir='ltr'>exclusum</span> <span class='ocrx_word' id='word_1_441' title='bbox 935 3535 1020 3607; x_wconf 73' lang='lat' dir='ltr'>Tyro:</span> <span class='ocrx_word' id='word_1_442' title='bbox 1035 3535 1240 3608; x_wconf 76' lang='lat' dir='ltr'>Hierosolymaa</span> <span class='ocrx_word' id='word_1_443' title='bbox 1246 3550 1395 3605; x_wconf 79' lang='lat' dir='ltr'>occupasse</span> <span class='ocrx_word' id='word_1_444' title='bbox 1407 3537 1585 3603; x_wconf 72' lang='lat' dir='ltr'>pentecostes</span> 
     </span>
     <span class='ocr_line' id='line_1_40' title="bbox 228 3601 1585 3687; baseline -0.001 -23"><span class='ocrx_word' id='word_1_445' title='bbox 228 3601 258 3676; x_wconf 85' lang='lat' dir='ltr'>b)</span> <span class='ocrx_word' id='word_1_446' title='bbox 272 3609 403 3680; x_wconf 72' lang='lat' dir='ltr'>Hyrcano</span> <span class='ocrx_word' id='word_1_447' title='bbox 425 3626 486 3666; x_wconf 87' lang='lat' dir='ltr'>cnm</span> <span class='ocrx_word' id='word_1_448' title='bbox 498 3610 583 3666; x_wconf 74' lang='lat' dir='ltr'>affrae</span> <span class='ocrx_word' id='word_1_449' title='bbox 596 3613 707 3667; x_wconf 88' lang='lat' dir='ltr'>Herode</span> <span class='ocrx_word' id='word_1_450' title='bbox 727 3614 788 3668; x_wconf 93' lang='lat' dir='ltr'>loco</span> <span class='ocrx_word' id='word_1_451' title='bbox 802 3615 881 3670; x_wconf 82' lang='lat' dir='ltr'>motio</span> <span class='ocrx_word' id='word_1_452' title='bbox 894 3632 990 3687; x_wconf 79' lang='lat' dir='ltr'>regem</span> <span class='ocrx_word' id='word_1_453' title='bbox 1009 3615 1109 3671; x_wconf 84' lang='lat' dir='ltr'>iecisse</span> <span class='ocrx_word' id='word_1_454' title='bbox 1136 3609 1160 3684; x_wconf 69' lang='grc' dir='ltr'>ι’)</span> <span class='ocrx_word' id='word_1_455' title='bbox 1173 3615 1351 3687; x_wconf 75' lang='lat' dir='ltr'>Antigonum.</span> <span class='ocrx_word' id='word_1_456' title='bbox 1378 3612 1474 3668; x_wconf 82' lang='lat' dir='ltr'>linitis</span> <span class='ocrx_word' id='word_1_457' title='bbox 1488 3611 1585 3665; x_wconf 87' lang='lat' dir='ltr'>deinde</span> 
     </span>
    </p>
   </div>
   <div class='ocr_carea' id='block_1_12' title="bbox 96 3683 1586 3766">
    <p class='ocr_par' dir='ltr' id='par_1_12' title="bbox 96 3683 1586 3766">
     <span class='ocr_line' id='line_1_41' title="bbox 96 3683 1586 3766; baseline -0.001 -21"><span class='ocrx_word' id='word_1_458' title='bbox 96 3683 107 3694; x_wconf 88' lang='grc'><em>“</em></span> <span class='ocrx_word' id='word_1_459' title='bbox 227 3689 393 3745; x_wconf 84' lang='lat' dir='ltr'>Parthorum</span> <span class='ocrx_word' id='word_1_460' title='bbox 412 3696 442 3744; x_wconf 90' lang='lat' dir='ltr'>et</span> <span class='ocrx_word' id='word_1_461' title='bbox 454 3691 571 3747; x_wconf 85' lang='lat' dir='ltr'>Herodis</span> <span class='ocrx_word' id='word_1_462' title='bbox 591 3693 745 3750; x_wconf 88' lang='lat' dir='ltr'>actionibus</span> <span class='ocrx_word' id='word_1_463' title='bbox 764 3695 1032 3766; x_wconf 77' lang='lat' dir='ltr'>profectionibusque</span> <span class='ocrx_word' id='word_1_464' title='bbox 1044 3695 1219 3766; x_wconf 76' lang='lat' dir='ltr'>interpositis,</span> <span class='ocrx_word' id='word_1_465' title='bbox 1240 3703 1270 3750; x_wconf 92' lang='lat' dir='ltr'>et</span> <span class='ocrx_word' id='word_1_466' title='bbox 1291 3687 1449 3762; x_wconf 70' lang='lat' dir='ltr'>Oibialcho</span> <span class='ocrx_word' id='word_1_467' title='bbox 1463 3691 1586 3748; x_wconf 83' lang='lat' dir='ltr'>Arabiae</span> 
     </span>
    </p>
   </div>
   <div class='ocr_carea' id='block_1_13' title="bbox 156 3765 1601 4814">
    <p class='ocr_par' dir='ltr' id='par_1_13' title="bbox 156 3765 1601 4814">
     <span class='ocr_line' id='line_1_42' title="bbox 228 3765 1587 3848; baseline 0.001 -23"><span class='ocrx_word' id='word_1_468' title='bbox 228 3785 297 3842; x_wconf 71' lang='lat' dir='ltr'>rege</span> <span class='ocrx_word' id='word_1_469' title='bbox 311 3769 414 3825; x_wconf 75' lang='lat' dir='ltr'>frustm</span> <span class='ocrx_word' id='word_1_470' title='bbox 427 3771 461 3825; x_wconf 94' lang='lat' dir='ltr'>de</span> <span class='ocrx_word' id='word_1_471' title='bbox 476 3773 588 3828; x_wconf 76' lang='lat' dir='ltr'>auxiliis</span> <span class='ocrx_word' id='word_1_472' title='bbox 602 3779 712 3844; x_wconf 76' lang='lat' dir='ltr'>rogato,</span> <span class='ocrx_word' id='word_1_473' title='bbox 727 3765 766 3844; x_wconf 77' lang='grc' dir='ltr'>θ)</span> <span class='ocrx_word' id='word_1_474' title='bbox 774 3776 846 3845; x_wconf 90' lang='lat' dir='ltr'>quod</span> <span class='ocrx_word' id='word_1_475' title='bbox 859 3777 982 3830; x_wconf 76' lang='lat' dir='ltr'>stroderet</span> <span class='ocrx_word' id='word_1_476' title='bbox 994 3777 1077 3832; x_wconf 85' lang='lat' dir='ltr'>rebus</span> <span class='ocrx_word' id='word_1_477' title='bbox 1089 3775 1238 3840; x_wconf 76' lang='lat' dir='ltr'>Parthicis3</span> <span class='ocrx_word' id='word_1_478' title='bbox 1260 3777 1356 3848; x_wconf 81' lang='lat' dir='ltr'>quibua</span> <span class='ocrx_word' id='word_1_479' title='bbox 1369 3780 1587 3829; x_wconf 85' lang='lat' dir='ltr'>cousentaneum</span> 
     </span>
     <span class='ocr_line' id='line_1_43' title="bbox 227 3849 1586 3925; baseline 0 -19"><span class='ocrx_word' id='word_1_480' title='bbox 227 3849 286 3906; x_wconf 81' lang='lat' dir='ltr'>fleri</span> <span class='ocrx_word' id='word_1_481' title='bbox 300 3855 400 3920; x_wconf 85' lang='lat' dir='ltr'>potest,</span> <span class='ocrx_word' id='word_1_482' title='bbox 415 3851 480 3908; x_wconf 88' lang='lat' dir='ltr'>anni</span> <span class='ocrx_word' id='word_1_483' title='bbox 494 3853 579 3924; x_wconf 87' lang='lat' dir='ltr'>quinti</span> <span class='ocrx_word' id='word_1_484' title='bbox 593 3853 737 3925; x_wconf 86' lang='lat' dir='ltr'>reliquum,</span> <span class='ocrx_word' id='word_1_485' title='bbox 751 3872 858 3912; x_wconf 83' lang='lat' dir='ltr'>menses</span> <span class='ocrx_word' id='word_1_486' title='bbox 872 3855 981 3911; x_wconf 85' lang='lat' dir='ltr'>circiter</span> <span class='ocrx_word' id='word_1_487' title='bbox 994 3855 1011 3912; x_wconf 78' lang='lat'>7</span> <span class='ocrx_word' id='word_1_488' title='bbox 1027 3863 1077 3913; x_wconf 85' lang='lat' dir='ltr'>aut</span> <span class='ocrx_word' id='word_1_489' title='bbox 1091 3857 1287 3920; x_wconf 56' lang='lat' dir='ltr'>somnosque</span> <span class='ocrx_word' id='word_1_490' title='bbox 1301 3857 1411 3912; x_wconf 84' lang='lat' dir='ltr'>tandem</span> <span class='ocrx_word' id='word_1_491' title='bbox 1426 3853 1586 3924; x_wconf 71' lang='lat' dir='ltr'>confugisse</span> 
     </span>
     <span class='ocr_line' id='line_1_44' title="bbox 229 3930 1587 4008; baseline 0.002 -23"><span class='ocrx_word' id='word_1_492' title='bbox 229 3931 365 3985; x_wconf 83' lang='lat' dir='ltr'>Herodem</span> <span class='ocrx_word' id='word_1_493' title='bbox 382 3930 410 3986; x_wconf 94' lang='lat' dir='ltr'>in</span> <span class='ocrx_word' id='word_1_494' title='bbox 430 3937 607 4005; x_wconf 71' lang='lat' dir='ltr'>Aegyptam,</span> <span class='ocrx_word' id='word_1_495' title='bbox 634 3931 669 4004; x_wconf 80' lang='lat' dir='ltr'>ll)</span> <span class='ocrx_word' id='word_1_496' title='bbox 690 3935 783 4007; x_wconf 83' lang='lat' dir='ltr'>ibique</span> <span class='ocrx_word' id='word_1_497' title='bbox 800 3953 855 3991; x_wconf 94' lang='lat' dir='ltr'>non</span> <span class='ocrx_word' id='word_1_498' title='bbox 875 3936 1015 3992; x_wconf 80' lang='lat' dir='ltr'>inventum</span> <span class='ocrx_word' id='word_1_499' title='bbox 1033 3937 1190 3993; x_wconf 58' lang='lat' dir='ltr'>Amanium.</span> <span class='ocrx_word' id='word_1_500' title='bbox 1230 3937 1269 3994; x_wconf 86' lang='lat' dir='ltr'>Et</span> <span class='ocrx_word' id='word_1_501' title='bbox 1289 3935 1411 4008; x_wconf 79' lang='lat' dir='ltr'>quamvis</span> <span class='ocrx_word' id='word_1_502' title='bbox 1434 3935 1587 4006; x_wconf 79' lang='lat' dir='ltr'>Cleopatra</span> 
     </span>
     <span class='ocr_line' id='line_1_45' title="bbox 228 4010 1588 4089; baseline 0.001 -23"><span class='ocrx_word' id='word_1_503' title='bbox 228 4012 351 4066; x_wconf 73' lang='lat' dir='ltr'>studeret</span> <span class='ocrx_word' id='word_1_504' title='bbox 364 4012 480 4067; x_wconf 88' lang='lat' dir='ltr'>Herodis</span> <span class='ocrx_word' id='word_1_505' title='bbox 501 4014 554 4068; x_wconf 90' lang='lat' dir='ltr'>iter</span> <span class='ocrx_word' id='word_1_506' title='bbox 566 4015 713 4081; x_wconf 88' lang='lat' dir='ltr'>remorari,</span> <span class='ocrx_word' id='word_1_507' title='bbox 734 4033 767 4070; x_wconf 94' lang='lat' dir='ltr'>eo</span> <span class='ocrx_word' id='word_1_508' title='bbox 781 4018 853 4088; x_wconf 88' lang='lat' dir='ltr'>quod</span> <span class='ocrx_word' id='word_1_509' title='bbox 874 4023 949 4073; x_wconf 84' lang='lat' dir='ltr'>esset</span> <span class='ocrx_word' id='word_1_510' title='bbox 962 4033 1037 4072; x_wconf 87' lang='lat' dir='ltr'>mara</span> <span class='ocrx_word' id='word_1_511' title='bbox 1051 4019 1233 4089; x_wconf 81' lang='lat' dir='ltr'>procellosum</span> <span class='ocrx_word' id='word_1_512' title='bbox 1254 4034 1304 4072; x_wconf 86' lang='lat' dir='ltr'>seu</span> <span class='ocrx_word' id='word_1_513' title='bbox 1317 4018 1465 4071; x_wconf 87' lang='lat' dir='ltr'>inclemens</span> <span class='ocrx_word' id='word_1_514' title='bbox 1480 4010 1588 4069; x_wconf 87' lang='lat' dir='ltr'>coelum</span> 
     </span>
     <span class='ocr_line' id='line_1_46' title="bbox 227 4084 1585 4168; baseline 0.002 -23"><span class='ocrx_word' id='word_1_515' title='bbox 227 4084 699 4160; x_wconf 82' lang='lat' dir='ltr'>etl)turbuleutna1taliaestatns</span> <span class='ocrx_word' id='word_1_516' title='bbox 711 4097 887 4154; x_wconf 83' lang='lat' dir='ltr'>nunciaretur</span> <span class='ocrx_word' id='word_1_517' title='bbox 901 4092 992 4167; x_wconf 88' lang='lat' dir='ltr'>(audis</span> <span class='ocrx_word' id='word_1_518' title='bbox 1006 4099 1108 4154; x_wconf 90' lang='lat' dir='ltr'>bellurn</span> <span class='ocrx_word' id='word_1_519' title='bbox 1126 4097 1303 4162; x_wconf 80' lang='lat' dir='ltr'>Perusinum,</span> <span class='ocrx_word' id='word_1_520' title='bbox 1322 4115 1383 4152; x_wconf 88' lang='lat' dir='ltr'>cum</span> <span class='ocrx_word' id='word_1_521' title='bbox 1401 4097 1431 4152; x_wconf 90' lang='lat' dir='ltr'>in</span> <span class='ocrx_word' id='word_1_522' title='bbox 1450 4100 1585 4168; x_wconf 74' lang='lat' dir='ltr'>Aegypto</span> 
     </span>
     <span class='ocr_line' id='line_1_47' title="bbox 227 4172 1587 4248; baseline 0.004 -22"><span class='ocrx_word' id='word_1_523' title='bbox 227 4173 345 4226; x_wconf 86' lang='lat' dir='ltr'>nondum</span> <span class='ocrx_word' id='word_1_524' title='bbox 359 4172 422 4227; x_wconf 85' lang='lat' dir='ltr'>sciri</span> <span class='ocrx_word' id='word_1_525' title='bbox 434 4181 542 4244; x_wconf 65' lang='lat' dir='ltr'>posset}</span> <span class='ocrx_word' id='word_1_526' title='bbox 555 4192 653 4245; x_wconf 86' lang='lat' dir='ltr'>pacem</span> <span class='ocrx_word' id='word_1_527' title='bbox 665 4177 810 4234; x_wconf 81' lang='lat' dir='ltr'>Brundusii</span> <span class='ocrx_word' id='word_1_528' title='bbox 823 4173 947 4246; x_wconf 63' lang='lat' dir='ltr'>fficiam),</span> <span class='ocrx_word' id='word_1_529' title='bbox 968 4173 1008 4248; x_wconf 87' lang='lat' dir='ltr'>m)</span> <span class='ocrx_word' id='word_1_530' title='bbox 1023 4181 1161 4236; x_wconf 88' lang='lat' dir='ltr'>Herodem</span> <span class='ocrx_word' id='word_1_531' title='bbox 1178 4186 1272 4234; x_wconf 71' lang='lat' dir='ltr'>tamn</span> <span class='ocrx_word' id='word_1_532' title='bbox 1292 4177 1436 4233; x_wconf 72' lang='lat' dir='ltr'>contcmis</span> <span class='ocrx_word' id='word_1_533' title='bbox 1455 4173 1587 4246; x_wconf 84' lang='lat' dir='ltr'>periculis</span> 
     </span>
     <span class='ocr_line' id='line_1_48' title="bbox 156 4251 1587 4332; baseline 0.003 -27"><span class='ocrx_word' id='word_1_534' title='bbox 156 4251 159 4260; x_wconf 85' lang='lat'>&#39;</span> <span class='ocrx_word' id='word_1_535' title='bbox 227 4268 406 4324; x_wconf 76' lang='lat' dir='ltr'>properasse,</span> <span class='ocrx_word' id='word_1_536' title='bbox 427 4252 580 4323; x_wconf 82' lang='lat' dir='ltr'>etjactura</span> <span class='ocrx_word' id='word_1_537' title='bbox 599 4257 676 4312; x_wconf 80' lang='lat' dir='ltr'>iacta</span> <span class='ocrx_word' id='word_1_538' title='bbox 695 4257 804 4314; x_wconf 78' lang='lat' dir='ltr'>venisse</span> <span class='ocrx_word' id='word_1_539' title='bbox 816 4259 943 4314; x_wconf 85' lang='lat' dir='ltr'>Rhodum</span> <span class='ocrx_word' id='word_1_540' title='bbox 956 4259 1047 4332; x_wconf 88' lang='lat' dir='ltr'>ibique</span> <span class='ocrx_word' id='word_1_541' title='bbox 1060 4261 1126 4316; x_wconf 81' lang='lat' dir='ltr'>nari</span> <span class='ocrx_word' id='word_1_542' title='bbox 1147 4260 1292 4315; x_wconf 81' lang='lat' dir='ltr'>aedificata</span> <span class='ocrx_word' id='word_1_543' title='bbox 1305 4261 1418 4314; x_wconf 87' lang='lat' dir='ltr'>tandem</span> <span class='ocrx_word' id='word_1_544' title='bbox 1434 4257 1545 4313; x_wconf 79' lang='lat' dir='ltr'>remisse</span> <span class='ocrx_word' id='word_1_545' title='bbox 1559 4255 1587 4310; x_wconf 89' lang='lat' dir='ltr'>in</span> 
     </span>
     <span class='ocr_line' id='line_1_49' title="bbox 226 4327 1585 4412; baseline 0.003 -24"><span class='ocrx_word' id='word_1_546' title='bbox 226 4333 350 4388; x_wconf 74' lang='lat' dir='ltr'>ltaliam</span> <span class='ocrx_word' id='word_1_547' title='bbox 371 4349 431 4388; x_wconf 86' lang='lat' dir='ltr'>cunr</span> <span class='ocrx_word' id='word_1_548' title='bbox 451 4327 481 4402; x_wconf 89' lang='lat' dir='ltr'>o)</span> <span class='ocrx_word' id='word_1_549' title='bbox 495 4335 639 4392; x_wconf 85' lang='lat' dir='ltr'>Ventidius</span> <span class='ocrx_word' id='word_1_550' title='bbox 655 4338 716 4407; x_wconf 85' lang='lat' dir='ltr'>janu</span> <span class='ocrx_word' id='word_1_551' title='bbox 727 4339 893 4410; x_wconf 76' lang='lat' dir='ltr'>praemissus</span> <span class='ocrx_word' id='word_1_552' title='bbox 914 4348 990 4396; x_wconf 88' lang='lat' dir='ltr'>esset</span> <span class='ocrx_word' id='word_1_553' title='bbox 1001 4341 1030 4396; x_wconf 91' lang='lat' dir='ltr'>in</span> <span class='ocrx_word' id='word_1_554' title='bbox 1043 4342 1152 4412; x_wconf 81' lang='lat' dir='ltr'>Syriam</span> <span class='ocrx_word' id='word_1_555' title='bbox 1164 4346 1261 4395; x_wconf 88' lang='lat' dir='ltr'>contra</span> <span class='ocrx_word' id='word_1_556' title='bbox 1272 4340 1407 4403; x_wconf 84' lang='lat' dir='ltr'>Parthos,</span> <span class='ocrx_word' id='word_1_557' title='bbox 1429 4343 1460 4393; x_wconf 88' lang='lat' dir='ltr'>et</span> <span class='ocrx_word' id='word_1_558' title='bbox 1476 4329 1513 4410; x_wconf 86' lang='lat' dir='ltr'>p)</span> <span class='ocrx_word' id='word_1_559' title='bbox 1528 4341 1585 4392; x_wconf 82' lang='lat' dir='ltr'>An·</span> 
     </span>
     <span class='ocr_line' id='line_1_50' title="bbox 227 4410 1587 4492; baseline 0.002 -24"><span class='ocrx_word' id='word_1_560' title='bbox 227 4413 317 4468; x_wconf 75' lang='lat' dir='ltr'>tonius</span> <span class='ocrx_word' id='word_1_561' title='bbox 331 4428 390 4466; x_wconf 86' lang='lat' dir='ltr'>oum</span> <span class='ocrx_word' id='word_1_562' title='bbox 404 4412 523 4470; x_wconf 78' lang='lat' dir='ltr'>Caesare</span> <span class='ocrx_word' id='word_1_563' title='bbox 532 4413 594 4486; x_wconf 82' lang='lat' dir='ltr'>jam</span> <span class='ocrx_word' id='word_1_564' title='bbox 614 4410 644 4490; x_wconf 86' lang='lat' dir='ltr'>q)</span> <span class='ocrx_word' id='word_1_565' title='bbox 659 4419 763 4474; x_wconf 82' lang='lat' dir='ltr'>Romae</span> <span class='ocrx_word' id='word_1_566' title='bbox 784 4419 869 4474; x_wconf 88' lang='lat' dir='ltr'>amice</span> <span class='ocrx_word' id='word_1_567' title='bbox 884 4422 1007 4492; x_wconf 74' lang='lat' dir='ltr'>degeret.</span> <span class='ocrx_word' id='word_1_568' title='bbox 1041 4421 1085 4476; x_wconf 90' lang='lat' dir='ltr'>ihi</span> <span class='ocrx_word' id='word_1_569' title='bbox 1103 4427 1202 4476; x_wconf 88' lang='lat' dir='ltr'>narrat</span> <span class='ocrx_word' id='word_1_570' title='bbox 1214 4419 1334 4478; x_wconf 80' lang='lat' dir='ltr'>Antonio</span> <span class='ocrx_word' id='word_1_571' title='bbox 1356 4425 1441 4491; x_wconf 75' lang='lat' dir='ltr'>gesta</span> <span class='ocrx_word' id='word_1_572' title='bbox 1452 4417 1587 4474; x_wconf 85' lang='lat' dir='ltr'>Parthica</span> 
     </span>
     <span class='ocr_line' id='line_1_51' title="bbox 227 4493 1584 4575; baseline 0.003 -27"><span class='ocrx_word' id='word_1_573' title='bbox 227 4493 335 4565; x_wconf 85' lang='lat' dir='ltr'>aliquot</span> <span class='ocrx_word' id='word_1_574' title='bbox 347 4493 494 4560; x_wconf 71' lang='lat' dir='ltr'>mensium,</span> <span class='ocrx_word' id='word_1_575' title='bbox 515 4502 546 4551; x_wconf 91' lang='lat' dir='ltr'>et</span> <span class='ocrx_word' id='word_1_576' title='bbox 558 4497 686 4553; x_wconf 87' lang='lat' dir='ltr'>credibile</span> <span class='ocrx_word' id='word_1_577' title='bbox 701 4506 765 4562; x_wconf 63' lang='lat' dir='ltr'>cnop</span> <span class='ocrx_word' id='word_1_578' title='bbox 779 4501 929 4556; x_wconf 78' lang='lat' dir='ltr'>Antonium</span> <span class='ocrx_word' id='word_1_579' title='bbox 949 4501 1051 4572; x_wconf 85' lang='lat' dir='ltr'>partim</span> <span class='ocrx_word' id='word_1_580' title='bbox 1070 4501 1099 4556; x_wconf 87' lang='lat' dir='ltr'>in</span> <span class='ocrx_word' id='word_1_581' title='bbox 1111 4508 1244 4575; x_wconf 73' lang='lat' dir='ltr'>Aegypto</span> <span class='ocrx_word' id='word_1_582' title='bbox 1257 4499 1359 4573; x_wconf 87' lang='lat' dir='ltr'>partim</span> <span class='ocrx_word' id='word_1_583' title='bbox 1379 4501 1409 4554; x_wconf 90' lang='lat' dir='ltr'>in</span> <span class='ocrx_word' id='word_1_584' title='bbox 1422 4499 1521 4555; x_wconf 86' lang='lat' dir='ltr'>itinere</span> <span class='ocrx_word' id='word_1_585' title='bbox 1536 4498 1584 4552; x_wconf 90' lang='lat' dir='ltr'>ab·</span> 
     </span>
     <span class='ocr_line' id='line_1_52' title="bbox 226 4575 1587 4654; baseline 0.005 -27"><span class='ocrx_word' id='word_1_586' title='bbox 226 4581 346 4640; x_wconf 85' lang='lat' dir='ltr'>sentem,</span> <span class='ocrx_word' id='word_1_587' title='bbox 366 4575 484 4650; x_wconf 76' lang='lat' dir='ltr'>neudum</span> <span class='ocrx_word' id='word_1_588' title='bbox 504 4595 537 4630; x_wconf 88' lang='lat' dir='ltr'>eo</span> <span class='ocrx_word' id='word_1_589' title='bbox 551 4593 638 4648; x_wconf 88' lang='lat' dir='ltr'>usque</span> <span class='ocrx_word' id='word_1_590' title='bbox 652 4579 804 4645; x_wconf 74' lang='lat' dir='ltr'>audivisse,</span> <span class='ocrx_word' id='word_1_591' title='bbox 825 4597 896 4651; x_wconf 87' lang='lat' dir='ltr'>quae</span> <span class='ocrx_word' id='word_1_592' title='bbox 910 4581 938 4636; x_wconf 91' lang='lat' dir='ltr'>in</span> <span class='ocrx_word' id='word_1_593' title='bbox 951 4582 1073 4638; x_wconf 87' lang='lat' dir='ltr'>interiori</span> <span class='ocrx_word' id='word_1_594' title='bbox 1086 4582 1228 4654; x_wconf 82' lang='lat' dir='ltr'>provincia</span> <span class='ocrx_word' id='word_1_595' title='bbox 1241 4586 1412 4653; x_wconf 73' lang='lat' dir='ltr'>gererentur.</span> <span class='ocrx_word' id='word_1_596' title='bbox 1445 4579 1587 4636; x_wconf 63' lang='lat' dir='ltr'>nouum</span> 
     </span>
     <span class='ocr_line' id='line_1_53' title="bbox 226 4646 1587 4731; baseline 0.007 -22"><span class='ocrx_word' id='word_1_597' title='bbox 226 4660 318 4710; x_wconf 74' lang='lat' dir='ltr'>autem</span> <span class='ocrx_word' id='word_1_598' title='bbox 336 4646 365 4722; x_wconf 78' lang='lat' dir='ltr'>r)</span> <span class='ocrx_word' id='word_1_599' title='bbox 386 4656 490 4712; x_wconf 84' lang='lat' dir='ltr'>Herodi</span> <span class='ocrx_word' id='word_1_600' title='bbox 504 4659 540 4711; x_wconf 90' lang='lat' dir='ltr'>ad</span> <span class='ocrx_word' id='word_1_601' title='bbox 552 4675 681 4729; x_wconf 75' lang='lat' dir='ltr'>regnum,</span> <span class='ocrx_word' id='word_1_602' title='bbox 703 4661 774 4731; x_wconf 88' lang='lat' dir='ltr'>quod</span> <span class='ocrx_word' id='word_1_603' title='bbox 794 4659 868 4716; x_wconf 86' lang='lat' dir='ltr'>utilis</span> <span class='ocrx_word' id='word_1_604' title='bbox 888 4663 925 4717; x_wconf 82' lang='lat' dir='ltr'>ab</span> <span class='ocrx_word' id='word_1_605' title='bbox 939 4662 1058 4718; x_wconf 85' lang='lat' dir='ltr'>Antonio</span> <span class='ocrx_word' id='word_1_606' title='bbox 1073 4662 1210 4718; x_wconf 87' lang='lat' dir='ltr'>diceretur</span> <span class='ocrx_word' id='word_1_607' title='bbox 1230 4663 1337 4718; x_wconf 82' lang='lat' dir='ltr'>futurus</span> <span class='ocrx_word' id='word_1_608' title='bbox 1356 4661 1433 4718; x_wconf 87' lang='lat' dir='ltr'>hello</span> <span class='ocrx_word' id='word_1_609' title='bbox 1446 4659 1587 4726; x_wconf 76' lang='lat' dir='ltr'>Parthico,</span> 
     </span>
     <span class='ocr_line' id='line_1_54' title="bbox 228 4733 1601 4814; baseline 0.007 -28"><span class='ocrx_word' id='word_1_610' title='bbox 228 4739 257 4788; x_wconf 89' lang='lat' dir='ltr'>et</span> <span class='ocrx_word' id='word_1_611' title='bbox 270 4734 416 4790; x_wconf 68' lang='lat' dir='ltr'>caesarem</span> <span class='ocrx_word' id='word_1_612' title='bbox 437 4752 546 4809; x_wconf 79' lang='lat' dir='ltr'>quoque</span> <span class='ocrx_word' id='word_1_613' title='bbox 566 4738 595 4792; x_wconf 90' lang='lat' dir='ltr'>in</span> <span class='ocrx_word' id='word_1_614' title='bbox 607 4740 728 4809; x_wconf 77' lang='lat' dir='ltr'>gratiam</span> <span class='ocrx_word' id='word_1_615' title='bbox 740 4741 855 4796; x_wconf 78' lang='lat' dir='ltr'>Antonii</span> <span class='ocrx_word' id='word_1_616' title='bbox 872 4741 979 4811; x_wconf 83' lang='lat' dir='ltr'>juvisse</span> <span class='ocrx_word' id='word_1_617' title='bbox 998 4743 1152 4808; x_wconf 66' lang='lat' dir='ltr'>Herodem·</span> <span class='ocrx_word' id='word_1_618' title='bbox 1173 4749 1203 4798; x_wconf 89' lang='lat' dir='ltr'>et</span> <span class='ocrx_word' id='word_1_619' title='bbox 1221 4737 1250 4812; x_wconf 81' lang='lat' dir='ltr'>s)</span> <span class='ocrx_word' id='word_1_620' title='bbox 1268 4743 1401 4798; x_wconf 68' lang='lat' dir='ltr'>Senam</span> <span class='ocrx_word' id='word_1_621' title='bbox 1421 4733 1601 4814; x_wconf 73' lang='lat' dir='ltr'>super-&#39;ejus</span> 
     </span>
    </p>
   </div>
   <div class='ocr_carea' id='block_1_14' title="bbox 111 4813 1586 4906">
    <p class='ocr_par' dir='ltr' id='par_1_14' title="bbox 111 4813 1586 4906">
     <span class='ocr_line' id='line_1_55' title="bbox 111 4813 1586 4906; baseline 0.018 -40"><span class='ocrx_word' id='word_1_622' title='bbox 111 4899 114 4906; x_wconf 30' lang='grc' dir='ltr'>Ι</span> <span class='ocrx_word' id='word_1_623' title='bbox 227 4813 342 4886; x_wconf 65' lang='lat' dir='ltr'>negotio</span> <span class='ocrx_word' id='word_1_624' title='bbox 351 4823 540 4876; x_wconf 69' lang='lat' dir='ltr'>wnrccatum.</span> <span class='ocrx_word' id='word_1_625' title='bbox 560 4821 654 4890; x_wconf 81' lang='lat' dir='ltr'>Atque</span> <span class='ocrx_word' id='word_1_626' title='bbox 663 4819 819 4876; x_wconf 79' lang='lat' dir='ltr'>bseciacta</span> <span class='ocrx_word' id='word_1_627' title='bbox 828 4821 942 4880; x_wconf 80' lang='lat' dir='ltr'>Calvino</span> <span class='ocrx_word' id='word_1_628' title='bbox 956 4831 986 4880; x_wconf 93' lang='lat' dir='ltr'>et</span> <span class='ocrx_word' id='word_1_629' title='bbox 998 4823 1124 4886; x_wconf 76' lang='lat' dir='ltr'>Pollione</span> <span class='ocrx_word' id='word_1_630' title='bbox 1136 4825 1211 4882; x_wconf 78' lang='lat' dir='ltr'>Cass.</span> <span class='ocrx_word' id='word_1_631' title='bbox 1226 4829 1353 4880; x_wconf 73' lang='lat' dir='ltr'>emente</span> <span class='ocrx_word' id='word_1_632' title='bbox 1366 4825 1462 4898; x_wconf 79' lang='lat' dir='ltr'>¹adbuc</span> <span class='ocrx_word' id='word_1_633' title='bbox 1476 4821 1586 4896; x_wconf 61' lang='lat' dir='ltr'>Olmii·</span> 
     </span>
    </p>
   </div>
   <div class='ocr_carea' id='block_1_15' title="bbox 0 0 1718 5542">
    <p class='ocr_par' dir='ltr' id='par_1_15' title="bbox 0 0 1718 5542">
     <span class='ocr_line' id='line_1_56' title="bbox 0 0 1718 5542; baseline 0 2"><span class='ocrx_word' id='word_1_634' title='bbox 0 0 1718 5542; x_wconf 95' lang='lat' dir='ltr'> </span> 
     </span>
    </p>
   </div>
  </div>
 </body>
</html>
