3400 5538
249 219 314 280 478
769 219 877 284 seleges
904 219 1049 272 ollamus.

248 398 360 457 natum
383 413 468 458 anno
490 395 593 478 primo
612 393 692 478 Caji,
715 395 902 460 0101001010
925 415 1011 460 anno
1027 394 1181 473 Romano,
1204 395 1236 458 in
1260 413 1325 476 quo
1347 395 1454 478 coepit
1468 393 1570 479 Cujus,

248 482 359 564 paucis
385 481 498 572 diebus
525 489 702 566 antequam
723 483 751 548 is
773 485 876 567 coepit
898 490 995 551 natus
1017 491 1076 554 est.
1122 483 1228 560 Adde,
1256 482 1343 565 quod
1365 482 1426 547 hoc
1448 489 1573 548 tantun

247 571 326 635 dicit
346 569 525 656 Josephus:
556 591 609 652 se,
632 593 705 636 curn
727 578 838 656 ageret
859 593 980 638 annum
1007 572 1220 652 tricesimum,
1249 571 1446 637 innocentius
1469 579 1573 638 000000

248 660 423 746 imperasse
446 681 544 744 quam
567 681 627 744 pro
649 666 773 740 aetate3
796 661 875 726 satis
889 662 970 726 ista.

337 745 473 831 Scripsit
494 748 537 815 ad
559 769 610 813 me
636 754 670 816 et
698 749 910 814 Declrerius
938 749 1191 834 perhumaniter.
1235 747 1269 814 ls
1290 769 1363 814 cnm
1383 749 1418 814 in
1439 748 1575 814 Herodis

248 841 353 912 morte
375 857 439 902 uno
466 858 552 902 anno
577 857 630 902 me
651 843 826 920 sequatur,
857 837 919 903 hoc
945 837 1024 904 mihi
1050 840 1175 923 eripere
1204 837 1318 915 volarit,
1350 836 1438 921 quod
1462 837 1575 922 Cajum

248 927 420 991 Caesarem
441 926 507 991 dixi
527 927 709 1012 profectum
727 924 928 1012 100110000οι
947 947 1033 993 0000
1048 932 1102 992 44.
1114 926 1255 992 Juliano.
1288 923 1333 992 llt
1347 926 1461 994 eodem
1480 933 1574 1003 teste,

245 1035 342 1096 quem
363 1035 423 1097 pro
438 1035 472 1080 se
487 1016 664 1098 producere
678 1016 827 1100 putabat,
851 1016 962 1082 Ouidio
983 1016 1105 1082 scilicet
1118 1015 1159 1080 de
1174 1019 1253 1080 Arte
1264 1015 1410 1092 Amandi,
1434 1013 1575 1080 reddidit

245 1123 298 1168 me
319 1123 419 1188 super
440 1103 501 1169 hoc
522 1104 666 1169 themate
693 1103 1019 1188 confirmatissimnm,
1042 1125 1128 1170 anno
1148 1103 1270 1188 quippe
1296 1101 1572 1186 magnificentissi-

244 1211 370 1256 morum
400 1193 666 1276 spectaculorum,
697 1193 907 1259 naumachiae
930 1199 990 1260 etc.
1030 1193 1170 1274 parebat
1201 1193 1323 1257 Caesar
1351 1193 1421 1272 ille,
1456 1191 1575 1258 domito

244 1279 329 1361 qood
352 1280 456 1361 deficit
483 1281 552 1346 orbi
574 1288 630 1347 etc.
676 1282 814 1366 Jamque
844 1303 936 1349 0000
959 1279 1106 1348 habebat
1131 1289 1164 1348 et
1185 1281 1370 1346 0001010000.
1414 1279 1476 1346 1110
1502 1301 1576 1346 vero

243 1370 563 1455 annusrcertissimus
584 1372 634 1436 est
655 1391 694 1436 ex
715 1371 847 1458 Velleio.
932 1432 936 1440 .

327 1458 396 1523 Sed
419 1459 514 1525 mitto
536 1458 704 1542 ambages3
729 1458 791 1528 hoc
812 1481 901 1526 mam
912 1459 1085 1526 ’0100000οε
1107 1459 1141 1524 in
1163 1479 1249 1524 anno
1272 1458 1430 1541 000010οἰ0
1453 1456 1575 1523 Christi

243 1551 337 1612 arcta
359 1567 411 1612 me
433 1549 552 1632 premit
581 1547 762 1629 obsidione,
794 1549 938 1632 adeoque
967 1550 1136 1633 cumipse
1166 1548 1323 1629 transegi,
1355 1553 1393 1610 ut
1414 1547 1475 1612 nisi
1497 1547 1575 1610 mihi

241 1634 387 1702 subsidia
407 1637 578 1701 mittantur
599 1657 620 1702 a
643 1637 766 1704 Grasoo
788 1643 880 1702 textu
902 1638 1081 1721 Epiphanii,
1105 1637 1229 1702 haeresi
1250 1636 1292 1700 Ll
1314 1635 1380 1699 sive
1403 1635 1454 1714 L.,
1479 1635 1569 1700 dedi·

242 1725 364 1790 tionem
385 1725 446 1790 sim
467 1725 623 1791 tacturus.
669 1726 750 1798 Cum
772 1726 870 1808 igitur
889 1727 1015 1810 Pragae
1038 1726 1131 1792 nulla
1151 1725 1231 1790 mihi
1252 1726 1296 1790 sit
1314 1725 1415 1808 copia'
1428 1725 1574 1791 auctoris

243 1812 373 1896 Graeci,
399 1813 442 1878 00
463 1819 496 1878 te
517 1816 611 1880 venio
634 1834 674 1880 ea
694 1813 826 1895 1100010,
855 1835 954 1898 quam
969 1816 1009 1897 ,10
1031 1835 1083 1880 me
1107 1813 1232 1880 crebris·
1256 1812 1440 1897 hujusmodi
1460 1811 1574 1878 officiis

241 1901 397 1982 0100100001,
422 1908 606 1986 rogaturus,
631 1909 669 1970 ut
689 1903 767 1968 mihi
790 1904 987 1988 descriptum
1008 1905 1145 1988 paginae
1165 1903 1261 1968 unius
1284 1923 1324 1966 ex
1344 1900 1571 1984 (100000801-

241 1989 352 2073 phanii
378 2011 547 2075 procures,
581 1997 671 2079 eujus
704 1992 831 2058 initium
865 1992 989 2058 haeresi
1011 1994 1051 2058 L:
1100 1991 1382 2074 Quorwdeciosoai
1416 1988 1573 2056 Judoicis

241 2079 346 2144 adbuc
372 2080 497 2161 sellulis
525 2081 650 2149 addicti
678 2101 777 2162 acque
807 2082 957 2163 00000110
985 2081 1070 2162 ipsis
1101 2081 1210 2146 000000
1232 2086 1288 2146 000.
1312 2079 1355 2143 00
1376 2077 1482 2143 finem.
1529 2081 1571 2144 Et

240 2171 387 2252 sequenti
409 2169 534 2234 haeresi
556 2169 611 2234 LI'.
630 2169 774 2236 initium:
797 2169 960 2234 Acouoaot
976 2186 1081 2250 porro
1107 2170 1205 2234 iidem
1230 2169 1298 2252 (lot
1326 2172 1398 2232 199.
1422 2166 1571 2234 editionis

241 2255 468 2340 Basileeneis),
499 2255 572 2330 finis
594 2257 649 2324 fol.
673 2261 756 2324 202:
801 2257 926 2324 Dicam
954 2265 1078 2337 000000,
1110 2258 1194 2344 quod
1223 2263 1297 2322 ante
1320 2255 1405 2321 ΧΗ.
1439 2254 1569 2320 Ordasd.

238 2343 329 2410 Jolis'
357 2345 406 2411 ccl
434 2346 532 2412 dacii
565 2345 707 2428 Salpitio
737 2345 917 2428 Caesarisse,
941 2345 1034 2424 ,Cerco
1067 2345 1263 2429 Pompeiam
1295 2344 1380 2412 Coss.
1426 2345 1513 2410 Nam
1542 2346 1570 2409 si

238 2435 391 2516 patuerit
402 2435 507 2500 forma
529 2435 656 2514 calculi,
686 2455 751 2518 quo
771 2435 891 2502 iudaei
916 2437 1065 2504 0000001
1086 2435 1224 2516 tuerint,
1252 2435 1345 2518 sique
1371 2454 1411 2498 ex
1432 2454 1473 2500 ea
1495 2455 1567 2516 pro·

238 2522 335 2588 dierit
357 2525 543 2607 anticipatio
565 2524 802 2591 noviluniorum
824 2523 1039 2604 uniusbidui,
1063 2525 1174 2590 vicisse
1194 2523 1300 2590 dicam
1318 2521 1514 2588 Dcckerium
1536 2529 1569 2588 et

238 2611 378 2692 credam,
403 2631 534 2695 passum
557 2633 627 2678 esse
642 2613 812 2698 Christum
834 2614 963 2680 Juliarm
988 2619 1040 2680 76.
1079 2615 1164 2689 Satis
1187 2619 1220 2678 et
1242 2618 1292 2677 est
1314 2611 1355 2677 de
1375 2613 1426 2677 his
1449 2619 1509 2676 000.
1525 2609 1568 2692 ³⁹)

318 2708 527 2780 Herwartufls
547 2707 706 2778 chlero.
719 2709 747 2763 S.
771 2710 815 2764 12.
836 2709 951 2763 ianuar.
975 2708 1060 2764 1608.
1079 2710 1334 2780 (0000010000)
1375 2699 1418 2760 ne
1438 2705 1484 2760 die
1505 2721 1567 2774 pas-

238 2785 320 2840 sionis
341 2785 443 2842 Christi
468 2787 562 2844 mirari
586 2787 655 2847 estis
679 2803 800 2859 nequeo,
830 2795 859 2844 te
885 2805 998 2858 passum
1020 2788 1071 2844 tihi
1096 2787 1270 2858 persuaderi,
1297 2793 1363 2840 ante
1387 2785 1566 2856 plenilunium

238 2865 312 2920 illam
337 2873 371 2921 ut
396 2867 563 2924 admitteres.
603 2867 690 2938 Atqui
712 2869 883 2938 Epiphanius
908 2869 977 2924 nihil
1001 2869 1055 2924 hnc
1081 2871 1116 2922 de
1141 2885 1172 2922 re
1197 2865 1330 2940 loquitur,
1362 2883 1453 2938 neque
1481 2865 1565 2934 ipsius

237 2945 382 3018 quicquam
406 2949 508 3016 probat
533 2947 662 3010 mortim
696 2965 722 3018 p.
753 2949 817 3004 18a
847 2949 956 3020 quidem
982 2949 1061 3010 dicit:
1082 2970 1149 3011 τινος
1174 2953 1204 3020 ts
1226 2969 1256 3020 00
1276 2965 1326 3020 spo
1345 2953 1410 3002 0000
1429 2950 1564 3020 satam

236 3027 384 3099 Ἀπριλλιων
402 3033 531 3100 00000000,
556 3029 604 3082 000
624 3027 768 3098 subjungit
788 3021 954 3082 immediate:
976 3031 1186 3092 tesseracoste
1199 3031 1271 3084 odros
1283 3025 1563 3098 soorposespsroow).
1687 3073 1688 3078 ,

315 3109 520 3162 Herwartus
540 3107 692 3178 Keplero
712 3109 739 3162 S.
762 3109 787 3163 5.
802 3107 962 3162 Decembris
981 3109 1064 3166 1608.
1082 3109 1206 3179 (Epistola
1223 3109 1348 3175 mna)
1378 3107 1421 3158 De
1437 3106 1563 3175 opinione

197 3231 202 3248 ,
235 3187 266 3242 P.
293 3185 424 3242 Declrerii
457 3193 486 3240 et
515 3191 566 3239 tua
595 3189 629 3241 de
660 3204 731 3242 anno
761 3194 791 3241 et
820 3189 864 3241 die
893 3187 1027 3257 passionis
1054 3187 1155 3242 Christi
1182 3185 1299 3241 scribam
1323 3183 1450 3256 proxime
1476 3188 1565 3254 plura
1687 3191 1688 3221 l

235 3265 383 3336 Epiphanii
403 3265 554 3320 auctoritas
575 3265 638 3336 (etsi
658 3281 785 3337 cuperem
805 3267 884 3331 scire,
906 3269 1037 3340 quomodo
1058 3269 1117 3340 quis
1138 3269 1227 3322 locuni
1248 3268 1323 3321 illurn
1331 3265 1458 3319 restitere
1467 3263 1563 3326 vellet)

235 3346 307 3400 tanti
333 3363 388 3400 non
415 3351 457 3418 est
483 3348 557 3415 apud
582 3363 638 3400 me:
668 3363 785 3419 namque
811 3348 906 3400 ridere
932 3349 977 3401 rel
1004 3343 1151 3418 imaginari
1171 3363 1286 3418 nequeo,
1313 3353 1421 3415 tempus
1442 3346 1565 3415 paschae

234 3427 324 3481 locum
352 3425 458 3480 hahere
482 3439 563 3496 posse
588 3433 654 3480 ante
678 3435 807 3496 punctum
833 3434 863 3481 et
887 3427 992 3482 initium
1016 3427 1172 3497 plenilunii:
1209 3443 1283 3482 curu.
1296 3429 1381 3497 vulgo
1408 3425 1512 3495 passim
1538 3431 1566 3478 et

234 3507 354 3577 undique
380 3507 445 3560 olim
469 3513 499 3560 et
522 3507 605 3560 hodie
624 3523 697 3564 nova
715 3508 797 3562 Luna
816 3506 906 3577 potius
927 3514 956 3560 st
976 3523 1007 3562 re
1027 3523 1096 3562 vere
1114 3507 1221 3562 initium
1241 3511 1331 3560 snrnstt
1350 3523 1405 3560 non
1425 3521 1445 3560 a
1464 3513 1565 3576 punctq

233 3585 372 3650 novilunii,
393 3587 442 3640 sed
462 3575 578 3640 demum*
590 3603 609 3641 s
628 3587 835 3658 comparatione
854 3587 925 3644 reoli
945 3595 976 3641 et
995 3588 1116 3650 sensuali
1134 3604 1224 3645 novae
1243 3577 1391 3648 00000“’).

323 3678 354 3743 J.
376 3676 569 3763 Keplerus
592 3678 795 3744 Herwarto
818 3678 850 3744 S.
877 3684 926 3744 12.
950 3679 1136 3754 Decembris
1163 3683 1258 3747 1608.
1297 3686 1423 3755 (aphech
1440 3687 1563 3750 xxm.)

233 3766 433 3852 Epiphanius
461 3767 523 3832 sibi
552 3767 592 3833 00
619 3789 705 3834 0000
734 3769 892 3852 000οἰ0010
921 3768 1058 3852 pulchre
1088 3774 1226 3834 constat.
1271 3766 1307 3833 Si
1333 3772 1408 3850 post
1438 3766 1563 3850 aliquot

231 3877 391 3922 annornm
412 3855 514 3922 millia
543 3857 616 3939 quis
638 3876 679 3924 ex
701 3855 878 3928 canonibus
901 3857 1029 3922 Nicenis
1056 3859 1096 3924 00
1118 3856 1273 3942 paschate
1304 3875 1465 3920 annorum
1488 3859 1563 3920 ante

231 3946 462 4021 correctionem
484 3946 735 4028 praeteritorum
758 3945 856 4010 vellet
878 3948 1095 4030 argumentari
1118 3953 1152 4012 et
1167 3967 1232 4012 non
1250 3944 1353 4022 fateri,
1376 3943 1460 4009 illud
1481 3944 1562 4008 cele-

230 4033 361 4100 bratum
383 4034 559 4116 aliquando
581 4055 688 4099 menae
709 4035 848 4100 secundo
868 4041 927 4100 aut
941 4037 1035 4100 Luna
1056 4036 1204 4100 vicesima
1225 4041 1353 4117 quarta,
1377 4032 1455 4097 hnic
1476 4041 1564 4098 recta

194 4167 198 4176 ·
230 4124 501 4208 responderetur,
534 4123 700 4188 ecclesiam
722 4131 800 4190 tunc
829 4143 922 4189 usam
952 4143 1022 4189 esse
1052 4125 1158 4208 cyclo,
1191 4124 1248 4207 qui
1278 4143 1336 4206 per
1363 4147 1563 4200 persuasores

230 4213 386 4297 peccavit.
435 4211 558 4276 Eodem
586 4213 682 4278 modo
707 4212 878 4296 respondet
904 4212 1117 4296 Epiphanius.
1149 4233 1300 4296 peccasse
1326 4210 1451 4294 cyclum
1478 4211 1563 4275 illius

228 4301 383 4385 temporis
406 4325 614 4382 rposamocss,
636 4309 669 4366 et
691 4319 841 4386 expresse
863 4301 973 4382 tradit,
997 4321 1033 4368 οο
1056 4321 1141 4367 0000
1163 4301 1290 4368 Lmen
1316 4306 1369 4366 14.
1389 4299 1563 4365 «Iudaicam

228 4389 327 4455 inisse
349 4389 475 4454 Lunam
500 4394 550 4454 12.
574 4389 736 4456 Nicenam.
781 4389 820 4455 ld
847 4391 875 4455 01
902 4409 1013 4456 verum
1040 4397 1098 4470 est,
1127 4389 1320 4474 nullumque
1341 4388 1405 4454 lide
1428 4388 1563 4473 dignum

229 4483 347 4543 testem
372 4485 487 4544 contra
513 4480 625 4544 sistere
651 4497 838 4562 possumus,
874 4499 937 4546 non
965 4479 1070 4558 video,
1105 4477 1184 4564 quid
1211 4499 1271 4544 nos
1297 4477 1463 4561 impediat,
1496 4498 1562 4561 quo

228 4567 336 4635 minus
368 4565 477 4651 passio
509 4573 678 4633 statuatur
708 4569 743 4634 in
774 4573 826 4634 76.
860 4566 999 4635 iuliano.
1052 4568 1192 4635 Rabbini
1224 4565 1351 4633 0000101
1384 4575 1561 4649 coeperunt

229 4655 369 4720 scribere
396 4655 491 4738 longo
520 4661 596 4742 post
618 4653 782 4722 Christum
812 4661 973 4742 tempore,
1005 4657 1062 4724 sed
1091 4657 1278 4742 proferatur
1307 4657 1558 4722 000010ωο001-

228 4745 401 4825 quissimus
424 4741 594 4825 rabbinus,
619 4744 746 4825 videbo,
776 4746 852 4828 quid
876 4753 990 4814 contra
1012 4749 1053 4813 sit
1080 4745 1350 4832 respondendum.
1396 4741 1558 4822 Quantum
