3428 5542
657 323 728 382 sun
739 325 942 394 comitem
1400 287 1464 384 tti-

105 464 160 530 nisi
188 466 273 532 loric
289 477 423 535 'census
451 475 538 536 actus
569 489 625 536 nos
650 471 842 554 postmodum
865 473 898 535 in
922 471 1047 538 arctiori
1071 473 1239 540 constituat
1263 476 1379 559 spatio,
1410 485 1466 544 cut

107 556 224 711 ffiino
238 559 338 626 iidem
360 567 515 626 mereatur
528 569 618 626 vetus
634 561 760 626 traditio
777 561 813 626 de
828 562 941 627 bimulo
957 561 1096 639 Christo,
1118 564 1237 646 quaudo
1260 559 1463 650 erIAegypto

194 735 309 802 Omnis
323 739 421 820 igitur
433 741 521 804 labor
534 740 566 804 in
582 759 710 805 excessu
722 740 855 806 Herodis
874 741 1048 824 indagando
1062 742 1202 818 vertitur,
1217 742 1302 824 cujus
1317 739 1476 820 historiae

109 827 238 910 scriptor
261 829 421 911 Josephus
443 837 476 893 et
498 829 746 912 diligentissimus
776 839 808 894 et
828 831 1037 896 Romanarum
1060 850 1160 895 rerum
1182 832 1402 914 peritissimus,
1431 843 1466 902 ct

106 917 229 999 publica
242 917 454 984 Romanorum
467 920 688 1002 Imperatorum
702 920 902 986 honoratione
919 921 1024 985 defide
1040 921 1277 998 commendatus,
1292 943 1360 988 cum
1373 925 1464 990 hodie

106 1007 209 1071 divino
224 1008 377 1073 beneficio
394 1009 540 1091 supersit:
563 1005 670 1074 mirum
687 1011 824 1092 equidem
839 1019 903 1087 est,
926 1030 983 1094 quo
999 1011 1065 1074 fato
1080 1011 1150 1086 fiat,
1170 1018 1206 1074 ut
1222 1010 1390 1078 Christiani
1403 1014 1464 1080 hc·
1548 1037 1553 1048 ·

105 1097 204 1162 mines
220 1097 325 1179 potius
340 1098 386 1163 illi
401 1099 491 1164 fidem
507 1101 656 1181 abrogent
672 1091 747 1181 (quo
762 1101 924 1164 rotnndmn
931 1101 968 1164 Β.
977 1100 1081 1164 Lucae
1095 1119 1261 1176 numerum,
1275 1103 1463 1176 reclamante

104 1186 263 1268 particula
278 1182 373 1264 dost,
385 1189 481 1270 rigide
498 1185 582 1272 sequi
597 1183 749 1271 possint),
769 1209 859 1271 quarn
880 1197 915 1254 ut
930 1208 968 1252 ex
989 1189 1048 1252 cco
1062 1189 1191 1271 Josephi
1211 1190 1304 1254 etiam
1318 1191 1464 1275 Evange-

104 1275 249 1342 listarum
264 1277 356 1342 fidem
372 1279 410 1341 de
426 1277 590 1342 nativitate
606 1279 802 1343 scribentium
824 1279 865 1342 ad
880 1286 1004 1342 exteros
1019 1284 1053 1340 et
1067 1279 1215 1361 gentiles,
1237 1279 1344 1362 quihus
1360 1288 1465 1348 nmen

105 1365 288 1447 disputandi
313 1369 518 1436 conditionem
542 1368 697 1443 deferunt,
727 1369 880 1432 luculento
906 1374 939 1431 et
962 1367 1146 1450 penetrabili
1175 1378 1353 1451 argumento
1378 1391 1463 1436 coru-

103 1454 264 1520 mendent
302 1455 447 1522 Ceterum
463 1457 626 1540 Josephus,
642 1457 737 1538 ajunt,
753 1459 869 1522 erravit
882 1459 914 1522 in
929 1477 1075 1526 annorum
1098 1460 1325 1540 computatione
1341 1461 1463 1544 saepius

105 1553 138 1608 et
159 1544 243 1609 citra
267 1548 520 1611 controversiam:
549 1566 611 1611 non
633 1554 732 1631 tutum
752 1548 860 1631 igitur,
881 1565 921 1612 ex
943 1549 1008 1630 eJ'us
1029 1547 1088 1612 tide
1103 1547 1230 1612 delinito
1244 1549 1464 1633 Evangelistae

104 1653 232 1700 numero
247 1637 311 1700 vim
325 1637 435 1701 iacere.

194 1726 327 1808 Accipio
344 1727 548 1791 conditionem
562 1726 650 1808 hujus
666 1727 765 1809 campi
781 1734 813 1791 et
829 1746 953 1791 occurro
958 1745 969 1803 ς
993 1726 1100 1808 quodsi
1114 1727 1268 1809 Josephus
1288 1729 1321 1793 iu
1334 1729 1465 1797 historie

103 1815 250 1880 Romana
267 1811 332 1896 (cni
346 1817 478 1881 Judaica
494 1816 537 1881 sic
552 1817 673 1881 intexta
688 1824 746 1893 est,
761 1818 806 1880 uti
823 1817 1016 1899 subtegmine
1031 1811 1228 1901 staminibus)
1251 1819 1361 1883 nullius
1377 1839 1464 1886 erro·

104 1907 149 1969 ris
165 1925 208 1969 ex
222 1905 344 1983 Tacito,
359 1907 468 1984 Dione,
484 1905 641 1982 Suetonio,
655 1906 828 1983 Paterculo,
844 1907 956 1970 ceteris
972 1907 1225 1990 coarguipotest,
1245 1915 1278 1972 et
1294 1909 1319 1974 si
1333 1903 1466 1976 Judaie'a

103 1995 242 2061 Herodis
258 1997 385 2079 negotia
399 1995 496 2060 natali
513 1994 629 2061 Christi
644 1995 744 2060 vicina
760 1991 814 2080 (de
831 1996 1051 2079 antiquioribus
1067 1997 1147 2062 enim
1163 1999 1376 2073 excusationes
1392 2008 1466 2066 suut

103 2078 229 2166 variae)
261 2105 318 2168 per
341 2086 512 2168 hujusmodi
534 2085 780 2150 circumstantias
803 2085 1010 2150 Romanorum
1043 2087 1285 2151 concurrentium
1309 2090 1465 2169 describit,

104 2195 183 2258 quas
198 2175 334 2238 Romani
357 2176 522 2259 scriptores
538 2177 677 2252 easdem,
699 2196 756 2240 nec
771 2183 874 2240 tamen
890 2196 929 2242 sx
944 2176 1122 2258 composito,
1138 2188 1383 2257 commemorant,
1393 2177 1463 2261 jurt

103 2265 217 2328 merito
233 2265 312 2328 tides
328 2266 356 2328 ei
378 2274 427 2329 est
441 2267 583 2330 habenda
606 2267 699 2330 etiam
713 2267 745 2329 in
758 2265 906 2330 Judaicis.
950 2267 1048 2350 Atqui
1068 2265 1128 2328 hcc
1143 2267 1367 2332 demonstravit
1382 2267 1463 2335 Sus-

103 2356 194 2438 lyga3
218 2353 271 2418 hic
285 2355 368 2420 illius
380 2355 475 2420 libelli
491 2375 610 2437 scopus,
624 2355 702 2419 haec
719 2375 835 2419 summa
847 2355 906 2420 'est
936 2356 1004 2420 Hoc
1020 2356 1046 2419 si
1060 2357 1213 2438 repetiero
1229 2363 1261 2420 et
1276 2358 1390 2424 diserte
1405 2378 1481 2424 sx··

105 2445 281 2528 plicavero,
308 2444 487 2510 liberabitur
506 2446 661 2527 Josephus
683 2445 721 2509 ab
743 2465 878 2510 errorum
897 2446 1120 2509 intentatorum
1141 2447 1327 2529 suspiciones
1357 2448 1464 2514 nisisi

107 2535 178 2618 quid
195 2535 278 2598 forte
293 2535 436 2617 peccavit
449 2535 606 2612 librarius,
628 2557 646 2599 a
669 2553 727 2619 quo
750 2555 823 2599 casu
845 2555 883 2598 ne
904 2536 974 2618 ipsa
996 2535 1116 2619 quidem
1138 2555 1228 2600 sacra
1249 2537 1403 2602 volumina
1425 2557 1465 2604 ex

108 2624 189 2688 omni
203 2631 297 2707 parte
312 2633 489 2690 manserunt
503 2625 660 2690 immunia:
684 2625 791 2708 quihus
813 2633 917 2690 umen
932 2625 1125 2690 nihilominus
1141 2645 1197 2690 sua
1212 2633 1337 2692 constat
1350 2627 1463 2692 iureiu-

107 2715 411 2780 ubffisauecoricas

196 2803 281 2868 Utar
306 2812 408 2869 antem
436 2805 476 2868 ad
504 2805 584 2869 hanc
607 2825 672 2869 rem
694 2805 923 2888 proponendam
945 2804 995 2868 his
1018 2805 1208 2887 potissimum
1232 2806 1462 2889 hypothesibus.
1503 2816 1511 2824 “

108 2895 131 2958 Ι,
154 2895 193 2958 In
208 2894 352 2958 confesso
368 2903 418 2959 est
427 2895 508 2978 apud
517 2914 630 2972 omnes,
646 2896 717 2961 anui
733 2893 1125 2972 ordinationemlulianam,
1139 2897 1185 2958 uti
1201 2896 1240 2960 ah
1255 2897 1397 2979 Augusto
1414 2903 1465 2961 est

108 2983 267 3060 restituta,
281 2985 430 3049 mansisse
445 2985 609 3068 hucusque,
625 2991 658 3049 et
674 2984 827 3050 Calendas
841 2985 1015 3059 lanuarias,
1036 2985 1177 3066 aquibus
1192 2985 1251 3049 init
1265 2994 1373 3052 nostra
1387 2986 1462 3054 viti-
1555 3055 1557 3060 ,

110 3094 163 3138 osa
179 3073 302 3139 Christi
318 3094 406 3151 aera,
426 3075 605 3157 principium
627 3075 720 3139 inisse
736 3074 961 3158 quadragesimi
982 3074 1063 3136 sexti
1077 3074 1204 3152 Juhaui,
1228 3074 1305 3157 Cajo
1328 3075 1463 3142 Caesare

108 3164 246 3248 Augusti
268 3164 330 3228 lilio
353 3171 386 3227 et
400 3164 530 3228 Aemilio
545 3163 643 3228 Panlo
660 3163 746 3229 Coss.
790 3165 924 3229 Primum
945 3183 1018 3227 vero
1039 3163 1194 3228 Julianum
1210 3163 1298 3231 Coss.
1319 3165 1464 3232 hahuisse

110 3253 142 3318 C.
163 3253 283 3318 lulium
311 3253 476 3319 Caesarem
503 3261 536 3317 et
556 3255 684 3319 Fabium
705 3251 878 3318 Maximum
923 3254 992 3320 Hac
1014 3253 1205 3318 Julisnorum
1230 3255 1309 3320 serie
1333 3256 1465 3322 libenter

109 3345 139 3407 in
152 3345 213 3408 hoc
230 3345 357 3426 negotio
374 3351 451 3421 utor,
466 3351 501 3408 ut
516 3364 592 3427 quae
609 3345 851 3408 centenariorum
865 3345 1049 3427 repetitione
1065 3362 1126 3407 non
1142 3344 1183 3408 sit
1199 3351 1336 3410 onorata.

197 3443 240 3506 II.
273 3441 453 3507 Confessum
478 3451 510 3506 et
532 3443 591 3506 hoc
616 3451 666 3506 est
686 3443 856 3519 historicis,
879 3461 978 3525 aquo
1001 3449 1138 3524 tempore
1160 3444 1466 3526 coepitJuliancrum
1560 3492 1562 3508 ι

111 3551 262 3597 annorum
277 3533 382 3610 series,
398 3527 537 3598 consules
553 3553 700 3598 annorum
715 3533 900 3615 singulorum
917 3533 960 3596 sic
972 3531 1050 3610 sciri,
1065 3539 1101 3596 ut
1116 3533 1206 3597 alteri
1223 3533 1387 3600 alterorum
1401 3535 1466 3599 sint

111 3623 246 3698 indices,
269 3615 380 3686 saltem
400 3643 495 3706 usqne
512 3624 551 3686 ad
566 3623 679 3688 'liberii
695 3643 869 3700 excessum,
891 3623 1044 3705 quiscum
1066 3623 1263 3705 sequentibus
1278 3625 1466 3707 temporibus

112 3713 226 3776 nullum
242 3712 331 3776 nohis
344 3713 376 3775 in
391 3732 538 3795 praesens
554 3721 603 3778 est
618 3713 781 3796 negotium.
824 3714 933 3796 Itaque
947 3712 1110 3776 brevitatis
1126 3733 1220 3776 causa
1234 3720 1305 3778 utar
1319 3722 1354 3778 ut
1368 3715 1465 3798 pluri-

111 3821 189 3866 mum
205 3821 334 3866 numero
348 3802 462 3866 Juliani
478 3803 558 3880 anni,
574 3803 694 3866 omissis
711 3801 798 3868 Coss.

198 3901 257 3966 ΠΙ.
288 3899 389 3965 Valde
404 3921 522 3979 vereor,
542 3910 577 3966 ut
592 3921 696 3966 omnes
711 3901 842 3966 Romani
852 3898 931 3981 juris
946 3897 1129 3982 provinciae,
1149 3919 1188 3962 ne
1203 3899 1331 3964 Judaeis
1344 3901 1467 3986 quidem

112 3992 165 4056 snb
180 4011 258 4074 rege
273 3991 412 4074 precario
429 3993 566 4074 exceptis
582 3987 655 4076 (nec
672 3993 750 4056 enim
765 3989 883 4072 rexhic
900 4006 952 4054 ecs
969 4007 1061 4053 censu
1083 3989 1166 4054 orbis
1182 3991 1322 4074 excipere
1341 3983 1468 4075 potuit),

112 4103 209 4146 annos
232 4083 451 4165 imperatorum
474 4089 506 4144 et
527 4101 632 4164 regum
647 4101 702 4165 per
725 4081 864 4145 consules
886 4087 1060 4156 numerent,
1083 4080 1127 4142 sic
1148 4081 1249 4163 utqui
1271 4079 1329 4145 init
1344 4081 1477 4162 ultiurus¹

113 4173 257 4256 Augusti,
276 4171 341 4253 ejus
357 4172 510 4235 residuum
526 4194 544 4236 a
558 4172 647 4238 XIV.
664 4171 729 4237 Cel
746 4170 832 4254 Sept
848 4176 1021 4233 numeretur
1035 4188 1091 4251 pro
1106 4169 1226 4252 integro
1243 4177 1275 4234 et
1285 4170 1371 4252 justo
1387 4189 1467 4235 anno

113 4263 206 4345 primo
239 4261 373 4336 Tiberii,
404 4261 520 4325 duobus
552 4260 673 4339 Sextis,
703 4261 850 4343 Pompejo
882 4266 915 4322 et
943 4258 1075 4340 Apulejo
1108 4257 1195 4323 Coss.
1243 4259 1286 4324 Et
1308 4259 1374 4326 Cal.
1397 4258 1466 4323 Jam

114 4352 329 4436 sequentihus,
349 4351 453 4416 Druso
476 4357 508 4414 et
522 4351 667 4415 Norbano
685 4350 772 4416 Coss.
790 4351 856 4432 jam
878 4349 996 4412 dicatur
1017 4349 1093 4412 inire
1108 4349 1147 4414 IL
1163 4349 1286 4425 Tiberii,
1306 4350 1360 4412 vix
1374 4347 1468 4411 tertia

115 4445 181 4508 cuni
195 4447 290 4526 parte
313 4441 347 4504 in
367 4441 493 4522 imperio
516 4447 635 4505 exacta.
679 4441 812 4504 Videtur
832 4440 865 4503 id
886 4440 1009 4502 innuere
1029 4437 1155 4504 Tacitus
1170 4439 1283 4503 Annal
1304 4437 1360 4502 ΠΙ.
1382 4435 1468 4516 cujus

115 4534 206 4597 rerba
227 4534 325 4597 haec:
357 4539 512 4599 tisianus
527 4559 565 4597 ex
579 4541 744 4598 contumelia
763 4541 920 4596 consulatus
938 4539 1070 4594 honorem
1082 4537 1249 4610 principibus
1262 4536 1372 4610 petivit:
1386 4535 1469 4592 dixit-

118 4643 164 4698 que
176 4643 228 4699 pro
244 4621 407 4688 sententia,
428 4627 461 4676 ut
472 4622 587 4692 publicis
606 4622 776 4694 privatisque
800 4621 980 4677 monumentis
1001 4621 1036 4675 ad
1060 4619 1216 4674 memoriam
1234 4623 1387 4690 temporum
1413 4631 1470 4671 non

118 4709 253 4764 mnsnlum
268 4703 383 4761 nomina
405 4703 673 4775 praescriberentur,
695 4705 742 4759 sed
756 4719 862 4768 eorum,
883 4702 929 4774 qui
951 4699 1119 4756 tribunitiam
1139 4703 1309 4772 potestatem
1330 4702 1467 4766 gererent.

117 4787 250 4853 'liberius
278 4802 368 4862 vcro¹
383 4795 509 4848 decretas
536 4791 571 4847 ch
600 4791 769 4848 tribunitiam
790 4791 873 4850 Drusi
902 4793 1071 4863 potestatem
1102 4787 1267 4844 cerenmnias
1297 4785 1469 4854 temperarit

113 4877 190 4944 llaec
206 4875 355 4942 Tacitus.
391 4869 501 4935 Noluit
515 4889 621 4954 nempe
635 4889 751 4934 morem
765 4869 942 4935 numerandi
958 4887 1103 4932 annorum
1120 4865 1220 4947 spatia
1233 4880 1289 4944 per
1304 4858 1394 4925 Coss.
1409 4863 1466 4928 ab·
